{"gold_per_floor":[117,18,18,38,16,16,16,27,51,51,65,65,65,115,115,211,211,221,237,251,71,86,115,115,128,128,0,0,16,33,33,33,134,134,145,165,165,180,180,194,205,205,280,291,291,291,308,320,320,320],"floor_reached":51,"playtime":23036,"items_purged":["Strike_B","Strike_B"],"score":791,"play_id":"e5a32aff-00b4-4952-84a0-0ab8ab09bd52","local_time":"20181027181521","is_ascension_mode":true,"campfire_choices":[{"data":"Zap","floor":6,"key":"SMITH"},{"data":"Dualcast","floor":10,"key":"SMITH"},{"data":"Coolheaded","floor":13,"key":"SMITH"},{"data":"Conserve Battery","floor":15,"key":"SMITH"},{"floor":24,"key":"REST"},{"floor":28,"key":"REST"},{"data":"Defragment","floor":32,"key":"SMITH"},{"data":"Echo Form","floor":42,"key":"SMITH"},{"data":"Rainbow","floor":46,"key":"SMITH"},{"floor":49,"key":"REST"}],"neow_cost":"NONE","seed_source_timestamp":416180298112700,"circlet_count":0,"master_deck":["Strike_B+1","Strike_B+1","Defend_B+1","Defend_B+1","Defend_B+1","Defend_B+1","Zap+1","Dualcast+1","White Noise+1","Ball Lightning","BootSequence","Conserve Battery+1","Coolheaded+1","Go for the Eyes+1","Amplify","Barrage+1","Go for the Eyes+1","Barrage+1","Defragment+1","Conserve Battery+1","Capacitor","Compile Driver+1","Lockon+1","FTL+1","Echo Form+1","Self Repair+1","Coolheaded+1","Dark Shackles","Chrysalis","Chill+1","Go for the Eyes+1","Rainbow+1","Cold Snap+1","Defragment+1","Hologram+1","Heatsinks"],"relics":["Cracked Core","Happy Flower","Molten Egg 2","Omamori","War Paint","Nuclear Battery","Whetstone","Bag of Preparation","Inserter","Bottled Flame"],"potions_floor_usage":[1,22,23,33,33,41,47,50,50],"damage_taken":[{"damage":2,"enemies":"Jaw Worm","floor":1,"turns":3},{"damage":9,"enemies":"Small Slimes","floor":4,"turns":3},{"damage":0,"enemies":"Cultist","floor":8,"turns":3},{"damage":0,"enemies":"3 Louse","floor":11,"turns":3},{"damage":33,"enemies":"Slime Boss","floor":16,"turns":11},{"damage":21,"enemies":"Shell Parasite","floor":18,"turns":7},{"damage":2,"enemies":"Chosen","floor":19,"turns":4},{"damage":8,"enemies":"Centurion and Healer","floor":20,"turns":12},{"damage":17,"enemies":"Shelled Parasite and Fungi","floor":22,"turns":5},{"damage":12,"enemies":"Book of Stabbing","floor":23,"turns":5},{"damage":16,"enemies":"Snecko","floor":25,"turns":5},{"damage":0,"enemies":"Sentry and Sphere","floor":29,"turns":3},{"damage":2,"enemies":"Snake Plant","floor":30,"turns":3},{"damage":50,"enemies":"Collector","floor":33,"turns":11},{"damage":0,"enemies":"Orb Walker","floor":35,"turns":3},{"damage":29,"enemies":"3 Darklings","floor":36,"turns":6},{"damage":9,"enemies":"Writhing Mass","floor":38,"turns":8},{"damage":0,"enemies":"4 Shapes","floor":40,"turns":11},{"damage":11,"enemies":"Spire Growth","floor":41,"turns":6},{"damage":25,"enemies":"Writhing Mass","floor":44,"turns":6},{"damage":7,"enemies":"4 Shapes","floor":47,"turns":4},{"damage":6,"enemies":"Spire Growth","floor":48,"turns":4},{"damage":75,"enemies":"Time Eater","floor":50,"turns":13}],"seed_played":"7229190304658717598","potions_obtained":[{"floor":1,"key":"Fruit Juice"},{"floor":4,"key":"Energy Potion"},{"floor":19,"key":"Block Potion"},{"floor":23,"key":"Fruit Juice"},{"floor":30,"key":"Regen Potion"},{"floor":36,"key":"Fire Potion"},{"floor":40,"key":"Block Potion"},{"floor":41,"key":"Poison Potion"},{"floor":44,"key":"SkillPotion"}],"is_trial":false,"path_per_floor":["M","$","?","M","$","R","?","M","T","R","M","?","R","T","R","B",null,"M","M","M","$","M","E","R","M","T","?","R","M","M","?","R","B",null,"M","M","?","M","$","M","M","R","T","M","?","R","M","M","R","B"],"character_chosen":"DEFECT","items_purchased":["Ball Lightning","Conserve Battery","Defragment"],"campfire_rested":3,"item_purchase_floors":[2,5,21],"current_hp_per_floor":[78,78,78,69,69,69,69,69,69,69,69,69,69,69,69,36,69,48,46,38,38,21,14,39,23,23,23,48,48,46,46,46,11,67,67,58,53,54,54,74,73,73,73,58,58,58,51,55,80,5],"gold":320,"neow_bonus":"RANDOM_COMMON_RELIC","is_prod":false,"is_daily":false,"chose_seed":false,"campfire_upgraded":7,"win_rate":0,"timestamp":1540678521,"path_taken":["M","$","?","M","$","R","?","M","T","R","M","?","R","?","R","BOSS","M","M","M","$","?","E","R","M","T","?","R","M","M","?","R","BOSS","M","M","?","M","$","M","M","R","T","?","?","R","M","M","R","BOSS"],"build_version":"2018-10-25v2","purchased_purges":2,"victory":true,"max_hp_per_floor":[80,80,80,80,80,80,80,80,80,80,80,80,80,80,80,80,80,80,80,80,80,80,85,85,85,85,85,85,85,85,85,85,85,85,85,85,85,85,85,85,85,85,85,85,85,85,85,85,85,85],"card_choices":[{"not_picked":["Stack","Double Energy"],"picked":"White Noise","floor":1},{"not_picked":["Rebound+1","Steam"],"picked":"BootSequence","floor":4},{"not_picked":["Stack","Leap"],"picked":"Coolheaded","floor":8},{"not_picked":["Hologram","Leap"],"picked":"Go for the Eyes+1","floor":11},{"not_picked":["Rainbow","Reboot"],"picked":"Amplify","floor":16},{"not_picked":["Redo","White Noise"],"picked":"Barrage+1","floor":18},{"not_picked":["Barrage+1","Cold Snap+1"],"picked":"Go for the Eyes+1","floor":19},{"not_picked":["Streamline+1","White Noise"],"picked":"Barrage+1","floor":20},{"not_picked":["Chaos","Barrage+1"],"picked":"Conserve Battery+1","floor":22},{"not_picked":["Compile Driver+1","Amplify"],"picked":"Capacitor","floor":23},{"not_picked":["Hologram","Barrage+1"],"picked":"Compile Driver+1","floor":25},{"not_picked":["Steam","Reprogram"],"picked":"Lockon+1","floor":29},{"not_picked":["Beam Cell+1","Streamline+1"],"picked":"FTL+1","floor":30},{"not_picked":["Hyperbeam+1","All For One+1"],"picked":"Echo Form","floor":33},{"not_picked":["Hologram","Lockon+1"],"picked":"Self Repair+1","floor":35},{"not_picked":["Reprogram+1","Streamline+1"],"picked":"Coolheaded+1","floor":36},{"not_picked":["Blind","Panacea"],"picked":"Dark Shackles","floor":37},{"not_picked":["Mayhem","Dark Shackles"],"picked":"Chrysalis","floor":37},{"not_picked":["Go for the Eyes+1","Beam Cell+1"],"picked":"Chill+1","floor":38},{"not_picked":["Cold Snap+1","Beam Cell+1"],"picked":"Go for the Eyes+1","floor":40},{"not_picked":["Scrape+1","Leap+1"],"picked":"Rainbow","floor":41},{"not_picked":["Streamline+1","Steam Power"],"picked":"Cold Snap+1","floor":44},{"not_picked":["Scrape+1","Leap+1"],"picked":"Hologram+1","floor":47},{"not_picked":["Steam+1","Redo"],"picked":"Heatsinks","floor":48}],"player_experience":1464728,"relics_obtained":[{"floor":9,"key":"Omamori"},{"floor":14,"key":"War Paint"},{"floor":23,"key":"Whetstone"},{"floor":26,"key":"Bag of Preparation"},{"floor":43,"key":"Bottled Flame"}],"event_choices":[{"damage_healed":0,"gold_gain":0,"player_choice":"Box","damage_taken":0,"relics_obtained":["Molten Egg 2"],"max_hp_gain":0,"max_hp_loss":0,"event_name":"Big Fish","floor":3,"gold_loss":0,"cards_obtained":["Regret"]},{"cards_removed":["Regret"],"damage_healed":0,"gold_gain":0,"player_choice":"Forget","damage_taken":0,"max_hp_gain":0,"max_hp_loss":0,"event_name":"Living Wall","floor":7,"gold_loss":0},{"damage_healed":0,"gold_gain":0,"player_choice":"Bought 0 Potions","damage_taken":0,"max_hp_gain":0,"max_hp_loss":0,"event_name":"The Woman in Blue","floor":12,"gold_loss":0},{"damage_healed":0,"gold_gain":0,"player_choice":"Paid Fearfully","damage_taken":0,"max_hp_gain":0,"max_hp_loss":0,"event_name":"Masked Bandits","floor":27,"gold_loss":128},{"damage_healed":0,"gold_gain":0,"player_choice":"Simplicity","damage_taken":0,"max_hp_gain":0,"max_hp_loss":0,"event_name":"Back to Basics","floor":31,"gold_loss":0,"cards_upgraded":["Defend_B","Defend_B","Defend_B"]},{"damage_healed":0,"gold_gain":0,"player_choice":"Memory 2","damage_taken":5,"max_hp_gain":0,"max_hp_loss":0,"event_name":"SensoryStone","floor":37,"gold_loss":0},{"damage_healed":0,"gold_gain":0,"player_choice":"Copied","damage_taken":0,"max_hp_gain":0,"max_hp_loss":0,"event_name":"Duplicator","floor":45,"gold_loss":0,"cards_obtained":["Defragment"]}],"is_beta":false,"boss_relics":[{"not_picked":["White Beast Statue","Lizard Tail"],"picked":"Nuclear Battery"},{"not_picked":["Busted Crown","Astrolabe"],"picked":"Inserter"}],"items_purged_floors":[2,21],"is_endless":false,"potions_floor_spawned":[1,4,19,23,30,36,40,41,44],"ascension_level":5}