{"gold_per_floor":[369,369,52,52,1,1,15,27,54,54,74,104,104,104,104,203,203,223,243,143,143,143],"floor_reached":22,"playtime":824,"items_purged":["Defend_R","Regret"],"score":249,"play_id":"1870b5f6-728c-4ba4-b281-04178893fac0","local_time":"20190102180006","is_ascension_mode":true,"campfire_choices":[{"data":"Rampage","floor":6.0,"key":"SMITH"},{"data":"Spot Weakness","floor":10.0,"key":"SMITH"},{"floor":15.0,"key":"REST"}],"neow_cost":"PERCENT_DAMAGE","seed_source_timestamp":0,"circlet_count":0,"master_deck":["Strike_R","Strike_R+1","Defend_R","Defend_R","Bash","Clash","Rampage+1","Spot Weakness+1","Heel Hook+1","Deflect","Pain","Hyperbeam","Spot Weakness+1","Rampage+1","Dark Embrace+1","Hologram","Metallicize"],"special_seed":0,"relics":["Burning Blood","PrismaticShard","Ice Cream","Red Skull","Orichalcum","WarpedTongs","Astrolabe"],"potions_floor_usage":[18,22],"damage_taken":[{"damage":11.0,"enemies":"2 Louse","floor":1.0,"turns":3.0},{"damage":10.0,"enemies":"Cultist","floor":7.0,"turns":4.0},{"damage":7.0,"enemies":"Small Slimes","floor":8.0,"turns":3.0},{"damage":3.0,"enemies":"2 Fungi Beasts","floor":11.0,"turns":3.0},{"damage":43.0,"enemies":"The Guardian","floor":16.0,"turns":8.0},{"damage":36,"enemies":"2 Thieves","floor":18,"turns":3},{"damage":25,"enemies":"Spheric Guardian","floor":19,"turns":4},{"damage":6,"enemies":"Centurion and Healer","floor":22,"turns":3}],"seed_played":"-7697855559037382417","potions_obtained":[{"floor":8.0,"key":"Ancient Potion"},{"floor":11.0,"key":"LiquidBronze"},{"floor":16.0,"key":"PowerPotion"},{"floor":18,"key":"LiquidBronze"},{"floor":19,"key":"PowerPotion"}],"is_trial":false,"path_per_floor":["M","?","$","?","?","R","M","M","T","R","M","?","?","?","R","B",null,"M","M","$","?","M"],"character_chosen":"IRONCLAD","items_purchased":["PrismaticShard","Rampage"],"campfire_rested":1,"item_purchase_floors":[3,3],"current_hp_per_floor":[46,46,46,46,46,46,42,41,41,41,44,44,28,28,52,15,64,34,15,15,6,0],"gold":143,"neow_bonus":"TWO_FIFTY_GOLD","is_prod":false,"is_daily":false,"chose_seed":false,"campfire_upgraded":2,"win_rate":0,"timestamp":1546470006,"path_taken":["M","?","$","?","?","R","M","?","T","R","M","?","?","?","R","BOSS","M","?","$","?","M"],"build_version":"2018-12-20","purchased_purges":2,"victory":false,"max_hp_per_floor":[80,80,80,80,80,80,80,80,80,80,80,80,80,80,80,80,80,80,80,80,80,80],"card_choices":[{"not_picked":["Warcry","Wild Strike","Havoc"],"picked":"SKIP","floor":1.0},{"not_picked":["Steam","Deflect"],"picked":"Spot Weakness","floor":7.0},{"not_picked":["Iron Wave","Enlightenment"],"picked":"Heel Hook","floor":8.0},{"not_picked":["Anger","True Grit"],"picked":"Deflect","floor":11.0},{"not_picked":["Feed","Berserk"],"picked":"Hyperbeam","floor":16.0},{"not_picked":["Dagger Throw+1","Beam Cell+1"],"picked":"Hologram","floor":18},{"not_picked":["Enlightenment","Concentrate"],"picked":"Metallicize","floor":19}],"player_experience":1648440,"relics_obtained":[{"floor":9.0,"key":"Orichalcum"}],"event_choices":[{"damage_healed":0.0,"max_hp_gain":0.0,"max_hp_loss":0.0,"gold_gain":0.0,"cards_transformed":["Strike_R"],"event_name":"Living Wall","player_choice":"Change","floor":2.0,"gold_loss":0.0,"damage_taken":0.0,"cards_obtained":["Clash"]},{"damage_healed":0.0,"max_hp_gain":0.0,"max_hp_loss":0.0,"gold_gain":0.0,"event_name":"Big Fish","player_choice":"Box","floor":4.0,"gold_loss":0.0,"damage_taken":0.0,"relics_obtained":["Ice Cream"],"cards_obtained":["Regret"]},{"damage_healed":0.0,"max_hp_gain":0.0,"max_hp_loss":0.0,"gold_gain":0.0,"event_name":"WeMeetAgain","player_choice":"Paid Gold","floor":5.0,"gold_loss":51.0,"damage_taken":0.0,"relics_obtained":["Red Skull"]},{"damage_healed":0.0,"max_hp_gain":0.0,"max_hp_loss":0.0,"gold_gain":30.0,"event_name":"Dead Adventurer","player_choice":"Searched \u00272\u0027 times","floor":12.0,"gold_loss":0.0,"damage_taken":0.0},{"damage_healed":0.0,"max_hp_gain":0.0,"max_hp_loss":0.0,"gold_gain":0.0,"event_name":"Shining Light","player_choice":"Entered Light","floor":13.0,"gold_loss":0.0,"damage_taken":16.0,"cards_upgraded":["Strike_R","Heel Hook"]},{"damage_healed":0.0,"max_hp_gain":0.0,"max_hp_loss":0.0,"gold_gain":0.0,"event_name":"Accursed Blacksmith","player_choice":"Rummage","floor":14.0,"gold_loss":0.0,"damage_taken":0.0,"relics_obtained":["WarpedTongs"],"cards_obtained":["Pain"]},{"damage_healed":0,"gold_gain":0,"player_choice":"Stopped","damage_taken":9,"max_hp_gain":0,"max_hp_loss":0,"event_name":"Cursed Tome","floor":21,"gold_loss":0}],"is_beta":false,"boss_relics":[{"not_picked":["Ectoplasm","Fusion Hammer"],"picked":"Astrolabe"}],"items_purged_floors":[3,20],"is_endless":false,"potions_floor_spawned":[8,11,16,18,19],"killed_by":"Centurion and Healer","ascension_level":9}