{"gold_per_floor":[369,544,208,158,174,174,199,176,176,192,202,235,251,266,266,364,364,374,191,208,208,248,248,318,10,37,82,120,51,51,51,51,51],"floor_reached":33,"playtime":7616,"items_purged":["Doubt"],"score":388,"play_id":"34306a2e-aa12-4f20-8778-4e7336502649","local_time":"20190313221927","is_ascension_mode":true,"campfire_choices":[{"data":"Sunder","floor":6.0,"key":"SMITH"},{"floor":15.0,"key":"REST"},{"floor":23,"key":"REST"},{"floor":32,"key":"REST"}],"neow_cost":"CURSE","seed_source_timestamp":0,"circlet_count":0,"master_deck":["Strike_B","Strike_B","Strike_B","Strike_B","Defend_B","Defend_B","Defend_B","Defend_B","Zap","Dualcast","Sunder+1","Glacier","Biased Cognition","Cold Snap+1","Electrodynamics","Melter+1","HandOfGreed+1","Coolheaded","Conserve Battery+1","Defragment","Self Repair","Blizzard+1","Capacitor","Decay"],"special_seed":0,"relics":["Cracked Core","Singing Bowl","Du-Vu Doll","Molten Egg 2","Pear","Velvet Choker","Bottled Tornado","Anchor"],"potions_floor_usage":[28],"damage_taken":[{"damage":6.0,"enemies":"Jaw Worm","floor":1.0,"turns":4.0},{"damage":0.0,"enemies":"Small Slimes","floor":5.0,"turns":2.0},{"damage":25.0,"enemies":"Lagavulin","floor":7.0,"turns":7.0},{"damage":0.0,"enemies":"2 Louse","floor":10.0,"turns":1.0},{"damage":10.0,"enemies":"Blue Slaver","floor":11.0,"turns":3.0},{"damage":20.0,"enemies":"3 Sentries","floor":12.0,"turns":9.0},{"damage":0.0,"enemies":"Red Slaver","floor":13.0,"turns":5.0},{"damage":5.0,"enemies":"3 Louse","floor":14.0,"turns":3.0},{"damage":18.0,"enemies":"Slime Boss","floor":16.0,"turns":11.0},{"damage":11,"enemies":"2 Thieves","floor":18,"turns":4},{"damage":15,"enemies":"Shell Parasite","floor":20,"turns":4},{"damage":10,"enemies":"3 Cultists","floor":22,"turns":3},{"damage":23,"enemies":"Chosen and Byrds","floor":24,"turns":5},{"damage":0,"enemies":"Cultist and Chosen","floor":27,"turns":4},{"damage":17,"enemies":"Snecko","floor":28,"turns":6},{"damage":71,"enemies":"Collector","floor":33,"turns":11}],"seed_played":"8330276789519333984","potions_obtained":[{"floor":11.0,"key":"Swift Potion"},{"floor":12.0,"key":"Regen Potion"},{"floor":13.0,"key":"Explosive Potion"},{"floor":16.0,"key":"SteroidPotion"},{"floor":24,"key":"EssenceOfSteel"},{"floor":28,"key":"Weak Potion"}],"is_trial":false,"path_per_floor":["M","?","$","?","M","R","E","?","T","M","M","E","M","M","R","B",null,"M","$","M","?","M","R","M","$","T","M","M","$","?","$","R","B"],"character_chosen":"DEFECT","items_purchased":["Singing Bowl","HandOfGreed+1","Bottled Tornado","Defragment","Capacitor"],"campfire_rested":3,"item_purchase_floors":[3,19,25,25,29],"current_hp_per_floor":[62,62,62,62,62,62,39,39,39,41,31,23,25,20,47,44,81,70,70,55,46,36,63,42,42,42,42,32,32,32,32,60,0],"gold":51,"neow_bonus":"TWO_FIFTY_GOLD","is_prod":false,"is_daily":false,"chose_seed":false,"campfire_upgraded":1,"win_rate":0,"timestamp":1552529967,"path_taken":["M","?","$","?","M","R","E","?","T","M","M","E","M","M","R","BOSS","M","$","M","?","M","R","M","$","T","?","M","?","?","$","R","BOSS"],"build_version":"2019-01-23","purchased_purges":1,"victory":false,"max_hp_per_floor":[75,75,75,75,75,75,77,77,77,79,79,91,93,93,93,93,93,93,93,93,93,93,93,95,95,95,95,95,95,95,95,95,95],"card_choices":[{"not_picked":["Chill","Barrage"],"picked":"Sunder","floor":1.0},{"not_picked":["Force Field","Reinforced Body"],"picked":"Glacier","floor":5.0},{"not_picked":["Go for the Eyes","Skim","Turbo"],"picked":"Singing Bowl","floor":7.0},{"not_picked":["Sweeping Beam+1","Streamline+1","Hologram"],"picked":"Singing Bowl","floor":10.0},{"not_picked":["Ball Lightning+1","Coolheaded"],"picked":"Biased Cognition","floor":11.0},{"not_picked":["Genetic Algorithm","Reprogram","Compile Driver+1"],"picked":"Singing Bowl","floor":12.0},{"not_picked":["Steam","Steam Power","Beam Cell+1"],"picked":"Singing Bowl","floor":13.0},{"not_picked":["Steam","Gash+1"],"picked":"Cold Snap+1","floor":14.0},{"not_picked":["Core Surge+1","Buffer"],"picked":"Electrodynamics","floor":16.0},{"not_picked":["Leap","Glacier"],"picked":"Melter+1","floor":18},{"not_picked":["Glacier","Chaos"],"picked":"Coolheaded","floor":20},{"not_picked":["Lockon+1","Cold Snap+1"],"picked":"Conserve Battery+1","floor":22},{"not_picked":["Barrage+1","Beam Cell+1","Reprogram+1"],"picked":"Singing Bowl","floor":24},{"not_picked":["Turbo","Compile Driver+1"],"picked":"Self Repair","floor":27},{"not_picked":["Hello World","Streamline+1"],"picked":"Blizzard+1","floor":28}],"player_experience":2401317,"relics_obtained":[{"floor":7.0,"key":"Du-Vu Doll"},{"floor":9.0,"key":"Molten Egg 2"},{"floor":12.0,"key":"Pear"},{"floor":26,"key":"Anchor"}],"event_choices":[{"damage_healed":0.0,"max_hp_gain":0.0,"max_hp_loss":0.0,"gold_gain":175.0,"event_name":"Liars Game","player_choice":"AGREE","floor":2.0,"gold_loss":0.0,"damage_taken":0.0,"cards_obtained":["Doubt"]},{"cards_removed":["Injury"],"damage_healed":0.0,"max_hp_gain":0.0,"max_hp_loss":0.0,"gold_gain":0.0,"event_name":"The Cleric","player_choice":"Card Removal","floor":4.0,"gold_loss":50.0,"damage_taken":0.0},{"damage_healed":0.0,"max_hp_gain":0.0,"max_hp_loss":0.0,"gold_gain":0.0,"event_name":"World of Goop","player_choice":"Left Gold","floor":8.0,"gold_loss":23.0,"damage_taken":0.0},{"damage_healed":0,"gold_gain":0,"player_choice":"Damaged","damage_taken":9,"max_hp_gain":0,"max_hp_loss":0,"event_name":"Wheel of Change","floor":21,"gold_loss":0},{"damage_healed":0,"gold_gain":0,"player_choice":"Smashed Altar","damage_taken":0,"max_hp_gain":0,"max_hp_loss":0,"event_name":"Forgotten Altar","floor":30,"gold_loss":0,"cards_obtained":["Decay"]}],"is_beta":false,"boss_relics":[{"not_picked":["Tiny House","Lizard Tail"],"picked":"Velvet Choker"}],"items_purged_floors":[3],"is_endless":false,"potions_floor_spawned":[11,12,13,16,24,28],"killed_by":"Collector","ascension_level":8}