{"gold_per_floor":[113,123,133,150,162,162,188,188,188,204,238,238,2,2,2,2],"floor_reached":16,"playtime":459,"items_purged":["Strike_R"],"score":207,"play_id":"f9b599df-8498-451c-8a58-fbea6c1611e7","local_time":"20190503121623","is_ascension_mode":true,"campfire_choices":[{"data":"Offering","floor":6,"key":"SMITH"},{"data":"Immolate","floor":8,"key":"SMITH"},{"data":"Bash","floor":15,"key":"SMITH"}],"neow_cost":"NONE","seed_source_timestamp":1029973844408510,"circlet_count":0,"master_deck":["AscendersBane","Strike_R","Strike_R","Strike_R","Defend_R","Defend_R","Defend_R","Defend_R","Bash+1","Offering+1","Sword Boomerang","Anger","Immolate+1","Pommel Strike","Metallicize","Battle Trance"],"relics":["Burning Blood","Bag of Preparation","The Courier","Bottled Tornado","HandDrill"],"potions_floor_usage":[7,11,16],"damage_taken":[{"damage":9,"enemies":"2 Louse","floor":1,"turns":3},{"damage":12,"enemies":"Cultist","floor":2,"turns":3},{"damage":6,"enemies":"Small Slimes","floor":3,"turns":2},{"damage":7,"enemies":"Looter","floor":4,"turns":2},{"damage":1,"enemies":"Exordium Thugs","floor":5,"turns":3},{"damage":12,"enemies":"Gremlin Nob","floor":7,"turns":3},{"damage":4,"enemies":"2 Fungi Beasts","floor":10,"turns":3},{"damage":25,"enemies":"3 Sentries","floor":11,"turns":4},{"damage":46,"enemies":"Hexaghost","floor":16,"turns":9}],"seed_played":"5510247298019800447","potions_obtained":[{"floor":1,"key":"Ancient Potion"},{"floor":3,"key":"EssenceOfSteel"},{"floor":5,"key":"Block Potion"},{"floor":10,"key":"Dexterity Potion"},{"floor":11,"key":"Explosive Potion"}],"is_trial":false,"path_per_floor":["M","M","M","M","M","R","E","R","T","M","E","?","$","?","R","B"],"character_chosen":"IRONCLAD","items_purchased":["HandDrill"],"campfire_rested":0,"item_purchase_floors":[13],"current_hp_per_floor":[65,59,59,58,63,63,57,57,57,59,40,45,45,45,45,0],"gold":2,"neow_bonus":"ONE_RANDOM_RARE_CARD","is_prod":false,"is_daily":false,"chose_seed":false,"campfire_upgraded":3,"win_rate":0,"timestamp":1556878583,"path_taken":["M","M","M","M","M","R","E","R","T","M","E","?","$","?","R","BOSS"],"build_version":"2019-04-23","purchased_purges":1,"victory":false,"max_hp_per_floor":[75,75,75,75,75,75,75,75,75,75,75,80,80,80,80,80],"card_choices":[{"not_picked":["Rage","Thunderclap"],"picked":"Sword Boomerang","floor":1},{"not_picked":["Perfected Strike","True Grit"],"picked":"Anger","floor":2},{"not_picked":["Headbutt","Battle Trance"],"picked":"Immolate","floor":3},{"not_picked":["Clash","Havoc","Heavy Blade"],"picked":"SKIP","floor":4},{"not_picked":["Power Through","True Grit"],"picked":"Pommel Strike","floor":5},{"not_picked":["Entrench","Twin Strike"],"picked":"Metallicize","floor":7},{"not_picked":["Warcry","Reckless Charge","True Grit"],"picked":"SKIP","floor":10},{"not_picked":["True Grit","Carnage"],"picked":"Battle Trance","floor":11}],"player_experience":1449951,"relics_obtained":[{"floor":7,"key":"Bag of Preparation"},{"floor":9,"key":"The Courier"},{"floor":11,"key":"Bottled Tornado"}],"event_choices":[{"damage_healed":0,"gold_gain":0,"player_choice":"Donut","damage_taken":0,"max_hp_gain":5,"max_hp_loss":0,"event_name":"Big Fish","floor":12,"gold_loss":0},{"cards_removed":["Strike_R"],"damage_healed":0,"gold_gain":0,"player_choice":"Offered Basic","damage_taken":0,"max_hp_gain":0,"max_hp_loss":0,"event_name":"Bonfire Elementals","floor":14,"gold_loss":0}],"is_beta":true,"boss_relics":[],"items_purged_floors":[13],"is_endless":false,"potions_floor_spawned":[1,3,5,10,11],"killed_by":"Hexaghost","ascension_level":17}