{"gold_per_floor":[218,238,313,324,130,130,163,182,208,242,242,252,264,264,264,335,335,352,363,157,157,171,171,200,200,226,165,191,191,191,191,191,262,262,273,36,136,147,147,147,181,181,258,587,606,606,606,623,623,623],"floor_reached":50,"playtime":2236,"items_purged":[],"score":1124,"play_id":"44b814fa-b134-4f36-abcb-d11ff2d1fa73","local_time":"20190501104851","is_ascension_mode":true,"campfire_choices":[{"data":"Bash","floor":6.0,"key":"SMITH"},{"floor":11.0,"key":"REST"},{"floor":15.0,"key":"REST"},{"data":"Perfected Strike","floor":23.0,"key":"SMITH"},{"floor":25.0,"key":"REST"},{"floor":30.0,"key":"REST"},{"floor":32.0,"key":"REST"},{"floor":40,"key":"REST"},{"floor":42,"key":"REST"},{"data":"Apotheosis","floor":47,"key":"SMITH"},{"floor":49,"key":"REST"}],"neow_cost":"NONE","seed_source_timestamp":0,"circlet_count":0,"master_deck":["AscendersBane","Strike_R","Strike_R","Strike_R","Strike_R","Strike_R","Defend_R+1","Defend_R","Defend_R","Defend_R+1","Bash+1","Iron Wave","Shrug It Off","Perfected Strike+1","Apotheosis+1","Clothesline","Twin Strike","Impervious","Offering","Twin Strike","Pommel Strike","Perfected Strike","Wild Strike+1","Double Tap","Perfected Strike+1","Pommel Strike+1","Battle Trance","Flame Barrier","Perfected Strike+1","Pommel Strike+1","Battle Trance","Pommel Strike+1","Twin Strike+1","Feed+1","Twin Strike+1","Twin Strike+1","Writhe"],"special_seed":0,"relics":["Burning Blood","Happy Flower","Juzu Bracelet","War Paint","Mark of Pain","Lee\u0027s Waffle","Dream Catcher","Blood Vial","Sundial","Orichalcum","Molten Egg 2","MutagenicStrength","Orrery","Bag of Marbles","Calipers","Smiling Mask","Singing Bowl","Old Coin"],"potions_floor_usage":[33,45,48],"damage_taken":[{"damage":7.0,"enemies":"Jaw Worm","floor":1.0,"turns":5.0},{"damage":6.0,"enemies":"Small Slimes","floor":2.0,"turns":5.0},{"damage":6.0,"enemies":"2 Louse","floor":4.0,"turns":4.0},{"damage":22.0,"enemies":"Lagavulin","floor":7.0,"turns":6.0},{"damage":13.0,"enemies":"Gremlin Gang","floor":8.0,"turns":6.0},{"damage":26.0,"enemies":"Gremlin Nob","floor":10.0,"turns":4.0},{"damage":21.0,"enemies":"Exordium Thugs","floor":12.0,"turns":3.0},{"damage":6.0,"enemies":"Looter","floor":13.0,"turns":3.0},{"damage":36.0,"enemies":"The Guardian","floor":16.0,"turns":12.0},{"damage":11.0,"enemies":"Spheric Guardian","floor":18.0,"turns":3.0},{"damage":13.0,"enemies":"3 Byrds","floor":19.0,"turns":5.0},{"damage":9.0,"enemies":"Centurion and Healer","floor":22.0,"turns":7.0},{"damage":52.0,"enemies":"Slavers","floor":24.0,"turns":8.0},{"damage":32.0,"enemies":"Gremlin Leader","floor":28.0,"turns":4.0},{"damage":61,"enemies":"Collector","floor":33,"turns":9},{"damage":49,"enemies":"3 Darklings","floor":35,"turns":5},{"damage":17,"enemies":"Mind Bloom Boss Battle","floor":37,"turns":6},{"damage":7,"enemies":"3 Shapes","floor":38,"turns":4},{"damage":14,"enemies":"Giant Head","floor":41,"turns":5},{"damage":42,"enemies":"Reptomancer","floor":44,"turns":4},{"damage":12,"enemies":"Jaw Worm Horde","floor":45,"turns":1},{"damage":30,"enemies":"Maw","floor":48,"turns":4},{"damage":63,"enemies":"Donu and Deca","floor":50,"turns":3}],"seed_played":"6330541429844338093","potions_obtained":[{"floor":2.0,"key":"Energy Potion"},{"floor":7.0,"key":"SkillPotion"},{"floor":12.0,"key":"Dexterity Potion"},{"floor":16.0,"key":"Fire Potion"},{"floor":18.0,"key":"SkillPotion"},{"floor":37,"key":"SpeedPotion"},{"floor":44,"key":"SkillPotion"},{"floor":45,"key":"BloodPotion"}],"is_trial":false,"path_per_floor":["M","M","?","M","$","R","E","M","T","E","R","M","M","?","R","B",null,"M","M","$","?","M","R","E","R","T","?","E","T","R","?","R","B",null,"M","$","?","M","?","R","E","R","T","E","M","?","R","M","R","B"],"character_chosen":"IRONCLAD","items_purchased":["Apotheosis","Lee\u0027s Waffle","Battle Trance","Bag of Marbles"],"campfire_rested":8,"item_purchase_floors":[5,20,36,36],"current_hp_per_floor":[67,67,56,56,56,56,40,33,33,13,35,20,20,20,42,12,59,54,47,82,82,79,79,33,57,57,57,33,33,57,57,81,27,68,27,27,18,19,19,43,37,61,61,27,25,42,42,30,57,0],"gold":623,"neow_bonus":"HUNDRED_GOLD","is_prod":false,"is_daily":false,"chose_seed":false,"campfire_upgraded":3,"win_rate":0,"timestamp":1556700531,"path_taken":["M","M","?","M","$","R","E","M","T","E","R","M","M","?","R","BOSS","M","M","$","?","M","R","E","R","T","?","E","?","R","?","R","BOSS","M","$","?","M","?","R","E","R","T","E","M","?","R","M","R","BOSS"],"build_version":"2019-04-23","purchased_purges":0,"victory":false,"max_hp_per_floor":[75,75,75,75,75,75,75,75,75,75,75,75,75,75,75,75,75,75,75,82,82,82,82,82,82,82,82,82,82,82,82,82,82,82,82,82,82,82,82,82,82,82,82,82,84,84,84,86,88,88],"card_choices":[{"not_picked":["Headbutt","True Grit"],"picked":"Iron Wave","floor":1.0},{"not_picked":["Battle Trance","Anger"],"picked":"Shrug It Off","floor":2.0},{"not_picked":["Pommel Strike","True Grit"],"picked":"Perfected Strike","floor":4.0},{"not_picked":["Body Slam","Double Tap"],"picked":"Clothesline","floor":7.0},{"not_picked":["Sentinel","Flex"],"picked":"Twin Strike","floor":8.0},{"not_picked":["Searing Blow","Armaments","Hemokinesis"],"picked":"SKIP","floor":10.0},{"not_picked":["Armaments","Anger","Warcry"],"picked":"SKIP","floor":12.0},{"not_picked":["Armaments","Wild Strike"],"picked":"Impervious","floor":13.0},{"not_picked":["Immolate","Berserk"],"picked":"Offering","floor":16.0},{"not_picked":["Cleave","Armaments"],"picked":"Twin Strike","floor":18.0},{"not_picked":["Thunderclap","Clothesline","Carnage"],"picked":"SKIP","floor":19.0},{"not_picked":["Pummel","Intimidate","Body Slam"],"picked":"SKIP","floor":22.0},{"not_picked":["Iron Wave","Dark Embrace"],"picked":"Pommel Strike","floor":24.0},{"not_picked":["Clothesline","Body Slam"],"picked":"Perfected Strike","floor":25.0},{"not_picked":["Blood for Blood+1","Bloodletting","Combust"],"picked":"SKIP","floor":28.0},{"not_picked":["Havoc+1","True Grit"],"picked":"Wild Strike+1","floor":32.0},{"not_picked":["Juggernaut","Fiend Fire+1"],"picked":"Double Tap","floor":33},{"not_picked":["Seeing Red+1","Shrug It Off"],"picked":"Perfected Strike+1","floor":34},{"not_picked":["Corruption","True Grit+1"],"picked":"Pommel Strike+1","floor":34},{"not_picked":["Flex","Heavy Blade+1"],"picked":"Battle Trance","floor":34},{"not_picked":["Iron Wave+1","Corruption"],"picked":"Flame Barrier","floor":34},{"not_picked":["True Grit+1","Cleave+1"],"picked":"Perfected Strike+1","floor":34},{"not_picked":["Spot Weakness","Rupture"],"picked":"Pommel Strike+1","floor":35},{"not_picked":["Armaments","Iron Wave+1"],"picked":"Pommel Strike+1","floor":37},{"not_picked":["Body Slam+1","Exhume"],"picked":"Twin Strike+1","floor":38},{"not_picked":["Pummel+1","Iron Wave+1"],"picked":"Feed+1","floor":41},{"not_picked":["Havoc","Battle Trance+1"],"picked":"Twin Strike+1","floor":42},{"not_picked":["Clothesline+1","Fiend Fire+1"],"picked":"Twin Strike+1","floor":44},{"not_picked":["Shrug It Off","Disarm","Entrench"],"picked":"Singing Bowl","floor":45},{"not_picked":["Disarm+1","Burning Pact","Rage+1"],"picked":"Singing Bowl","floor":48},{"not_picked":["Sword Boomerang+1","True Grit","Fire Breathing"],"picked":"Singing Bowl","floor":49}],"player_experience":1379636,"relics_obtained":[{"floor":7.0,"key":"Happy Flower"},{"floor":9.0,"key":"Juzu Bracelet"},{"floor":10.0,"key":"War Paint"},{"floor":24.0,"key":"Dream Catcher"},{"floor":26.0,"key":"Blood Vial"},{"floor":28.0,"key":"Orichalcum"},{"floor":29.0,"key":"Molten Egg 2"},{"floor":37,"key":"Calipers"},{"floor":41,"key":"Smiling Mask"},{"floor":43,"key":"Singing Bowl"},{"floor":44,"key":"Old Coin"}],"event_choices":[{"damage_healed":0.0,"max_hp_gain":0.0,"max_hp_loss":0.0,"gold_gain":75.0,"event_name":"World of Goop","player_choice":"Gather Gold","floor":3.0,"gold_loss":0.0,"damage_taken":11.0},{"damage_healed":0.0,"max_hp_gain":0.0,"max_hp_loss":0.0,"gold_gain":0.0,"event_name":"Liars Game","player_choice":"Ignored","floor":14.0,"gold_loss":0.0,"damage_taken":0.0},{"damage_healed":0.0,"max_hp_gain":0.0,"max_hp_loss":0.0,"gold_gain":0.0,"event_name":"Purifier","player_choice":"Ignored","floor":21.0,"gold_loss":0.0,"damage_taken":0.0},{"damage_healed":0.0,"max_hp_gain":0.0,"max_hp_loss":0.0,"gold_gain":0.0,"event_name":"WeMeetAgain","player_choice":"Paid Gold","floor":27.0,"gold_loss":61.0,"damage_taken":0.0,"relics_obtained":["Sundial"]},{"damage_healed":0.0,"max_hp_gain":0.0,"max_hp_loss":0.0,"gold_gain":0.0,"event_name":"Drug Dealer","player_choice":"Inject Mutagens","floor":31.0,"gold_loss":0.0,"damage_taken":0.0,"relics_obtained":["MutagenicStrength"]},{"damage_healed":0,"gold_gain":0,"player_choice":"Fight","damage_taken":0,"max_hp_gain":0,"max_hp_loss":0,"event_name":"MindBloom","floor":37,"gold_loss":0},{"damage_healed":0,"gold_gain":0,"player_choice":"Ignored","damage_taken":0,"max_hp_gain":0,"max_hp_loss":0,"event_name":"Mysterious Sphere","floor":39,"gold_loss":0},{"damage_healed":17,"gold_gain":0,"player_choice":"Writhe","damage_taken":0,"max_hp_gain":0,"max_hp_loss":0,"event_name":"Winding Halls","floor":46,"gold_loss":0,"cards_obtained":["Writhe"]}],"is_beta":true,"boss_relics":[{"not_picked":["Eternal Feather","Busted Crown"],"picked":"Mark of Pain"},{"not_picked":["Lizard Tail","Fusion Hammer"],"picked":"Orrery"}],"items_purged_floors":[],"is_endless":false,"potions_floor_spawned":[2,7,12,16,18,24,37,44,45],"killed_by":"Donu and Deca","ascension_level":15}