{"gold_per_floor":[109,129,141,141,157,175,175,187,187,187,204,234,234],"floor_reached":13,"playtime":1500,"items_purged":[],"score":103,"play_id":"35c43a67-d851-4b23-a13c-f3d308e91f92","local_time":"20181029140751","is_ascension_mode":true,"campfire_choices":[{"floor":10,"key":"REST"}],"neow_cost":"NONE","seed_source_timestamp":595652127074000,"circlet_count":0,"master_deck":["Strike_B","Strike_B","Strike_B","Strike_B","Defend_B+1","Defend_B+1","Defend_B","Defend_B","Zap","Dualcast","Reinforced Body","Capacitor","Coolheaded","Pain","Compile Driver","Heatsinks","Leap","Hello World"],"relics":["Cracked Core","WarpedTongs","Bag of Marbles","Tiny Chest"],"potions_floor_usage":[11,13],"damage_taken":[{"damage":9,"enemies":"Jaw Worm","floor":1,"turns":3},{"damage":1,"enemies":"Cultist","floor":2,"turns":3},{"damage":0,"enemies":"2 Louse","floor":3,"turns":4},{"damage":5,"enemies":"Red Slaver","floor":5,"turns":4},{"damage":13,"enemies":"Looter","floor":6,"turns":4},{"damage":26,"enemies":"3 Louse","floor":8,"turns":5},{"damage":1,"enemies":"Large Slime","floor":11,"turns":6},{"damage":10,"enemies":"3 Sentries","floor":13,"turns":3}],"seed_played":"-5482863922372607632","potions_obtained":[{"floor":1,"key":"FearPotion"},{"floor":3,"key":"Strength Potion"},{"floor":8,"key":"Weak Potion"},{"floor":11,"key":"PowerPotion"}],"is_trial":false,"path_per_floor":["M","M","M","?","M","M","?","M","T","R","M","?"],"character_chosen":"DEFECT","items_purchased":[],"campfire_rested":1,"item_purchase_floors":[],"current_hp_per_floor":[66,65,65,65,60,47,31,5,5,29,28,10,0],"gold":234,"neow_bonus":"TEN_PERCENT_HP_BONUS","is_prod":false,"is_daily":false,"chose_seed":false,"campfire_upgraded":0,"win_rate":0,"timestamp":1540836471,"path_taken":["M","M","M","?","M","?","?","?","T","R","M","?","E"],"build_version":"2018-10-25v2","purchased_purges":0,"victory":false,"max_hp_per_floor":[82,82,82,82,82,82,82,82,82,82,82,82,82],"card_choices":[{"not_picked":["Turbo","Leap"],"picked":"Reinforced Body","floor":1},{"not_picked":["Leap","Streamline"],"picked":"Capacitor","floor":2},{"not_picked":["Sunder","Ball Lightning"],"picked":"Coolheaded","floor":3},{"not_picked":["Rebound","Turbo"],"picked":"Compile Driver","floor":5},{"not_picked":["Aggregate","Compile Driver"],"picked":"Heatsinks","floor":6},{"not_picked":["Barrage","Seek"],"picked":"Leap","floor":8},{"not_picked":["Beam Cell","Steam Power"],"picked":"Hello World","floor":11}],"player_experience":1493310,"relics_obtained":[{"floor":9,"key":"Bag of Marbles"}],"event_choices":[{"damage_healed":0,"gold_gain":0,"player_choice":"Rummage","damage_taken":0,"relics_obtained":["WarpedTongs"],"max_hp_gain":0,"max_hp_loss":0,"event_name":"Accursed Blacksmith","floor":4,"gold_loss":0,"cards_obtained":["Pain"]},{"damage_healed":0,"gold_gain":0,"player_choice":"Entered Light","damage_taken":16,"max_hp_gain":0,"max_hp_loss":0,"event_name":"Shining Light","floor":7,"gold_loss":0,"cards_upgraded":["Defend_B","Defend_B"]},{"damage_healed":0,"gold_gain":0,"player_choice":"Success","damage_taken":18,"relics_obtained":["Tiny Chest"],"max_hp_gain":0,"max_hp_loss":0,"event_name":"Scrap Ooze","floor":12,"gold_loss":0}],"is_beta":false,"boss_relics":[],"items_purged_floors":[],"is_endless":false,"potions_floor_spawned":[1,3,8,11],"killed_by":"3 Sentries","ascension_level":6}