{"gold_per_floor":[124,156,168,190,202,240,252,297,332,361,373,401,211,211,211,211],"floor_reached":16,"playtime":2679,"items_purged":[],"score":193,"play_id":"3fe94f10-591a-4ba5-988b-b46d9b9a72db","local_time":"20190501145020","is_ascension_mode":true,"campfire_choices":[{"data":"Bash","floor":7,"key":"SMITH"},{"data":"Spot Weakness","floor":11,"key":"SMITH"},{"floor":15,"key":"REST"}],"neow_cost":"NONE","seed_source_timestamp":864188861514362,"circlet_count":0,"master_deck":["AscendersBane","Strike_R","Strike_R","Strike_R","Strike_R","Defend_R","Defend_R","Defend_R","Defend_R","Bash+1","Anger","Iron Wave","Shrug It Off","Spot Weakness+1","Sword Boomerang","Headbutt","Offering","Clothesline"],"relics":["Burning Blood","MawBank","Blood Vial","Pen Nib","Bag of Preparation"],"potions_floor_usage":[6,16,16],"damage_taken":[{"damage":3,"enemies":"Small Slimes","floor":1,"turns":5},{"damage":4,"enemies":"2 Louse","floor":2,"turns":4},{"damage":9,"enemies":"Jaw Worm","floor":4,"turns":4},{"damage":5,"enemies":"3 Sentries","floor":6,"turns":7},{"damage":27,"enemies":"Lagavulin","floor":8,"turns":6},{"damage":13,"enemies":"Blue Slaver","floor":10,"turns":4},{"damage":19,"enemies":"Gremlin Gang","floor":12,"turns":3},{"damage":29,"enemies":"The Guardian","floor":16,"turns":4}],"seed_played":"2937774787800167895","potions_obtained":[{"floor":1,"key":"AttackPotion"},{"floor":6,"key":"EssenceOfSteel"},{"floor":8,"key":"LiquidBronze"}],"is_trial":false,"path_per_floor":["M","M","?","M","$","E","R","E","T","M","R","M","$","?","R","B"],"character_chosen":"IRONCLAD","items_purchased":["Offering","Clothesline"],"campfire_rested":1,"item_purchase_floors":[13,13],"current_hp_per_floor":[71,73,66,63,63,64,64,45,45,40,40,29,29,3,25,0],"gold":211,"neow_bonus":"RANDOM_COMMON_RELIC","is_prod":false,"is_daily":false,"chose_seed":false,"campfire_upgraded":2,"win_rate":0,"timestamp":1556715020,"path_taken":["M","M","?","M","$","E","R","E","T","M","R","M","$","?","R","BOSS"],"build_version":"2019-04-23","purchased_purges":0,"victory":false,"max_hp_per_floor":[75,75,75,75,75,75,75,75,75,75,75,75,75,75,75,75],"card_choices":[{"not_picked":["Carnage","Clash","Intimidate"],"picked":"SKIP","floor":1},{"not_picked":["Flex","Twin Strike"],"picked":"Anger","floor":2},{"not_picked":["Clothesline","Havoc"],"picked":"Iron Wave","floor":4},{"not_picked":["Havoc","Cleave"],"picked":"Shrug It Off","floor":6},{"not_picked":["Burning Pact","Inflame"],"picked":"Spot Weakness","floor":8},{"not_picked":["Double Tap","Cleave"],"picked":"Sword Boomerang","floor":10},{"not_picked":["Corruption","Heavy Blade"],"picked":"Headbutt","floor":12}],"player_experience":1392829,"relics_obtained":[{"floor":6,"key":"Blood Vial"},{"floor":8,"key":"Pen Nib"},{"floor":9,"key":"Bag of Preparation"}],"event_choices":[{"cards_removed":["Strike_R"],"damage_healed":0,"gold_gain":0,"player_choice":"Card Removal","damage_taken":7,"max_hp_gain":0,"max_hp_loss":0,"event_name":"Golden Wing","floor":3,"gold_loss":0},{"damage_healed":0,"gold_gain":0,"player_choice":"Fled","damage_taken":26,"max_hp_gain":0,"max_hp_loss":0,"event_name":"Scrap Ooze","floor":14,"gold_loss":0}],"is_beta":true,"boss_relics":[],"items_purged_floors":[],"is_endless":false,"potions_floor_spawned":[1,6,8,10,12],"killed_by":"The Guardian","ascension_level":15}