{"gold_per_floor":[112,122,132,144,144,144,174,174,174,202,277,292,292],"floor_reached":13,"playtime":403,"items_purged":[],"score":157,"play_id":"cdf09b63-61ca-416b-9243-e9703d694117","local_time":"20190503194716","is_ascension_mode":true,"campfire_choices":[{"data":"Self Repair","floor":6,"key":"SMITH"},{"floor":8,"key":"REST"}],"neow_cost":"NONE","seed_source_timestamp":1057083048071305,"circlet_count":0,"master_deck":["AscendersBane","Strike_B","Strike_B","Strike_B","Strike_B","Defend_B","Defend_B","Defend_B","Defend_B","Zap","Dualcast","Conserve Battery","Go for the Eyes","Ball Lightning","Self Repair+1","Undo","Self Repair"],"relics":["Cracked Core","Smiling Mask","Peace Pipe","Odd Mushroom","Mercury Hourglass","Cables"],"potions_floor_usage":[12],"damage_taken":[{"damage":14,"enemies":"Small Slimes","floor":1,"turns":5},{"damage":0,"enemies":"2 Louse","floor":2,"turns":3},{"damage":0,"enemies":"Jaw Worm","floor":3,"turns":4},{"damage":9,"enemies":"Looter","floor":4,"turns":3},{"damage":16,"enemies":"The Mushroom Lair","floor":7,"turns":4},{"damage":15,"enemies":"Lagavulin","floor":10,"turns":6},{"damage":13,"enemies":"Red Slaver","floor":12,"turns":4},{"damage":36,"enemies":"Gremlin Nob","floor":13,"turns":3}],"seed_played":"-2933164136814254250","potions_obtained":[{"floor":3,"key":"Swift Potion"},{"floor":7,"key":"AttackPotion"},{"floor":10,"key":"Ancient Potion"}],"is_trial":false,"path_per_floor":["M","M","M","M","?","R","?","R","T","E","?","M","E"],"character_chosen":"DEFECT","items_purchased":[],"campfire_rested":1,"item_purchase_floors":[],"current_hp_per_floor":[50,50,50,41,36,36,20,41,41,36,25,22,0],"gold":292,"neow_bonus":"RANDOM_COMMON_RELIC","is_prod":false,"is_daily":false,"chose_seed":false,"campfire_upgraded":1,"win_rate":0,"timestamp":1556905636,"path_taken":["M","M","M","M","?","R","?","R","T","E","?","M","E"],"build_version":"2019-04-23","purchased_purges":0,"victory":false,"max_hp_per_floor":[71,71,71,71,71,71,71,71,71,71,71,71,71],"card_choices":[{"not_picked":["Streamline","Chill"],"picked":"Conserve Battery","floor":1},{"not_picked":["Turbo","Streamline"],"picked":"Go for the Eyes","floor":2},{"not_picked":["Recycle","Fusion"],"picked":"Ball Lightning","floor":3},{"not_picked":["Meteor Strike","Barrage"],"picked":"Self Repair","floor":4},{"not_picked":["Storm","Thunder Strike"],"picked":"Undo","floor":10},{"not_picked":["Compile Driver","Force Field"],"picked":"Self Repair","floor":12}],"player_experience":1473111,"relics_obtained":[{"floor":7,"key":"Odd Mushroom"},{"floor":9,"key":"Mercury Hourglass"},{"floor":10,"key":"Cables"}],"event_choices":[{"damage_healed":0,"gold_gain":0,"player_choice":"Success","damage_taken":5,"relics_obtained":["Peace Pipe"],"max_hp_gain":0,"max_hp_loss":0,"event_name":"Scrap Ooze","floor":5,"gold_loss":0},{"damage_healed":0,"gold_gain":0,"player_choice":"Fought Mushrooms","damage_taken":0,"max_hp_gain":0,"max_hp_loss":0,"event_name":"Mushrooms","floor":7,"gold_loss":0},{"damage_healed":0,"gold_gain":75,"player_choice":"Gather Gold","damage_taken":11,"max_hp_gain":0,"max_hp_loss":0,"event_name":"World of Goop","floor":11,"gold_loss":0}],"is_beta":true,"boss_relics":[],"items_purged_floors":[],"is_endless":false,"potions_floor_spawned":[3,7,10],"killed_by":"Gremlin Nob","ascension_level":17}