{"gold_per_floor":[109,74,92,92,111,111,129,129,210,227,90,123,123,123,123,221,221,233,233,245,260,271,271,271,370,370,370,386,404,329,348,348,451,451,466,466,484,496,496],"floor_reached":39,"playtime":1911,"items_purged":[],"score":578,"play_id":"845e21cf-d213-4d07-aa66-c02da9dd107b","local_time":"20190319012946","is_ascension_mode":true,"campfire_choices":[{"data":"Defragment","floor":6.0,"key":"SMITH"},{"data":"Lockon","floor":8.0,"key":"SMITH"},{"floor":15.0,"key":"REST"},{"floor":23.0,"key":"REST"},{"floor":27.0,"key":"REST"},{"data":"Rainbow","floor":32.0,"key":"SMITH"}],"neow_cost":"NONE","seed_source_timestamp":0,"circlet_count":0,"master_deck":["AscendersBane","Strike_B","Defend_B","Defend_B","Defend_B","Zap","Dualcast+1","Ball Lightning","Lockon+1","Conserve Battery","Defragment+1","Skim","Glacier","Creative AI","Conserve Battery","Biased Cognition","Lockon","Zap","Trip","White Noise","Glacier","Rainbow+1","Rainbow","Hologram","Leap","Auto Shields+1","Compile Driver+1","Amplify","Fusion+1","Conserve Battery+1","Capacitor+1"],"special_seed":0,"relics":["Cracked Core","Mummified Hand","Art of War","Nuclear Battery","Matryoshka","Eternal Feather","Du-Vu Doll"],"potions_floor_usage":[39],"damage_taken":[{"damage":2.0,"enemies":"Jaw Worm","floor":1.0,"turns":3.0},{"damage":1.0,"enemies":"Cultist","floor":3.0,"turns":3.0},{"damage":9.0,"enemies":"2 Louse","floor":5.0,"turns":2.0},{"damage":7.0,"enemies":"2 Fungi Beasts","floor":7.0,"turns":3.0},{"damage":9.0,"enemies":"Blue Slaver","floor":10.0,"turns":3.0},{"damage":16.0,"enemies":"3 Sentries","floor":12.0,"turns":7.0},{"damage":31.0,"enemies":"Slime Boss","floor":16.0,"turns":4.0},{"damage":7.0,"enemies":"Shell Parasite","floor":18.0,"turns":4.0},{"damage":6.0,"enemies":"Spheric Guardian","floor":20.0,"turns":3.0},{"damage":21.0,"enemies":"Centurion and Healer","floor":21.0,"turns":9.0},{"damage":10.0,"enemies":"3 Cultists","floor":22.0,"turns":6.0},{"damage":1.0,"enemies":"Cultist and Chosen","floor":28.0,"turns":9.0},{"damage":0.0,"enemies":"Shelled Parasite and Fungi","floor":29.0,"turns":4.0},{"damage":0.0,"enemies":"Centurion and Healer","floor":31.0,"turns":5.0},{"damage":14.0,"enemies":"Collector","floor":33.0,"turns":13.0},{"damage":0.0,"enemies":"Orb Walker","floor":35.0,"turns":3.0},{"damage":19.0,"enemies":"3 Darklings","floor":37.0,"turns":6.0},{"damage":32.0,"enemies":"Transient","floor":38.0,"turns":5.0},{"damage":27,"enemies":"Maw","floor":39,"turns":9}],"seed_played":"-3952541439122769507","potions_obtained":[{"floor":5.0,"key":"Ancient Potion"},{"floor":7.0,"key":"LiquidBronze"},{"floor":10.0,"key":"GamblersBrew"},{"floor":16.0,"key":"Explosive Potion"},{"floor":20.0,"key":"AttackPotion"},{"floor":21.0,"key":"SkillPotion"},{"floor":29.0,"key":"FearPotion"},{"floor":31.0,"key":"GamblersBrew"}],"is_trial":false,"path_per_floor":["M","$","M","?","M","R","M","R","T","M","$","E","?","?","R","B",null,"M","?","M","M","M","R","?","?","T","R","M","M","?","M","R","B",null,"M","?","M","M","M"],"character_chosen":"DEFECT","items_purchased":["Lockon","Creative AI"],"campfire_rested":3,"item_purchase_floors":[2,11],"current_hp_per_floor":[73,73,72,72,63,63,56,56,56,47,47,31,24,24,48,17,66,59,59,53,32,22,46,46,46,46,70,69,69,69,69,69,55,75,75,75,56,24,0],"gold":496,"neow_bonus":"TEN_PERCENT_HP_BONUS","is_prod":false,"is_daily":false,"chose_seed":false,"campfire_upgraded":3,"win_rate":0,"timestamp":1552973386,"path_taken":["M","$","M","?","M","R","M","R","T","?","$","E","?","?","R","BOSS","M","?","?","M","M","R","?","?","T","R","M","M","?","M","R","BOSS","M","?","?","M","M"],"build_version":"2019-01-23","purchased_purges":0,"victory":false,"max_hp_per_floor":[82,82,82,82,82,82,82,82,82,82,82,82,82,82,82,82,82,82,82,82,82,82,82,82,82,82,82,82,82,82,82,82,82,82,82,82,82,82,82],"card_choices":[{"not_picked":["Compile Driver","Gash"],"picked":"Ball Lightning","floor":1.0},{"not_picked":["Steam Power","Beam Cell"],"picked":"Conserve Battery","floor":3.0},{"not_picked":["Sweeping Beam","Skim"],"picked":"Defragment","floor":5.0},{"not_picked":["Steam Power","Stack"],"picked":"Skim","floor":7.0},{"not_picked":["Ball Lightning","Conserve Battery"],"picked":"Glacier","floor":10.0},{"not_picked":["Stack","All For One"],"picked":"Conserve Battery","floor":12.0},{"not_picked":["Meteor Strike","Buffer"],"picked":"Biased Cognition","floor":16.0},{"not_picked":["Turbo","Rebound"],"picked":"Lockon","floor":18.0},{"not_picked":["Auto Shields+1","Cold Snap"],"picked":"White Noise","floor":20.0},{"not_picked":["Turbo","Sweeping Beam"],"picked":"Glacier","floor":21.0},{"not_picked":["Redo","Cold Snap+1"],"picked":"Rainbow","floor":22.0},{"not_picked":["Stack","Hyperbeam"],"picked":"Leap","floor":28.0},{"not_picked":["Conserve Battery","Compile Driver"],"picked":"Auto Shields+1","floor":29.0},{"not_picked":["Turbo","Conserve Battery"],"picked":"Compile Driver+1","floor":31.0},{"not_picked":["Rainbow","Reboot"],"picked":"Amplify","floor":33.0},{"not_picked":["Sunder+1","Chill"],"picked":"Fusion+1","floor":35.0},{"not_picked":["Consume+1","Gash+1"],"picked":"Conserve Battery+1","floor":37.0},{"not_picked":["Turbo+1","Streamline"],"picked":"Capacitor+1","floor":38.0}],"player_experience":2498623,"relics_obtained":[{"floor":9.0,"key":"Mummified Hand"},{"floor":12.0,"key":"Art of War"},{"floor":26.0,"key":"Matryoshka"}],"event_choices":[{"damage_healed":0.0,"max_hp_gain":0.0,"max_hp_loss":0.0,"gold_gain":0.0,"event_name":"Upgrade Shrine","player_choice":"Upgraded","floor":4.0,"gold_loss":0.0,"damage_taken":0.0,"cards_upgraded":["Dualcast"]},{"cards_removed":["Strike_B"],"damage_healed":0.0,"max_hp_gain":0.0,"max_hp_loss":0.0,"gold_gain":0.0,"event_name":"Golden Wing","player_choice":"Card Removal","floor":13.0,"gold_loss":0.0,"damage_taken":7.0},{"damage_healed":0.0,"max_hp_gain":0.0,"max_hp_loss":0.0,"gold_gain":0.0,"event_name":"Shining Light","player_choice":"Ignored","floor":14.0,"gold_loss":0.0,"damage_taken":0.0},{"damage_healed":0.0,"max_hp_gain":0.0,"max_hp_loss":0.0,"gold_gain":0.0,"event_name":"Match and Keep!","player_choice":"2 cards matched","floor":19.0,"gold_loss":0.0,"damage_taken":0.0,"cards_obtained":["Zap","Trip"]},{"damage_healed":0.0,"max_hp_gain":0.0,"max_hp_loss":0.0,"gold_gain":0.0,"cards_transformed":["Defend_B","Strike_B"],"event_name":"Drug Dealer","player_choice":"Became Test Subject","floor":24.0,"gold_loss":0.0,"damage_taken":0.0,"cards_obtained":["Rainbow","Hologram"]},{"damage_healed":0.0,"max_hp_gain":0.0,"max_hp_loss":0.0,"gold_gain":99.0,"event_name":"Nest","player_choice":"Stole From Cult","floor":25.0,"gold_loss":0.0,"damage_taken":0.0},{"cards_removed":["Strike_B"],"damage_healed":0.0,"max_hp_gain":0.0,"max_hp_loss":0.0,"gold_gain":0.0,"event_name":"Beggar","player_choice":"Gave Gold","floor":30.0,"gold_loss":75.0,"damage_taken":0.0},{"damage_healed":0.0,"max_hp_gain":0.0,"max_hp_loss":0.0,"gold_gain":0.0,"event_name":"WeMeetAgain","player_choice":"Gave Potion","floor":36.0,"gold_loss":0.0,"damage_taken":0.0,"relics_obtained":["Du-Vu Doll"]}],"is_beta":false,"boss_relics":[{"not_picked":["White Beast Statue","Astrolabe"],"picked":"Nuclear Battery"},{"not_picked":["Empty Cage","Orrery"],"picked":"Eternal Feather"}],"items_purged_floors":[],"is_endless":false,"potions_floor_spawned":[5,7,10,16,20,21,29,31],"killed_by":"Maw","ascension_level":10}