{"gold_per_floor":[110,126,143,159,84,84,84,84,108,108,122,140,157,187,199,288,300,332,344,356,368],"floor_reached":21,"playtime":653,"items_purged":[],"score":362,"play_id":"eed9c632-9a03-40c1-8aba-9dfefa249b6e","local_time":"20190512170513","is_ascension_mode":true,"campfire_choices":[{"data":"Leap","floor":6,"key":"SMITH"},{"data":"Sweeping Beam","floor":8,"key":"SMITH"},{"data":"Dualcast","floor":10,"key":"SMITH"},{"data":"Hologram","floor":15,"key":"SMITH"}],"neow_cost":"NONE","seed_source_timestamp":1824709197435644,"circlet_count":0,"master_deck":["AscendersBane","Strike_B","Strike_B","Strike_B","Defend_B","Defend_B","Defend_B","Defend_B","Zap+1","Dualcast+1","Sweeping Beam+1","FTL","Gash","Leap+1","Hologram+1","Capacitor","Scrape","Reprogram","Echo Form","Consume"],"relics":["Cracked Core","Oddly Smooth Stone","Bronze Scales","MawBank","Inserter"],"potions_floor_usage":[14,16,16],"damage_taken":[{"damage":0,"enemies":"Cultist","floor":1,"turns":3},{"damage":3,"enemies":"Small Slimes","floor":2,"turns":2},{"damage":7,"enemies":"Jaw Worm","floor":3,"turns":2},{"damage":13,"enemies":"Large Slime","floor":4,"turns":3},{"damage":0,"enemies":"Exordium Wildlife","floor":11,"turns":2},{"damage":3,"enemies":"Red Slaver","floor":12,"turns":3},{"damage":0,"enemies":"Looter","floor":13,"turns":3},{"damage":8,"enemies":"Gremlin Nob","floor":14,"turns":3},{"damage":32,"enemies":"Hexaghost","floor":16,"turns":9},{"damage":16,"enemies":"Spheric Guardian","floor":18,"turns":4},{"damage":33,"enemies":"Shell Parasite","floor":21,"turns":4}],"seed_played":"-2808334834788172055","potions_obtained":[{"floor":2,"key":"AttackPotion"},{"floor":3,"key":"Swift Potion"},{"floor":14,"key":"Regen Potion"},{"floor":16,"key":"Strength Potion"}],"is_trial":false,"path_per_floor":["M","M","M","M","?","R","?","R","T","R","M","M","M","E","R","B",null,"M","?","?","M"],"character_chosen":"DEFECT","items_purchased":[],"campfire_rested":0,"item_purchase_floors":[],"current_hp_per_floor":[64,61,54,41,41,41,30,30,30,30,30,27,27,19,19,2,54,38,38,28,0],"gold":368,"neow_bonus":"UPGRADE_CARD","is_prod":false,"is_daily":false,"chose_seed":false,"campfire_upgraded":4,"win_rate":0,"timestamp":1557673513,"path_taken":["M","M","?","M","?","R","?","R","T","R","M","M","M","E","R","BOSS","M","?","?","?"],"build_version":"2019-05-07","purchased_purges":0,"victory":false,"max_hp_per_floor":[71,71,71,71,71,71,71,71,71,71,71,71,71,71,71,71,71,71,71,71,71],"card_choices":[{"not_picked":["Turbo","Redo"],"picked":"Sweeping Beam","floor":1},{"not_picked":["White Noise","Melter"],"picked":"FTL","floor":2},{"not_picked":["Rebound","Streamline"],"picked":"Gash","floor":3},{"not_picked":["Beam Cell","Force Field"],"picked":"Leap","floor":4},{"not_picked":["Streamline","Blizzard"],"picked":"Hologram","floor":11},{"not_picked":["Cold Snap","Rebound"],"picked":"Capacitor","floor":12},{"not_picked":["Stack","Recycle"],"picked":"Scrape","floor":13},{"not_picked":["Streamline","Sunder"],"picked":"Reprogram","floor":14},{"not_picked":["Fission","Hyperbeam"],"picked":"Echo Form","floor":16},{"not_picked":["Beam Cell","Streamline"],"picked":"Consume","floor":18}],"player_experience":1851201,"relics_obtained":[{"floor":9,"key":"Bronze Scales"},{"floor":14,"key":"MawBank"}],"event_choices":[{"cards_removed":["Strike_B"],"damage_healed":0,"gold_gain":0,"player_choice":"Card Removal","damage_taken":0,"max_hp_gain":0,"max_hp_loss":0,"event_name":"The Cleric","floor":5,"gold_loss":75},{"damage_healed":0,"gold_gain":0,"player_choice":"Success","damage_taken":11,"relics_obtained":["Oddly Smooth Stone"],"max_hp_gain":0,"max_hp_loss":0,"event_name":"Scrap Ooze","floor":7,"gold_loss":0},{"damage_healed":0,"gold_gain":0,"player_choice":"Ignored","damage_taken":0,"max_hp_gain":0,"max_hp_loss":0,"event_name":"Vampires","floor":19,"gold_loss":0},{"damage_healed":0,"gold_gain":0,"player_choice":"Damaged","damage_taken":10,"max_hp_gain":0,"max_hp_loss":0,"event_name":"Wheel of Change","floor":20,"gold_loss":0}],"is_beta":true,"boss_relics":[{"not_picked":["Black Star","Calling Bell"],"picked":"Inserter"}],"items_purged_floors":[],"is_endless":false,"potions_floor_spawned":[2,3,11,12,14,16],"killed_by":"Shell Parasite","ascension_level":20}