{"gold_per_floor":[109,129,142,161,181,181,181,181,181,181,193,203,203,203,203,304,304,314,326,326],"floor_reached":20,"playtime":814,"items_purged":[],"score":210,"play_id":"be82bd6b-beb9-45a3-a4d7-ebe054a4fffa","local_time":"20190424150541","is_ascension_mode":true,"campfire_choices":[{"data":"Zap","floor":6,"key":"SMITH"},{"floor":8,"key":"REST"},{"data":"Sweeping Beam","floor":10,"key":"SMITH"},{"data":"Dualcast","floor":13,"key":"SMITH"},{"floor":15,"key":"REST"}],"neow_cost":"PERCENT_DAMAGE","seed_source_timestamp":262175946776170,"circlet_count":0,"master_deck":["Strike_B","Strike_B","Strike_B","Strike_B","Defend_B","Defend_B","Defend_B","Defend_B","Zap+1","Dualcast+1","Seek","Ball Lightning","Ball Lightning","Compile Driver","Sweeping Beam+1","Undo","Cold Snap","Machine Learning","Streamline","White Noise"],"relics":["Cracked Core","Question Card","Blue Candle","Black Star"],"potions_floor_usage":[20],"damage_taken":[{"damage":0,"enemies":"Cultist","floor":1,"turns":4},{"damage":0,"enemies":"2 Louse","floor":2,"turns":3},{"damage":7,"enemies":"Jaw Worm","floor":3,"turns":2},{"damage":10,"enemies":"2 Fungi Beasts","floor":4,"turns":3},{"damage":2,"enemies":"Looter","floor":5,"turns":3},{"damage":0,"enemies":"Large Slime","floor":11,"turns":3},{"damage":0,"enemies":"Blue Slaver","floor":12,"turns":2},{"damage":49,"enemies":"The Guardian","floor":16,"turns":11},{"damage":15,"enemies":"3 Byrds","floor":18,"turns":4},{"damage":31,"enemies":"Shell Parasite","floor":19,"turns":8},{"damage":20,"enemies":"Snecko","floor":20,"turns":4}],"seed_played":"2210664701259056839","potions_obtained":[{"floor":1,"key":"Ancient Potion"},{"floor":4,"key":"Energy Potion"},{"floor":16,"key":"Poison Potion"}],"is_trial":false,"path_per_floor":["M","M","M","M","M","R","?","R","T","R","M","M","R","?","R","B",null,"M","M","M"],"character_chosen":"DEFECT","items_purchased":[],"campfire_rested":2,"item_purchase_floors":[],"current_hp_per_floor":[54,54,47,37,35,35,10,32,32,32,32,32,32,32,54,5,58,43,12,0],"gold":326,"neow_bonus":"THREE_RARE_CARDS","is_prod":false,"is_daily":false,"chose_seed":false,"campfire_upgraded":3,"win_rate":0,"timestamp":1556111141,"path_taken":["M","M","M","M","?","R","?","R","T","R","M","M","R","?","R","BOSS","M","M","M"],"build_version":"2019-04-23","purchased_purges":0,"victory":false,"max_hp_per_floor":[75,75,75,75,75,75,75,75,75,75,75,75,75,75,75,75,75,75,75,75],"card_choices":[{"not_picked":["Amplify","Machine Learning"],"picked":"Seek","floor":0},{"not_picked":["Recycle","Hello World","Rebound"],"picked":"SKIP","floor":1},{"not_picked":["Hologram","Chill"],"picked":"Ball Lightning","floor":2},{"not_picked":["Go for the Eyes","Capacitor"],"picked":"Ball Lightning","floor":3},{"not_picked":["Defragment","Cold Snap"],"picked":"Compile Driver","floor":4},{"not_picked":["Rebound","Stack"],"picked":"Sweeping Beam","floor":5},{"not_picked":["Turbo","Redo","Go for the Eyes"],"picked":"Undo","floor":11},{"not_picked":["Fusion","Fission","Consume"],"picked":"Cold Snap","floor":12},{"not_picked":["All For One","Seek","Meteor Strike"],"picked":"Machine Learning","floor":16},{"not_picked":["Gash+1","Coolheaded","Steam"],"picked":"Streamline","floor":18},{"not_picked":["Loop","Chill","Compile Driver"],"picked":"White Noise","floor":19}],"player_experience":1194548,"relics_obtained":[{"floor":9,"key":"Blue Candle"}],"event_choices":[{"damage_healed":0,"gold_gain":0,"player_choice":"Success","damage_taken":25,"relics_obtained":["Question Card"],"max_hp_gain":0,"max_hp_loss":0,"event_name":"Scrap Ooze","floor":7,"gold_loss":0},{"damage_healed":0,"gold_gain":0,"player_choice":"Ignored","damage_taken":0,"max_hp_gain":0,"max_hp_loss":0,"event_name":"Liars Game","floor":14,"gold_loss":0}],"is_beta":true,"boss_relics":[{"not_picked":["White Beast Statue","FrozenCore"],"picked":"Black Star"}],"items_purged_floors":[],"is_endless":false,"potions_floor_spawned":[1,4,16],"killed_by":"Snecko","ascension_level":5}