{"gold_per_floor":[215,215,225,175,194,194,220,220,220,220,253,253,284,67,67,166,166,186,173,187,187,207,207,218,234,258,288,288,301,357,368,368,469,469,484,12,12,29,45,77,77,96,142,142,159,59,59,88,88,88,88,88,12,37,37],"floor_reached":55,"playtime":6073,"items_purged":["Strike_B","Strike_B"],"score":1143,"play_id":"2d84961c-4009-4e4c-b4e1-60cbbfb2efb3","local_time":"20190428193717","is_ascension_mode":true,"campfire_choices":[{"data":"Coolheaded","floor":6,"key":"SMITH"},{"data":"Ball Lightning","floor":8,"key":"SMITH"},{"floor":12,"key":"REST"},{"data":"Go for the Eyes","floor":15,"key":"SMITH"},{"data":"Defragment","floor":23,"key":"SMITH"},{"floor":28,"key":"REST"},{"data":"Defragment","floor":32,"key":"SMITH"},{"floor":41,"key":"REST"},{"data":"Glacier","floor":44,"key":"SMITH"},{"floor":47,"key":"RECALL"},{"data":"Conserve Battery","floor":49,"key":"SMITH"},{"data":"Sunder","floor":52,"key":"SMITH"}],"neow_cost":"NONE","seed_source_timestamp":618795102208244,"circlet_count":0,"master_deck":["AscendersBane","Strike_B","Defend_B","Defend_B","Defend_B","Defend_B","Zap+1","Dualcast","Glacier+1","Ball Lightning+1","Coolheaded+1","Genetic Algorithm","Coolheaded+1","Go for the Eyes+1","Loop","Electrodynamics","Heatsinks+1","Conserve Battery+1","Hologram+1","Defragment+1","Defragment+1","Blind","White Noise","Hologram+1","Compile Driver","Sunder+1","Core Surge","Beam Cell+1","Conserve Battery+1","Coolheaded+1","Tempest"],"relics":["Cracked Core","Kunai","Vajra","Sundial","Centennial Puzzle","Prayer Wheel","Bag of Preparation","Nuclear Battery","Oddly Smooth Stone","Happy Flower","Tiny Chest","Busted Crown","Bottled Lightning","Potion Belt","Anchor","Meat on the Bone","Bottled Tornado"],"potions_floor_usage":[24,31,33,33,40,40,48,50,50,50,50,54,54,55],"damage_taken":[{"damage":0,"enemies":"Jaw Worm","floor":1,"turns":3},{"damage":0,"enemies":"Small Slimes","floor":3,"turns":4},{"damage":0,"enemies":"Cultist","floor":5,"turns":4},{"damage":10,"enemies":"3 Sentries","floor":7,"turns":9},{"damage":22,"enemies":"Gremlin Nob","floor":11,"turns":4},{"damage":13,"enemies":"3 Sentries","floor":13,"turns":7},{"damage":4,"enemies":"The Guardian","floor":16,"turns":12},{"damage":14,"enemies":"Spheric Guardian","floor":18,"turns":4},{"damage":1,"enemies":"2 Thieves","floor":19,"turns":4},{"damage":0,"enemies":"Centurion and Healer","floor":20,"turns":7},{"damage":0,"enemies":"Cultist and Chosen","floor":22,"turns":6},{"damage":0,"enemies":"Sentry and Sphere","floor":24,"turns":4},{"damage":0,"enemies":"Centurion and Healer","floor":25,"turns":6},{"damage":15,"enemies":"Slavers","floor":27,"turns":4},{"damage":0,"enemies":"3 Cultists","floor":29,"turns":4},{"damage":7,"enemies":"Book of Stabbing","floor":30,"turns":6},{"damage":0,"enemies":"Snecko","floor":31,"turns":5},{"damage":16,"enemies":"Collector","floor":33,"turns":11},{"damage":0,"enemies":"3 Darklings","floor":35,"turns":3},{"damage":0,"enemies":"Orb Walker","floor":38,"turns":2},{"damage":13,"enemies":"Spire Growth","floor":39,"turns":5},{"damage":11,"enemies":"Nemesis","floor":40,"turns":11},{"damage":0,"enemies":"Jaw Worm Horde","floor":42,"turns":4},{"damage":0,"enemies":"3 Darklings","floor":45,"turns":4},{"damage":0,"enemies":"Reptomancer","floor":48,"turns":4},{"damage":4,"enemies":"Awakened One","floor":50,"turns":26},{"damage":27,"enemies":"Shield and Spear","floor":54,"turns":8},{"damage":44,"enemies":"The Heart","floor":55,"turns":2}],"seed_played":"1790538573700462241","potions_obtained":[{"floor":5,"key":"Ancient Potion"},{"floor":11,"key":"EntropicBrew"},{"floor":13,"key":"GamblersBrew"},{"floor":19,"key":"Block Potion"},{"floor":27,"key":"Ancient Potion"},{"floor":31,"key":"SkillPotion"},{"floor":33,"key":"Weak Potion"},{"floor":38,"key":"Swift Potion"},{"floor":40,"key":"SkillPotion"},{"floor":42,"key":"Block Potion"},{"floor":48,"key":"Explosive Potion"},{"floor":54,"key":"SpeedPotion"}],"is_trial":false,"path_per_floor":["M","?","M","?","M","R","E","R","T","T","E","R","E","$","R","B",null,"M","M","M","?","M","R","M","M","T","E","R","M","E","M","R","B",null,"M","$","?","M","M","E","R","M","T","R","M","$","R","E","R","B",null,"R","$","E","B"],"character_chosen":"DEFECT","items_purchased":["Bag of Preparation","Loop","Bottled Lightning","Potion Belt","Tempest"],"campfire_rested":3,"item_purchase_floors":[14,14,36,36,53],"current_hp_per_floor":[68,68,68,68,68,68,58,58,58,58,36,58,45,45,45,41,67,53,52,52,52,52,52,52,52,52,37,59,59,52,52,52,36,65,65,65,65,65,52,41,63,63,63,63,63,63,63,63,63,59,71,71,71,44,0],"gold":37,"neow_bonus":"HUNDRED_GOLD","is_prod":false,"is_daily":false,"chose_seed":false,"campfire_upgraded":8,"win_rate":0,"timestamp":1556473037,"path_taken":["M","?","M","?","M","R","E","R","T","?","E","R","E","$","R","BOSS","M","M","M","?","?","R","M","M","T","E","R","M","E","?","R","BOSS","M","$","?","M","?","E","R","?","T","R","?","$","R","E","R","BOSS","R","$","E","BOSS"],"build_version":"2019-04-23","purchased_purges":2,"victory":false,"max_hp_per_floor":[75,75,75,75,75,75,75,75,75,75,75,75,75,75,75,75,75,75,75,75,75,75,75,75,75,75,75,75,75,75,75,75,75,75,75,75,75,75,75,75,75,75,75,75,75,75,75,75,75,75,75,75,75,75,75],"card_choices":[{"not_picked":["Coolheaded","Darkness"],"picked":"Glacier","floor":1},{"not_picked":["Darkness","Coolheaded"],"picked":"Ball Lightning","floor":3},{"not_picked":["Aggregate","Hologram"],"picked":"Coolheaded","floor":5},{"not_picked":["Leap","Steam"],"picked":"Genetic Algorithm","floor":7},{"not_picked":["Genetic Algorithm","Barrage"],"picked":"Coolheaded","floor":11},{"not_picked":["Hologram","Recycle"],"picked":"Go for the Eyes","floor":13},{"not_picked":["Core Surge","Meteor Strike"],"picked":"Electrodynamics","floor":16},{"not_picked":["Cold Snap","Coolheaded"],"picked":"Heatsinks+1","floor":18},{"not_picked":["Gash","Leap"],"picked":"Conserve Battery","floor":18},{"not_picked":["Darkness","Ball Lightning"],"picked":"Hologram+1","floor":19},{"not_picked":["Streamline","Hologram"],"picked":"Defragment","floor":19},{"not_picked":["Chaos","Force Field"],"picked":"Defragment","floor":20},{"not_picked":["Rebound","Streamline","Leap"],"picked":"SKIP","floor":20},{"not_picked":["Stack+1","Ball Lightning+1"],"picked":"White Noise","floor":22},{"not_picked":["Darkness","Recycle","Go for the Eyes"],"picked":"SKIP","floor":22},{"not_picked":["Barrage","Coolheaded"],"picked":"Hologram+1","floor":24},{"not_picked":["Go for the Eyes","Barrage","All For One"],"picked":"SKIP","floor":24},{"not_picked":["Scrape+1","Rebound","Turbo"],"picked":"SKIP","floor":25},{"not_picked":["Leap","Conserve Battery","Stack"],"picked":"SKIP","floor":25},{"not_picked":["Streamline","Ball Lightning"],"picked":"Compile Driver","floor":27},{"not_picked":["Leap","Go for the Eyes+1"],"picked":"Sunder","floor":29},{"not_picked":["Compile Driver","Go for the Eyes+1","Amplify"],"picked":"SKIP","floor":29},{"not_picked":["Chaos","All For One","Turbo"],"picked":"SKIP","floor":30},{"not_picked":["Barrage","Go for the Eyes","Rip and Tear"],"picked":"SKIP","floor":31},{"not_picked":["Stack","Static Discharge","Leap"],"picked":"SKIP","floor":31},{"not_picked":["Amplify","Hyperbeam"],"picked":"Core Surge","floor":33},{"not_picked":[],"picked":"Beam Cell+1","floor":35},{"not_picked":[],"picked":"Conserve Battery+1","floor":35},{"not_picked":[],"picked":"Coolheaded+1","floor":38},{"not_picked":["Streamline+1"],"picked":"SKIP","floor":38},{"not_picked":["Sweeping Beam+1"],"picked":"SKIP","floor":39},{"not_picked":["Beam Cell"],"picked":"SKIP","floor":39},{"not_picked":["Turbo+1"],"picked":"SKIP","floor":40},{"not_picked":["Beam Cell"],"picked":"SKIP","floor":42},{"not_picked":["Turbo+1"],"picked":"SKIP","floor":42},{"not_picked":["Lockon"],"picked":"SKIP","floor":45},{"not_picked":["Loop+1"],"picked":"SKIP","floor":45},{"not_picked":["Consume+1"],"picked":"SKIP","floor":48},{"not_picked":["Chaos"],"picked":"SKIP","floor":54}],"player_experience":1291504,"relics_obtained":[{"floor":7,"key":"Kunai"},{"floor":9,"key":"Vajra"},{"floor":10,"key":"Sundial"},{"floor":11,"key":"Centennial Puzzle"},{"floor":13,"key":"Prayer Wheel"},{"floor":26,"key":"Oddly Smooth Stone"},{"floor":27,"key":"Happy Flower"},{"floor":30,"key":"Tiny Chest"},{"floor":40,"key":"Anchor"},{"floor":48,"key":"Meat on the Bone"},{"floor":54,"key":"Bottled Tornado"}],"event_choices":[{"damage_healed":0,"gold_gain":0,"player_choice":"Grow","damage_taken":0,"max_hp_gain":0,"max_hp_loss":0,"event_name":"Living Wall","floor":2,"gold_loss":0,"cards_upgraded":["Zap"]},{"cards_removed":["Strike_B"],"damage_healed":0,"gold_gain":0,"player_choice":"Card Removal","damage_taken":0,"max_hp_gain":0,"max_hp_loss":0,"event_name":"The Cleric","floor":4,"gold_loss":50},{"damage_healed":0,"gold_gain":0,"player_choice":"1 cards matched","damage_taken":0,"max_hp_gain":0,"max_hp_loss":0,"event_name":"Match and Keep!","floor":21,"gold_loss":0,"cards_obtained":["Blind"]},{"damage_healed":0,"gold_gain":0,"player_choice":"Upgraded","damage_taken":0,"max_hp_gain":0,"max_hp_loss":0,"event_name":"Upgrade Shrine","floor":37,"gold_loss":0,"cards_upgraded":["Coolheaded"]}],"is_beta":true,"boss_relics":[{"not_picked":["Orrery","FrozenCore"],"picked":"Nuclear Battery"},{"not_picked":["Cursed Key","Runic Dome"],"picked":"Busted Crown"}],"items_purged_floors":[36,46],"is_endless":false,"potions_floor_spawned":[5,11,13,19,20,27,30,31,33,38,40,42,48,54],"killed_by":"The Heart","ascension_level":10}