{"gold_per_floor":[113,132,132,132,149,149,166,166],"floor_reached":8,"playtime":458,"items_purged":[],"score":91,"play_id":"5879da30-a421-4e91-a48f-b6dad4e0f1a0","local_time":"20190505111634","is_ascension_mode":true,"campfire_choices":[{"data":"Neutralize","floor":6,"key":"SMITH"}],"neow_cost":"NONE","seed_source_timestamp":1199185145165568,"circlet_count":0,"master_deck":["AscendersBane","Defend_G","Defend_G","Defend_G","Defend_G","Defend_G","Strike_G","Strike_G","Strike_G","Strike_G","Survivor","Neutralize+1","Footwork+1","Cloak And Dagger+1","PiercingWail","Outmaneuver"],"relics":["Ring of the Snake"],"potions_floor_usage":[8,8],"damage_taken":[{"damage":0,"enemies":"Jaw Worm","floor":1,"turns":6},{"damage":1,"enemies":"Small Slimes","floor":2,"turns":5},{"damage":0,"enemies":"Cultist","floor":5,"turns":6},{"damage":20,"enemies":"Gremlin Gang","floor":7,"turns":9},{"damage":47,"enemies":"Lagavulin","floor":8,"turns":13}],"seed_played":"8842212932781702157","potions_obtained":[{"floor":2,"key":"EssenceOfSteel"},{"floor":5,"key":"GamblersBrew"}],"is_trial":false,"path_per_floor":["M","M","?","?","M","R","M","E"],"character_chosen":"THE_SILENT","items_purchased":[],"campfire_rested":0,"item_purchase_floors":[],"current_hp_per_floor":[59,58,58,58,58,58,38,0],"gold":166,"neow_bonus":"TRANSFORM_CARD","is_prod":false,"is_daily":false,"chose_seed":false,"campfire_upgraded":1,"win_rate":0,"timestamp":1557047794,"path_taken":["M","M","?","?","?","R","M","E"],"build_version":"2019-04-23","purchased_purges":0,"victory":false,"max_hp_per_floor":[66,66,66,66,66,66,66,66],"card_choices":[{"not_picked":["Outmaneuver","Calculated Gamble"],"picked":"Cloak And Dagger","floor":1},{"not_picked":["Choke","Reflex"],"picked":"PiercingWail","floor":2},{"not_picked":["Skewer","Catalyst"],"picked":"Outmaneuver","floor":5},{"not_picked":["Underhanded Strike","Flying Knee","Outmaneuver"],"picked":"SKIP","floor":7}],"player_experience":1508634,"relics_obtained":[],"event_choices":[{"damage_healed":0,"gold_gain":0,"player_choice":"Grow","damage_taken":0,"max_hp_gain":0,"max_hp_loss":0,"event_name":"Living Wall","floor":3,"gold_loss":0,"cards_upgraded":["Footwork"]},{"damage_healed":0,"gold_gain":0,"player_choice":"Upgraded","damage_taken":0,"max_hp_gain":0,"max_hp_loss":0,"event_name":"Upgrade Shrine","floor":4,"gold_loss":0,"cards_upgraded":["Cloak And Dagger"]}],"is_beta":true,"boss_relics":[],"items_purged_floors":[],"is_endless":false,"potions_floor_spawned":[2,5],"killed_by":"Lagavulin","ascension_level":18}