{"gold_per_floor":[114,127,137,154,154,154,184,184,184,184,510,530,530,562,562,661,661,673,689,614,631,546,546,573,607,634,232,250,44,72,92,92,92],"floor_reached":33,"playtime":1615,"items_purged":["Strike_B","Strike_B","Defend_B"],"score":533,"play_id":"d7f07ada-7035-4f53-ba8a-8de23be4d79a","local_time":"20190428175535","is_ascension_mode":true,"campfire_choices":[{"data":"White Noise","floor":6,"key":"SMITH"},{"data":"Coolheaded","floor":10,"key":"SMITH"},{"data":"Conserve Battery","floor":15,"key":"SMITH"},{"floor":23,"key":"REST"},{"floor":32,"key":"REST"}],"neow_cost":"TEN_PERCENT_HP_LOSS","seed_source_timestamp":617169079313052,"circlet_count":0,"master_deck":["AscendersBane","Defend_B","Defend_B","Defend_B","Zap+1","Dualcast","Electrodynamics","White Noise+1","Coolheaded+1","Auto Shields","Streamline","Conserve Battery+1","Force Field","Compile Driver","Decay","Buffer","Loop+1","Conserve Battery+1","Hologram","Defragment+1","Glacier"],"relics":["Cracked Core","Mercury Hourglass","NlothsMask","Old Coin","Bottled Tornado","Empty Cage","Ancient Tea Set","Singing Bowl","Red Mask","Bronze Scales","Frozen Egg 2","Regal Pillow"],"potions_floor_usage":[7,16,19,21,21,24,31],"damage_taken":[{"damage":0,"enemies":"Small Slimes","floor":1,"turns":3},{"damage":0,"enemies":"2 Louse","floor":2,"turns":1},{"damage":11,"enemies":"Cultist","floor":3,"turns":4},{"damage":2,"enemies":"3 Louse","floor":4,"turns":2},{"damage":14,"enemies":"Lagavulin","floor":7,"turns":6},{"damage":0,"enemies":"3 Sentries","floor":11,"turns":2},{"damage":7,"enemies":"Lots of Slimes","floor":12,"turns":3},{"damage":17,"enemies":"Lagavulin","floor":14,"turns":8},{"damage":3,"enemies":"Hexaghost","floor":16,"turns":13},{"damage":15,"enemies":"Shell Parasite","floor":18,"turns":7},{"damage":11,"enemies":"Spheric Guardian","floor":19,"turns":3},{"damage":16,"enemies":"Cultist and Chosen","floor":21,"turns":5},{"damage":30,"enemies":"Slavers","floor":24,"turns":4},{"damage":6,"enemies":"Masked Bandits","floor":25,"turns":2},{"damage":8,"enemies":"Snecko","floor":28,"turns":5},{"damage":0,"enemies":"Gremlin Leader","floor":30,"turns":5},{"damage":20,"enemies":"Snake Plant","floor":31,"turns":4},{"damage":70,"enemies":"Champ","floor":33,"turns":23}],"seed_played":"3423104963382070475","potions_obtained":[{"floor":1,"key":"SteroidPotion"},{"floor":2,"key":"Energy Potion"},{"floor":4,"key":"Dexterity Potion"},{"floor":11,"key":"Fire Potion"},{"floor":18,"key":"Regen Potion"},{"floor":19,"key":"Weak Potion"},{"floor":21,"key":"Regen Potion"},{"floor":28,"key":"Dexterity Potion"},{"floor":30,"key":"SteroidPotion"}],"is_trial":false,"path_per_floor":["M","M","M","M","?","R","E","?","T","R","E","M","?","E","R","B",null,"M","M","$","M","?","R","E","?","T","$","M","$","E","M","R","B"],"character_chosen":"DEFECT","items_purchased":["Frozen Egg 2","Hologram","Defragment+1"],"campfire_rested":2,"item_purchase_floors":[27,27,29],"current_hp_per_floor":[68,68,57,55,55,55,41,41,41,41,41,34,34,17,17,14,55,40,29,29,27,27,47,31,27,27,27,21,21,23,3,40,0],"gold":92,"neow_bonus":"THREE_RARE_CARDS","is_prod":false,"is_daily":false,"chose_seed":false,"campfire_upgraded":3,"win_rate":0,"timestamp":1556466935,"path_taken":["M","M","M","M","?","R","E","?","T","R","E","?","?","E","R","BOSS","M","M","?","M","?","R","E","?","T","$","M","$","E","M","R","BOSS"],"build_version":"2019-04-23","purchased_purges":3,"victory":false,"max_hp_per_floor":[68,68,68,68,68,68,68,68,68,68,68,68,68,68,68,68,68,68,68,68,68,68,68,70,72,72,72,74,74,76,76,76,76],"card_choices":[{"not_picked":["Rainbow","Seek"],"picked":"Electrodynamics","floor":0},{"not_picked":["Hologram","Chaos"],"picked":"White Noise","floor":1},{"not_picked":["Hologram","Turbo"],"picked":"Coolheaded","floor":2},{"not_picked":["Undo","Coolheaded"],"picked":"Auto Shields","floor":3},{"not_picked":["Barrage","Turbo"],"picked":"Streamline","floor":4},{"not_picked":["Cold Snap","Coolheaded"],"picked":"Conserve Battery","floor":7},{"not_picked":["Hologram","Conserve Battery"],"picked":"Force Field","floor":11},{"not_picked":["Go for the Eyes","Undo"],"picked":"Compile Driver","floor":12},{"not_picked":["Meteor Strike","Reprogram","Gash"],"picked":"SKIP","floor":14},{"not_picked":["Meteor Strike","Reboot"],"picked":"Buffer","floor":16},{"not_picked":["Steam Power","Aggregate"],"picked":"Loop+1","floor":18},{"not_picked":["Fusion","Rip and Tear+1","Barrage"],"picked":"SKIP","floor":19},{"not_picked":["Leap","Melter+1"],"picked":"Conserve Battery+1","floor":21},{"not_picked":["Leap","Turbo","Cold Snap"],"picked":"Singing Bowl","floor":24},{"not_picked":["Leap","Barrage+1","Turbo+1"],"picked":"Singing Bowl","floor":25},{"not_picked":["Sweeping Beam+1","Cold Snap+1","Coolheaded"],"picked":"Singing Bowl","floor":28},{"not_picked":["Barrage","Meteor Strike","Doom and Gloom"],"picked":"Singing Bowl","floor":30},{"not_picked":["Lockon","Ball Lightning"],"picked":"Glacier","floor":31}],"player_experience":1289889,"relics_obtained":[{"floor":7,"key":"Mercury Hourglass"},{"floor":11,"key":"Old Coin"},{"floor":14,"key":"Bottled Tornado"},{"floor":24,"key":"Singing Bowl"},{"floor":25,"key":"Red Mask"},{"floor":26,"key":"Bronze Scales"},{"floor":30,"key":"Regal Pillow"}],"event_choices":[{"damage_healed":0,"gold_gain":0,"player_choice":"Grow","damage_taken":0,"max_hp_gain":0,"max_hp_loss":0,"event_name":"Living Wall","floor":5,"gold_loss":0,"cards_upgraded":["Zap"]},{"damage_healed":0,"gold_gain":0,"player_choice":"Trade","damage_taken":0,"relics_obtained":["NlothsMask"],"max_hp_gain":0,"max_hp_loss":0,"event_name":"FaceTrader","floor":8,"gold_loss":0},{"damage_healed":0,"gold_gain":0,"player_choice":"Cursed","damage_taken":0,"max_hp_gain":0,"max_hp_loss":0,"event_name":"Wheel of Change","floor":13,"gold_loss":0,"cards_obtained":["Decay"]},{"damage_healed":0,"gold_gain":0,"player_choice":"Obtained Relic","damage_taken":0,"relics_obtained":["Ancient Tea Set"],"max_hp_gain":0,"max_hp_loss":0,"event_name":"Addict","floor":22,"gold_loss":85},{"damage_healed":0,"gold_gain":0,"player_choice":"Fought Bandits","damage_taken":0,"max_hp_gain":0,"max_hp_loss":0,"event_name":"Masked Bandits","floor":25,"gold_loss":0}],"is_beta":true,"boss_relics":[{"not_picked":["Orrery","Lizard Tail"],"picked":"Empty Cage"}],"items_purged_floors":[20,27,29],"is_endless":false,"potions_floor_spawned":[1,2,4,11,14,18,19,21,28,30],"killed_by":"Champ","ascension_level":10}