{"gold_per_floor":[110,124,143,32,16,41,41,61,61,61,77,88,101,276,276,379,379,393,410,410,427,437,437,437,82,105,125,159,159,159],"floor_reached":30,"playtime":1612,"items_purged":["Strike_R","Strike_R+1"],"score":256,"play_id":"39f9900a-c927-44b9-a31e-0cbeac5ecbd9","local_time":"20181203200355","is_ascension_mode":false,"campfire_choices":[{"data":"Entrench","floor":7.0,"key":"SMITH"},{"data":"Body Slam","floor":10.0,"key":"SMITH"},{"data":"Armaments","floor":15.0,"key":"SMITH"},{"floor":23,"key":"RECALL"},{"floor":29,"key":"REST"}],"neow_cost":"NONE","seed_source_timestamp":0,"circlet_count":0,"master_deck":["Strike_R+1","Strike_R+1","Strike_R+1","Defend_R+1","Defend_R+1","Defend_R+1","Defend_R+1","Bash","Thunderclap","Ghostly Armor","Entrench+1","Spot Weakness","Body Slam+1","Iron Wave","Armaments+1","Doubt","Impervious","Headbutt","Limit Break+1"],"special_seed":0,"relics":["Black Blood","Pantograph","Ice Cream","Calipers","Toxic Egg 2","Incense Burner"],"potions_floor_usage":[22,22,28,30],"damage_taken":[{"damage":1.0,"enemies":"Cultist","floor":1.0,"turns":3.0},{"damage":4.0,"enemies":"Small Slimes","floor":2.0,"turns":3.0},{"damage":2.0,"enemies":"Jaw Worm","floor":3.0,"turns":6.0},{"damage":12.0,"enemies":"Exordium Thugs","floor":5.0,"turns":5.0},{"damage":17.0,"enemies":"Gremlin Nob","floor":6.0,"turns":4.0},{"damage":2.0,"enemies":"Exordium Wildlife","floor":8.0,"turns":5.0},{"damage":8.0,"enemies":"3 Louse","floor":11.0,"turns":5.0},{"damage":0.0,"enemies":"Looter","floor":12.0,"turns":3.0},{"damage":2.0,"enemies":"Exordium Thugs","floor":13.0,"turns":5.0},{"damage":70.0,"enemies":"Hexaghost","floor":16.0,"turns":11.0},{"damage":14,"enemies":"Chosen","floor":18,"turns":5},{"damage":20,"enemies":"3 Byrds","floor":19,"turns":9},{"damage":11,"enemies":"Centurion and Healer","floor":21,"turns":10},{"damage":0,"enemies":"Snecko","floor":22,"turns":4},{"damage":12,"enemies":"Snake Plant","floor":27,"turns":5},{"damage":74,"enemies":"Slavers","floor":28,"turns":9},{"damage":52,"enemies":"Book of Stabbing","floor":30,"turns":8}],"seed_played":"6169650456687853135","potions_obtained":[{"floor":1.0,"key":"Block Potion"},{"floor":2.0,"key":"PowerPotion"},{"floor":3.0,"key":"PowerPotion"},{"floor":12.0,"key":"SpeedPotion"},{"floor":16.0,"key":"Fire Potion"},{"floor":18,"key":"FearPotion"},{"floor":21,"key":"BloodPotion"},{"floor":28,"key":"Fire Potion"}],"is_trial":false,"path_per_floor":["M","M","M","$","M","E","R","M","T","R","M","M","M","?","R","B",null,"M","M","?","M","M","R","T","$","T","M","E","R","E"],"character_chosen":"IRONCLAD","items_purchased":["Spot Weakness","Toxic Egg 2"],"campfire_rested":1,"item_purchase_floors":[4,25],"current_hp_per_floor":[88,88,88,88,82,71,71,75,75,75,73,79,83,83,83,24,88,84,74,74,73,83,83,83,83,83,81,25,51,0],"gold":159,"neow_bonus":"TEN_PERCENT_HP_BONUS","is_prod":false,"is_daily":false,"chose_seed":false,"campfire_upgraded":3,"win_rate":0,"timestamp":1543863835,"path_taken":["M","M","M","?","M","E","R","M","T","R","M","M","M","?","R","BOSS","M","M","?","M","M","R","?","$","T","?","E","R","E"],"build_version":"2018-11-15","purchased_purges":2,"victory":false,"max_hp_per_floor":[88,88,88,88,88,88,88,88,88,88,88,88,88,88,88,88,88,88,88,88,88,88,88,88,88,88,88,88,88,88],"card_choices":[{"not_picked":["Dual Wield","Havoc"],"picked":"Thunderclap","floor":1.0},{"not_picked":["Intimidate","Power Through"],"picked":"Ghostly Armor","floor":2.0},{"not_picked":["Hemokinesis","Perfected Strike"],"picked":"Entrench","floor":3.0},{"not_picked":["True Grit","Disarm"],"picked":"Body Slam","floor":5.0},{"not_picked":["Thunderclap","Power Through","Perfected Strike"],"picked":"SKIP","floor":6.0},{"not_picked":["Dropkick","Perfected Strike"],"picked":"Iron Wave","floor":8.0},{"not_picked":["Blood for Blood","Wild Strike"],"picked":"Armaments","floor":11.0},{"not_picked":["Clothesline","Bloodletting","Feel No Pain"],"picked":"SKIP","floor":12.0},{"not_picked":["Corruption","Pommel Strike","Rage"],"picked":"SKIP","floor":13.0},{"not_picked":["Demon Form","Exhume"],"picked":"Impervious","floor":16.0},{"not_picked":["Infernal Blade","Carnage","Heavy Blade"],"picked":"SKIP","floor":18},{"not_picked":["Heavy Blade","Uppercut"],"picked":"Headbutt","floor":19},{"not_picked":["Warcry","Reckless Charge+1","Heavy Blade"],"picked":"SKIP","floor":21},{"not_picked":["Headbutt","Pummel+1","Iron Wave"],"picked":"SKIP","floor":22},{"not_picked":["Uppercut","True Grit+1"],"picked":"Limit Break+1","floor":27},{"not_picked":["Searing Blow","Cleave","Perfected Strike"],"picked":"SKIP","floor":28}],"player_experience":264607,"relics_obtained":[{"floor":6.0,"key":"Pantograph"},{"floor":9.0,"key":"Ice Cream"},{"floor":24,"key":"Calipers"},{"floor":28,"key":"Incense Burner"}],"event_choices":[{"damage_healed":0.0,"max_hp_gain":0.0,"max_hp_loss":0.0,"gold_gain":175.0,"event_name":"Liars Game","player_choice":"AGREE","floor":14.0,"gold_loss":0.0,"damage_taken":0.0,"cards_obtained":["Doubt"]},{"damage_healed":0,"gold_gain":0,"player_choice":"Simplicity","damage_taken":0,"max_hp_gain":0,"max_hp_loss":0,"event_name":"Back to Basics","floor":20,"gold_loss":0,"cards_upgraded":["Strike_R","Strike_R","Strike_R","Strike_R","Defend_R","Defend_R","Defend_R","Defend_R"]}],"is_beta":true,"boss_relics":[{"not_picked":["Eternal Feather","Calling Bell"],"picked":"Black Blood"}],"items_purged_floors":[4,25],"is_endless":false,"potions_floor_spawned":[1,2,3,12,16,18,21,28],"killed_by":"Book of Stabbing","ascension_level":0}