{"gold_per_floor":[116,96,106,106,126,155,167,93,138,138,193,203,215,228,228,228],"floor_reached":16,"playtime":469,"items_purged":[],"score":192,"play_id":"0a8a6877-9ad5-43fd-9cf5-9bca6ee6b1bf","local_time":"20190503202338","is_ascension_mode":true,"campfire_choices":[{"floor":10,"key":"REST"},{"data":"Bash","floor":15,"key":"SMITH"}],"neow_cost":"NONE","seed_source_timestamp":1059198613402162,"circlet_count":0,"master_deck":["AscendersBane","Strike_R","Strike_R","Strike_R","Strike_R","Strike_R","Defend_R","Defend_R","Defend_R","Defend_R","Bash+1","Thunderclap","Clothesline","Spot Weakness","Sword Boomerang","Shrug It Off","Bludgeon","Brutality","Pommel Strike","Heavy Blade"],"relics":["Burning Blood","NeowsBlessing","Sundial","Regal Pillow","Boot"],"potions_floor_usage":[6,13,14,16,16],"damage_taken":[{"damage":0,"enemies":"2 Louse","floor":1,"turns":1},{"damage":0,"enemies":"Cultist","floor":3,"turns":1},{"damage":0,"enemies":"Jaw Worm","floor":5,"turns":1},{"damage":27,"enemies":"3 Sentries","floor":6,"turns":8},{"damage":43,"enemies":"Exordium Thugs","floor":7,"turns":4},{"damage":48,"enemies":"Lagavulin Event","floor":11,"turns":8},{"damage":0,"enemies":"3 Louse","floor":12,"turns":4},{"damage":9,"enemies":"Gremlin Gang","floor":13,"turns":5},{"damage":11,"enemies":"Looter","floor":14,"turns":2},{"damage":18,"enemies":"Hexaghost","floor":16,"turns":7}],"seed_played":"4978342637755817436","potions_obtained":[{"floor":2,"key":"Fire Potion"},{"floor":3,"key":"SneckoOil"},{"floor":6,"key":"Swift Potion"},{"floor":13,"key":"BloodPotion"},{"floor":14,"key":"LiquidBronze"}],"is_trial":false,"path_per_floor":["M","?","M","$","M","E","M","$","T","R","?","M","M","M","R","B"],"character_chosen":"IRONCLAD","items_purchased":["Bludgeon"],"campfire_rested":1,"item_purchase_floors":[8],"current_hp_per_floor":[74,74,75,75,75,54,17,17,17,54,12,18,15,17,17,0],"gold":228,"neow_bonus":"THREE_ENEMY_KILL","is_prod":false,"is_daily":false,"chose_seed":false,"campfire_upgraded":1,"win_rate":0,"timestamp":1556907818,"path_taken":["M","?","M","$","?","E","M","$","T","R","?","M","M","M","R","BOSS"],"build_version":"2019-04-23","purchased_purges":0,"victory":false,"max_hp_per_floor":[75,75,75,75,75,75,75,75,75,75,75,75,75,75,75,75],"card_choices":[{"not_picked":["Sword Boomerang","True Grit"],"picked":"Thunderclap","floor":1},{"not_picked":["Pommel Strike","Iron Wave"],"picked":"Clothesline","floor":3},{"not_picked":["Clash","Combust"],"picked":"Spot Weakness","floor":5},{"not_picked":["Havoc","Evolve"],"picked":"Sword Boomerang","floor":6},{"not_picked":["Perfected Strike","Wild Strike"],"picked":"Shrug It Off","floor":7},{"not_picked":["Body Slam","Havoc"],"picked":"Brutality","floor":11},{"not_picked":["Clash","Flex","Havoc"],"picked":"SKIP","floor":12},{"not_picked":["Twin Strike","Headbutt"],"picked":"Pommel Strike","floor":13},{"not_picked":["Brutality","Wild Strike"],"picked":"Heavy Blade","floor":14}],"player_experience":1475168,"relics_obtained":[{"floor":6,"key":"Sundial"},{"floor":9,"key":"Regal Pillow"},{"floor":11,"key":"Boot"}],"event_choices":[{"damage_healed":0,"gold_gain":0,"player_choice":"Bought 1 Potion","damage_taken":0,"max_hp_gain":0,"max_hp_loss":0,"event_name":"The Woman in Blue","floor":2,"gold_loss":0},{"damage_healed":0,"gold_gain":0,"player_choice":"Searched \u00271\u0027 times","damage_taken":0,"max_hp_gain":0,"max_hp_loss":0,"event_name":"Dead Adventurer","floor":11,"gold_loss":0}],"is_beta":true,"boss_relics":[],"items_purged_floors":[],"is_endless":false,"potions_floor_spawned":[3,5,6,13,14],"killed_by":"Hexaghost","ascension_level":17}