{"gold_per_floor":[110,110,110,122,140,167,167,193,217,217,217,217,236,206],"floor_reached":14,"playtime":439,"items_purged":[],"score":108,"play_id":"e6ee9217-7e8e-4ecb-b268-8a45018b5b35","local_time":"20190417101531","is_ascension_mode":true,"campfire_choices":[{"data":"Darkness","floor":7,"key":"SMITH"},{"floor":11,"key":"REST"}],"neow_cost":"NONE","seed_source_timestamp":2066479806674241,"circlet_count":0,"master_deck":["Strike_B","Strike_B","Strike_B","Defend_B","Defend_B","Defend_B","Defend_B","Zap+1","Dualcast","Steam","Darkness+1","Genetic Algorithm","Redo","Multi-Cast"],"relics":["Cracked Core","Omamori","Centennial Puzzle","Juzu Bracelet","Dead Branch"],"potions_floor_usage":[14],"damage_taken":[{"damage":0,"enemies":"Small Slimes","floor":1,"turns":2},{"damage":1,"enemies":"Cultist","floor":4,"turns":3},{"damage":12,"enemies":"2 Louse","floor":5,"turns":3},{"damage":24,"enemies":"3 Sentries","floor":6,"turns":7},{"damage":48,"enemies":"Gremlin Nob","floor":8,"turns":5},{"damage":23,"enemies":"Lots of Slimes","floor":13,"turns":5},{"damage":6,"enemies":"Exordium Thugs","floor":14,"turns":2}],"seed_played":"-6311394440545785886","potions_obtained":[{"floor":1,"key":"FearPotion"},{"floor":5,"key":"Dexterity Potion"},{"floor":6,"key":"FairyPotion"}],"is_trial":false,"path_per_floor":["M","?","?","M","M","E","R","E","T","?","R","?","M","M"],"character_chosen":"DEFECT","items_purchased":[],"campfire_rested":1,"item_purchase_floors":[],"current_hp_per_floor":[82,87,87,86,74,50,50,2,2,8,34,27,4,0],"gold":206,"neow_bonus":"TEN_PERCENT_HP_BONUS","is_prod":false,"is_daily":false,"chose_seed":false,"campfire_upgraded":1,"win_rate":0,"timestamp":1555488931,"path_taken":["M","?","?","?","M","E","R","E","T","?","R","?","M","M"],"build_version":"2019-04-04","purchased_purges":0,"victory":false,"max_hp_per_floor":[82,87,87,87,87,87,87,87,87,87,87,87,87,87],"card_choices":[{"not_picked":["Tempest","Hologram"],"picked":"Steam","floor":1},{"not_picked":["Redo","Coolheaded"],"picked":"Darkness","floor":4},{"not_picked":["Streamline","Tempest"],"picked":"Genetic Algorithm","floor":5},{"not_picked":["Sunder","Fusion"],"picked":"Redo","floor":6},{"not_picked":["Blizzard","Gash"],"picked":"Multi-Cast","floor":8},{"not_picked":["Reprogram","BootSequence","Rebound"],"picked":"SKIP","floor":13}],"player_experience":1128513,"relics_obtained":[{"floor":6,"key":"Omamori"},{"floor":8,"key":"Centennial Puzzle"},{"floor":9,"key":"Juzu Bracelet"}],"event_choices":[{"damage_healed":0,"gold_gain":0,"player_choice":"Donut","damage_taken":0,"max_hp_gain":5,"max_hp_loss":0,"event_name":"Big Fish","floor":2,"gold_loss":0},{"damage_healed":0,"gold_gain":0,"player_choice":"Forge","damage_taken":0,"max_hp_gain":0,"max_hp_loss":0,"event_name":"Accursed Blacksmith","floor":3,"gold_loss":0,"cards_upgraded":["Zap"]},{"cards_removed":["Strike_B"],"damage_healed":0,"gold_gain":0,"player_choice":"Card Removal","damage_taken":7,"max_hp_gain":0,"max_hp_loss":0,"event_name":"Golden Wing","floor":10,"gold_loss":0},{"damage_healed":0,"gold_gain":0,"player_choice":"Success","damage_taken":7,"relics_obtained":["Dead Branch"],"max_hp_gain":0,"max_hp_loss":0,"event_name":"Scrap Ooze","floor":12,"gold_loss":0}],"is_beta":true,"boss_relics":[],"items_purged_floors":[],"is_endless":false,"potions_floor_spawned":[1,5,6],"killed_by":"Exordium Thugs","ascension_level":2}