{"gold_per_floor":[119,139,139,139,154,154,166,198,198,215,229,245,245,320,320,423,423,363,363,5,5,5,5,5,5,5,5,5,5,5,5,5,5,5,5,5,5,5,5,5,5,5,5,5,5,5,5,5,5,5],"floor_reached":51,"playtime":5744,"items_purged":["Strike_R"],"score":726,"play_id":"9afb2bc0-a319-4b52-8ae5-629d4a4e0a0b","local_time":"20190520225132","is_ascension_mode":false,"campfire_choices":[{"data":"Iron Wave","floor":6,"key":"SMITH"},{"data":"Pommel Strike","floor":13,"key":"SMITH"},{"floor":15,"key":"REST"},{"data":"Body Slam","floor":23,"key":"SMITH"},{"data":"Armaments","floor":25,"key":"SMITH"},{"data":"Entrench","floor":30,"key":"SMITH"},{"data":"True Grit","floor":32,"key":"SMITH"},{"data":"Entrench","floor":45,"key":"SMITH"},{"data":"Shrug It Off","floor":49,"key":"SMITH"}],"neow_cost":"","seed_source_timestamp":440488198501000,"circlet_count":0,"master_deck":["Strike_R","Strike_R","Defend_R+1","Defend_R","Defend_R","Defend_R","Bash+1","Pommel Strike","True Grit+1","Iron Wave+1","Iron Wave","Shrug It Off+1","Armaments+1","Shrug It Off","Pommel Strike+1","Body Slam+1","Sword Boomerang","Entrench+1","Inflame+1","Shrug It Off+1","Body Slam+1","Second Wind","Headbutt+1","Demon Form+1","Finesse","Entrench+1","Anger+1","Twin Strike+1","Doubt"],"relics":["Burning Blood","Frozen Egg 2","Bag of Preparation","Sundial","Ectoplasm","Bottled Tornado","Red Skull","Charon\u0027s Ashes","Busted Crown","Letter Opener","Pantograph"],"potions_floor_usage":[8,12,16,33,33,33,42,44,50],"damage_taken":[{"damage":5,"enemies":"Cultist","floor":1,"turns":4},{"damage":7,"enemies":"2 Louse","floor":2,"turns":2},{"damage":0,"enemies":"Jaw Worm","floor":5,"turns":3},{"damage":7,"enemies":"Blue Slaver","floor":7,"turns":3},{"damage":27,"enemies":"Lagavulin","floor":8,"turns":8},{"damage":4,"enemies":"Exordium Wildlife","floor":10,"turns":3},{"damage":0,"enemies":"3 Louse","floor":11,"turns":4},{"damage":17,"enemies":"Exordium Thugs","floor":12,"turns":6},{"damage":61,"enemies":"The Guardian","floor":16,"turns":20},{"damage":13,"enemies":"2 Thieves","floor":18,"turns":5},{"damage":15,"enemies":"Shell Parasite","floor":21,"turns":6},{"damage":10,"enemies":"3 Cultists","floor":22,"turns":6},{"damage":2,"enemies":"Cultist and Chosen","floor":27,"turns":6},{"damage":14,"enemies":"Slavers","floor":28,"turns":5},{"damage":6,"enemies":"Snake Plant","floor":31,"turns":3},{"damage":47,"enemies":"Champ","floor":33,"turns":10},{"damage":0,"enemies":"Orb Walker","floor":35,"turns":3},{"damage":26,"enemies":"3 Darklings","floor":38,"turns":4},{"damage":0,"enemies":"Giant Head","floor":40,"turns":6},{"damage":37,"enemies":"Writhing Mass","floor":41,"turns":4},{"damage":7,"enemies":"4 Shapes","floor":42,"turns":4},{"damage":0,"enemies":"Sphere and 2 Shapes","floor":44,"turns":3},{"damage":7,"enemies":"Jaw Worm Horde","floor":46,"turns":4},{"damage":80,"enemies":"Awakened One","floor":50,"turns":8}],"seed_played":"3134895509247062426","potions_obtained":[{"floor":2,"key":"PowerPotion"},{"floor":7,"key":"BloodPotion"},{"floor":11,"key":"Energy Potion"},{"floor":12,"key":"SpeedPotion"},{"floor":16,"key":"AttackPotion"},{"floor":21,"key":"Energy Potion"},{"floor":31,"key":"Fruit Juice"},{"floor":35,"key":"Swift Potion"},{"floor":41,"key":"Fire Potion"},{"floor":46,"key":"GamblersBrew"}],"is_trial":false,"path_per_floor":["M","M","?","?","M","R","M","E","T","M","M","M","R","?","R","B",null,"M","?","$","M","M","R","?","R","T","M","E","?","R","M","R","B",null,"M","?","?","M","$","E","M","M","T","M","R","M","$","?","R","B",null],"character_chosen":"IRONCLAD","items_purchased":["Inflame+1","Bottled Tornado"],"campfire_rested":1,"item_purchase_floors":[20,20],"current_hp_per_floor":[80,79,63,63,69,69,68,55,55,57,63,52,52,41,65,10,80,73,73,73,64,60,60,60,60,60,64,56,90,90,90,90,54,95,95,90,90,70,70,76,45,44,44,50,50,49,49,95,95,21],"gold":5,"neow_bonus":"","is_prod":false,"is_daily":false,"chose_seed":false,"campfire_upgraded":8,"win_rate":0.0,"timestamp":1558407092,"path_taken":["M","M","?","?","M","R","?","E","T","?","M","M","R","?","R","BOSS","M","?","$","M","M","R","?","R","T","M","E","?","R","?","R","BOSS","M","?","?","M","$","E","M","?","T","M","R","M","?","?","R","BOSS"],"build_version":"2019-01-23","purchased_purges":1,"victory":true,"max_hp_per_floor":[80,80,80,80,80,80,80,80,80,80,80,80,80,80,80,80,80,80,80,80,80,80,80,80,80,80,80,80,90,90,90,90,95,95,95,95,95,95,95,95,95,95,95,95,95,95,95,95,95,95],"card_choices":[{"not_picked":["Cleave","Rampage"],"picked":"Pommel Strike","floor":1},{"not_picked":["Clothesline","Fire Breathing"],"picked":"True Grit","floor":2},{"not_picked":["Reckless Charge","Corruption+1"],"picked":"Iron Wave","floor":5},{"not_picked":["Pommel Strike","Anger"],"picked":"Iron Wave","floor":7},{"not_picked":["Thunderclap","Dropkick"],"picked":"Shrug It Off","floor":8},{"not_picked":["True Grit","Headbutt"],"picked":"Armaments","floor":10},{"not_picked":["Power Through","Cleave"],"picked":"Shrug It Off","floor":11},{"not_picked":["Impervious","Warcry"],"picked":"Pommel Strike","floor":12},{"not_picked":["Reaper","Bludgeon"],"picked":"Dark Embrace+1","floor":16},{"not_picked":["Sword Boomerang","Reckless Charge"],"picked":"Body Slam","floor":18},{"not_picked":["Armaments","Twin Strike","Intimidate"],"picked":"SKIP","floor":21},{"not_picked":["Clothesline","Seeing Red"],"picked":"Shrug It Off+1","floor":22},{"not_picked":["Iron Wave","Reckless Charge"],"picked":"Body Slam+1","floor":27},{"not_picked":["Shockwave","Dropkick"],"picked":"Second Wind","floor":28},{"not_picked":["Disarm","Perfected Strike+1"],"picked":"Headbutt+1","floor":31},{"not_picked":["Bludgeon","Berserk+1"],"picked":"Demon Form+1","floor":33},{"not_picked":["Clothesline+1"],"picked":"SKIP","floor":35},{"not_picked":[],"picked":"Finesse","floor":36},{"not_picked":[],"picked":"Anger+1","floor":38},{"not_picked":["Reckless Charge+1"],"picked":"SKIP","floor":40},{"not_picked":["Clash"],"picked":"SKIP","floor":41},{"not_picked":[],"picked":"Twin Strike+1","floor":42},{"not_picked":["Disarm"],"picked":"SKIP","floor":44},{"not_picked":["Perfected Strike+1"],"picked":"SKIP","floor":46}],"player_experience":0,"relics_obtained":[{"floor":8,"key":"Bag of Preparation"},{"floor":9,"key":"Sundial"},{"floor":26,"key":"Red Skull"},{"floor":28,"key":"Charon\u0027s Ashes"},{"floor":40,"key":"Letter Opener"},{"floor":43,"key":"Pantograph"}],"event_choices":[{"damage_healed":0,"gold_gain":0,"player_choice":"Entered Light","damage_taken":16,"max_hp_gain":0,"max_hp_loss":0,"event_name":"Shining Light","floor":3,"gold_loss":0,"cards_upgraded":["Bash","Defend_R"]},{"damage_healed":0,"gold_gain":0,"player_choice":"Gave Potion","damage_taken":0,"relics_obtained":["Frozen Egg 2"],"max_hp_gain":0,"max_hp_loss":0,"event_name":"WeMeetAgain","floor":4,"gold_loss":0},{"damage_healed":0,"gold_gain":75,"player_choice":"Gather Gold","damage_taken":11,"max_hp_gain":0,"max_hp_loss":0,"event_name":"World of Goop","floor":14,"gold_loss":0},{"damage_healed":0,"gold_gain":0,"cards_transformed":["Strike_R","Strike_R"],"player_choice":"Became Test Subject","damage_taken":0,"max_hp_gain":0,"max_hp_loss":0,"event_name":"Drug Dealer","floor":19,"gold_loss":0,"cards_obtained":["Sword Boomerang","Entrench"]},{"cards_removed":["Dark Embrace"],"damage_healed":24,"gold_gain":0,"player_choice":"Offered Rare","damage_taken":0,"max_hp_gain":10,"max_hp_loss":0,"event_name":"Bonfire Elementals","floor":29,"gold_loss":0},{"damage_healed":0,"gold_gain":0,"player_choice":"Memory 2","damage_taken":5,"max_hp_gain":0,"max_hp_loss":0,"event_name":"SensoryStone","floor":36,"gold_loss":0},{"damage_healed":0,"gold_gain":0,"player_choice":"1 cards matched","damage_taken":0,"max_hp_gain":0,"max_hp_loss":0,"event_name":"Match and Keep!","floor":37,"gold_loss":0,"cards_obtained":["Entrench"]},{"damage_healed":46,"gold_gain":0,"player_choice":"Heal","damage_taken":0,"max_hp_gain":0,"max_hp_loss":0,"event_name":"MindBloom","floor":48,"gold_loss":0,"cards_obtained":["Doubt"]}],"is_beta":false,"boss_relics":[{"not_picked":["Fusion Hammer","Tiny House"],"picked":"Ectoplasm"},{"not_picked":["Orrery","Calling Bell"],"picked":"Busted Crown"}],"items_purged_floors":[20],"is_endless":false,"potions_floor_spawned":[2,7,11,12,16,21,31,35,41,46],"ascension_level":0}