{"gold_per_floor":[119,139,150,11,11,39,39,67,67,67,87,87,113,90,102,191,203,231,5,5,5,18,18,38,38,38,38,52,152,152,162,162,237,237,249,249,259,259,269,269],"floor_reached":40,"playtime":1953,"items_purged":["Strike_R"],"score":822,"play_id":"865e97ea-61b2-4e32-89dc-231cefc1a1c2","local_time":"20190512154538","is_ascension_mode":true,"campfire_choices":[{"data":"Bash","floor":7,"key":"SMITH"},{"data":"Iron Wave","floor":10,"key":"SMITH"},{"data":"Iron Wave","floor":15,"key":"SMITH"},{"data":"Inflame","floor":23,"key":"SMITH"},{"data":"Shrug It Off","floor":25,"key":"SMITH"},{"data":"Iron Wave","floor":30,"key":"SMITH"},{"data":"Limit Break","floor":32,"key":"SMITH"}],"neow_cost":"NONE","seed_source_timestamp":1818634279196349,"circlet_count":0,"master_deck":["AscendersBane","Strike_R","Strike_R","Defend_R","Defend_R","Defend_R","Defend_R","Bash+1","Thunderclap","Headbutt","Shrug It Off+1","Feed","Iron Wave+1","Iron Wave+1","Dropkick","Inflame+1","Reaper","Feel No Pain+1","Anger","Iron Wave+1","Limit Break+1","Panacea"],"relics":["Burning Blood","Anchor","Shuriken","Strawberry","MawBank","Coffee Dripper","Bronze Scales","Letter Opener","Bird Faced Urn","Pantograph","Runic Pyramid"],"potions_floor_usage":[6,40],"damage_taken":[{"damage":4,"enemies":"Jaw Worm","floor":1,"turns":5},{"damage":5,"enemies":"Small Slimes","floor":2,"turns":3},{"damage":1,"enemies":"Cultist","floor":3,"turns":3},{"damage":44,"enemies":"Lagavulin","floor":6,"turns":9},{"damage":27,"enemies":"Gremlin Nob","floor":8,"turns":4},{"damage":5,"enemies":"Large Slime","floor":11,"turns":7},{"damage":7,"enemies":"Looter","floor":13,"turns":4},{"damage":33,"enemies":"The Guardian","floor":16,"turns":11},{"damage":28,"enemies":"Spheric Guardian","floor":18,"turns":5},{"damage":5,"enemies":"2 Thieves","floor":22,"turns":3},{"damage":26,"enemies":"3 Cultists","floor":24,"turns":5},{"damage":10,"enemies":"Centurion and Healer","floor":28,"turns":6},{"damage":14,"enemies":"Colosseum Slavers","floor":29,"turns":4},{"damage":54,"enemies":"Colosseum Nobs","floor":29,"turns":5},{"damage":32,"enemies":"Snecko","floor":31,"turns":5},{"damage":52,"enemies":"Champ","floor":33,"turns":9},{"damage":27,"enemies":"3 Shapes","floor":35,"turns":5},{"damage":19,"enemies":"Orb Walker","floor":37,"turns":4},{"damage":24,"enemies":"Jaw Worm Horde","floor":39,"turns":4},{"damage":130,"enemies":"Giant Head","floor":40,"turns":7}],"seed_played":"5194526858271185841","potions_obtained":[{"floor":2,"key":"Poison Potion"},{"floor":11,"key":"SneckoOil"},{"floor":13,"key":"Energy Potion"},{"floor":18,"key":"BloodPotion"},{"floor":24,"key":"LiquidBronze"}],"is_trial":false,"path_per_floor":["M","M","M","$","?","E","R","E","T","R","M","?","M","?","R","B",null,"M","$","?","$","M","R","M","R","T","?","M","?","R","M","R","B",null,"M","?","M","?","M","E"],"character_chosen":"IRONCLAD","items_purchased":["Feed","Iron Wave","Bronze Scales"],"campfire_rested":0,"item_purchase_floors":[4,4,19],"current_hp_per_floor":[70,71,75,75,75,37,37,16,23,23,27,27,29,51,51,24,72,53,53,53,53,65,65,66,66,66,66,87,51,51,40,40,72,102,107,97,97,97,89,0],"gold":269,"neow_bonus":"THREE_CARDS","is_prod":false,"is_daily":false,"chose_seed":false,"campfire_upgraded":7,"win_rate":0,"timestamp":1557668738,"path_taken":["M","M","M","$","?","E","R","E","T","R","M","?","?","?","R","BOSS","M","$","?","?","M","R","M","R","T","?","M","?","R","M","R","BOSS","M","?","M","?","M","E"],"build_version":"2019-05-07","purchased_purges":1,"victory":false,"max_hp_per_floor":[75,75,75,75,75,75,75,75,82,82,85,85,88,88,88,88,88,91,91,91,91,94,94,97,97,97,97,100,106,106,109,109,112,112,115,115,115,115,118,118],"card_choices":[{"not_picked":["Fire Breathing","Wild Strike"],"picked":"Thunderclap","floor":0},{"not_picked":["Pommel Strike","Twin Strike"],"picked":"Headbutt","floor":1},{"not_picked":["Thunderclap","Warcry","Clash"],"picked":"SKIP","floor":2},{"not_picked":["Double Tap","Warcry"],"picked":"Shrug It Off","floor":3},{"not_picked":["Heavy Blade","Carnage"],"picked":"Iron Wave","floor":6},{"not_picked":["Heavy Blade","Shockwave"],"picked":"Dropkick","floor":8},{"not_picked":["Heavy Blade","Havoc","Dual Wield"],"picked":"SKIP","floor":11},{"not_picked":["Perfected Strike","Shockwave"],"picked":"Inflame","floor":13},{"not_picked":["Dark Embrace","Exhume"],"picked":"Reaper","floor":16},{"not_picked":["True Grit","Wild Strike","Warcry"],"picked":"SKIP","floor":18},{"not_picked":["Carnage","Dropkick"],"picked":"Feel No Pain+1","floor":22},{"not_picked":["Twin Strike","Blood for Blood+1"],"picked":"Anger","floor":24},{"not_picked":["Power Through","Burning Pact"],"picked":"Iron Wave","floor":28},{"not_picked":["Rage","Pommel Strike"],"picked":"Limit Break","floor":31},{"not_picked":["Wild Strike","Twin Strike+1","Fire Breathing"],"picked":"SKIP","floor":35},{"not_picked":["Blind","Apotheosis"],"picked":"Panacea","floor":36},{"not_picked":["Dual Wield","True Grit","Infernal Blade"],"picked":"SKIP","floor":37},{"not_picked":["Armaments","Dual Wield+1","Thunderclap"],"picked":"SKIP","floor":39}],"player_experience":1846726,"relics_obtained":[{"floor":6,"key":"Anchor"},{"floor":8,"key":"Shuriken"},{"floor":9,"key":"Strawberry"},{"floor":26,"key":"Letter Opener"},{"floor":29,"key":"Bird Faced Urn"},{"floor":29,"key":"Pantograph"}],"event_choices":[{"damage_healed":0,"gold_gain":0,"player_choice":"Ignored","damage_taken":0,"max_hp_gain":0,"max_hp_loss":0,"event_name":"Liars Game","floor":5,"gold_loss":0},{"damage_healed":0,"gold_gain":0,"player_choice":"Gave Potion","damage_taken":0,"relics_obtained":["MawBank"],"max_hp_gain":0,"max_hp_loss":0,"event_name":"WeMeetAgain","floor":12,"gold_loss":0},{"damage_healed":22,"gold_gain":0,"player_choice":"Healed","damage_taken":0,"max_hp_gain":0,"max_hp_loss":0,"event_name":"The Cleric","floor":14,"gold_loss":35},{"cards_removed":["Strike_R"],"damage_healed":0,"gold_gain":0,"player_choice":"Purged","damage_taken":0,"max_hp_gain":0,"max_hp_loss":0,"event_name":"Purifier","floor":20,"gold_loss":0},{"damage_healed":0,"gold_gain":0,"player_choice":"Ignored","damage_taken":0,"max_hp_gain":0,"max_hp_loss":0,"event_name":"Ghosts","floor":27,"gold_loss":0},{"damage_healed":0,"gold_gain":0,"player_choice":"Fight","damage_taken":0,"max_hp_gain":0,"max_hp_loss":0,"event_name":"Colosseum","floor":29,"gold_loss":0},{"damage_healed":0,"gold_gain":0,"player_choice":"Fought Nobs","damage_taken":0,"max_hp_gain":0,"max_hp_loss":0,"event_name":"Colosseum","floor":29,"gold_loss":0},{"damage_healed":0,"gold_gain":0,"player_choice":"Memory 3","damage_taken":10,"max_hp_gain":0,"max_hp_loss":0,"event_name":"SensoryStone","floor":36,"gold_loss":0},{"cards_removed":["Strike_R"],"damage_healed":0,"gold_gain":0,"player_choice":"Removed Attack","damage_taken":0,"max_hp_gain":0,"max_hp_loss":0,"event_name":"Falling","floor":38,"gold_loss":0}],"is_beta":true,"boss_relics":[{"not_picked":["White Beast Statue","Sozu"],"picked":"Coffee Dripper"},{"not_picked":["Tiny House","Velvet Choker"],"picked":"Runic Pyramid"}],"items_purged_floors":[19],"is_endless":false,"potions_floor_spawned":[2,11,13,18,24,33],"killed_by":"Giant Head","ascension_level":19}