{"gold_per_floor":[109,124,199,212,224,224,255,268,291,291,307,307,307,324,324,399,399,418,418,418,126,146,146,159,172,172,29,40,40],"floor_reached":29,"playtime":9493,"items_purged":["Shame"],"score":426,"play_id":"eded277d-fb78-40b9-a8f7-b8d0ab41fbd4","local_time":"20190121143811","is_ascension_mode":true,"campfire_choices":[{"data":"Armaments","floor":6,"key":"SMITH"},{"floor":10,"key":"REST"},{"data":"Bash","floor":12,"key":"SMITH"},{"data":"Whirlwind","floor":15,"key":"SMITH"},{"data":"Juggernaut","floor":23,"key":"SMITH"}],"neow_cost":"NONE","seed_source_timestamp":24378700123200,"circlet_count":0,"master_deck":["AscendersBane","Defend_R","Defend_R","Defend_R","Bash+1","Dropkick","Armaments+1","Uppercut","Evolve","Brutality","Whirlwind+1","Juggernaut+1","Bite","Bite","Bite","Bite","Bite","Warcry","Headbutt","Infernal Blade","Double Tap","Feel No Pain"],"relics":["Burning Blood","Regal Pillow","Meat on the Bone","Centennial Puzzle","Cursed Key","Ice Cream","Darkstone Periapt"],"potions_floor_usage":[7,8,16,18,29,29],"damage_taken":[{"damage":1,"enemies":"Cultist","floor":1,"turns":3},{"damage":9,"enemies":"Jaw Worm","floor":2,"turns":3},{"damage":8,"enemies":"2 Louse","floor":4,"turns":3},{"damage":7,"enemies":"Blue Slaver","floor":5,"turns":3},{"damage":25,"enemies":"Lagavulin","floor":7,"turns":5},{"damage":26,"enemies":"Exordium Thugs","floor":8,"turns":4},{"damage":13,"enemies":"3 Louse","floor":11,"turns":5},{"damage":9,"enemies":"Looter","floor":14,"turns":3},{"damage":53,"enemies":"The Guardian","floor":16,"turns":16},{"damage":21,"enemies":"Shell Parasite","floor":18,"turns":3},{"damage":2,"enemies":"Chosen","floor":22,"turns":4},{"damage":23,"enemies":"3 Cultists","floor":24,"turns":5},{"damage":16,"enemies":"Snecko","floor":25,"turns":4},{"damage":39,"enemies":"Snake Plant","floor":28,"turns":4},{"damage":43,"enemies":"Book of Stabbing","floor":29,"turns":4}],"seed_played":"-6384642028519825513","potions_obtained":[{"floor":1,"key":"PowerPotion"},{"floor":7,"key":"Poison Potion"},{"floor":11,"key":"Energy Potion"},{"floor":14,"key":"Energy Potion"},{"floor":18,"key":"SteroidPotion"},{"floor":25,"key":"GamblersBrew"},{"floor":28,"key":"LiquidBronze"}],"is_trial":false,"path_per_floor":["M","M","?","M","M","R","E","M","T","R","M","R","?","M","R","B",null,"M","?","?","$","M","R","M","M","T","$","M","E"],"character_chosen":"IRONCLAD","items_purchased":["Ice Cream","Double Tap"],"campfire_rested":1,"item_purchase_floors":[21,27],"current_hp_per_floor":[73,70,59,57,56,56,37,29,29,66,59,59,59,56,56,21,62,47,47,47,47,52,52,47,51,51,51,37,0],"gold":40,"neow_bonus":"RANDOM_COMMON_RELIC","is_prod":false,"is_daily":false,"chose_seed":false,"campfire_upgraded":4,"win_rate":0,"timestamp":1548099491,"path_taken":["M","?","?","M","M","R","E","M","T","R","M","R","?","M","R","BOSS","M","?","?","$","M","R","M","?","T","$","M","E"],"build_version":"2019-01-17v2","purchased_purges":1,"victory":false,"max_hp_per_floor":[75,75,75,75,75,75,75,75,75,75,75,75,75,75,75,75,75,75,52,52,52,52,52,52,52,52,52,52,52],"card_choices":[{"not_picked":["Rage","Headbutt"],"picked":"Dropkick","floor":1},{"not_picked":["True Grit","Twin Strike"],"picked":"Armaments","floor":2},{"not_picked":["Searing Blow","Disarm"],"picked":"Uppercut","floor":4},{"not_picked":["Body Slam","True Grit","Havoc"],"picked":"SKIP","floor":5},{"not_picked":["Corruption","Thunderclap"],"picked":"Evolve","floor":7},{"not_picked":["Twin Strike","Armaments"],"picked":"Brutality","floor":8},{"not_picked":["Anger","Armaments","Body Slam"],"picked":"SKIP","floor":11},{"not_picked":["Iron Wave","Reckless Charge"],"picked":"Whirlwind","floor":14},{"not_picked":["Bludgeon","Dark Embrace"],"picked":"Juggernaut","floor":16},{"not_picked":["Headbutt","Iron Wave","Havoc"],"picked":"SKIP","floor":18},{"not_picked":["Corruption","Cleave"],"picked":"Warcry","floor":22},{"not_picked":["Havoc","Wild Strike"],"picked":"Headbutt","floor":24},{"not_picked":["Havoc","Shrug It Off"],"picked":"Infernal Blade","floor":25},{"not_picked":["Pommel Strike+1","Dropkick"],"picked":"Feel No Pain","floor":28}],"player_experience":1819198,"relics_obtained":[{"floor":7,"key":"Meat on the Bone"},{"floor":9,"key":"Centennial Puzzle"},{"floor":26,"key":"Darkstone Periapt"}],"event_choices":[{"damage_healed":0,"gold_gain":75,"player_choice":"Gather Gold","damage_taken":11,"max_hp_gain":0,"max_hp_loss":0,"event_name":"World of Goop","floor":3,"gold_loss":0},{"damage_healed":0,"gold_gain":0,"player_choice":"Ignored","damage_taken":0,"max_hp_gain":0,"max_hp_loss":0,"event_name":"Shining Light","floor":13,"gold_loss":0},{"damage_healed":0,"gold_gain":0,"player_choice":"Became a vampire","damage_taken":0,"max_hp_gain":0,"max_hp_loss":23,"event_name":"Vampires","floor":19,"gold_loss":0,"cards_obtained":["Bite","Bite","Bite","Bite","Bite"]},{"cards_removed":["Defend_R"],"damage_healed":0,"gold_gain":0,"player_choice":"Purged","damage_taken":0,"max_hp_gain":0,"max_hp_loss":0,"event_name":"Purifier","floor":20,"gold_loss":0}],"is_beta":false,"boss_relics":[{"not_picked":["Philosopher\u0027s Stone","White Beast Statue"],"picked":"Cursed Key"}],"items_purged_floors":[27],"is_endless":false,"potions_floor_spawned":[1,7,11,14,18,25,28],"killed_by":"Book of Stabbing","ascension_level":15}