{"gold_per_floor":[109,109,128,139,152,152,164,177,177,187,187,212,231,246,246,350,350,362,376,78,92,111,136,136,161,209,209,308,333,344,254,254,254],"floor_reached":33,"playtime":1758,"items_purged":[],"score":366,"play_id":"c0636117-db48-4ebd-850c-b1349f97b8e6","local_time":"20180929192751","is_ascension_mode":true,"campfire_choices":[{"data":"Armaments","floor":6,"key":"SMITH"},{"floor":11,"key":"REST"},{"floor":15,"key":"REST"},{"floor":24,"key":"REST"},{"floor":27,"key":"REST"},{"floor":32,"key":"REST"}],"neow_cost":"NONE","seed_source_timestamp":207761572262187,"circlet_count":0,"master_deck":["Strike_R","Strike_R","Strike_R","Strike_R","Defend_R","Defend_R","Double Tap+1","Wild Strike+1","Hemokinesis+1","Shockwave","Armaments+1","Rage","Evolve","Cleave","Flex","Power Through","Power Through","Wild Strike","Demon Form","Flex","Metallicize+1","Flex","Pommel Strike","Burning Pact","Metallicize","Bludgeon","Body Slam+1","Heavy Blade+1"],"relics":["Astrolabe","Thread and Needle","Turnip","Pear","Busted Crown","Prayer Wheel","FossilizedHelix","Centennial Puzzle","Omamori","Red Mask"],"potions_floor_usage":[16,22,23,29,30],"damage_taken":[{"damage":9,"enemies":"Jaw Worm","floor":1,"turns":2},{"damage":2,"enemies":"2 Louse","floor":3,"turns":2},{"damage":0,"enemies":"Small Slimes","floor":4,"turns":2},{"damage":4,"enemies":"Exordium Wildlife","floor":5,"turns":3},{"damage":12,"enemies":"Large Slime","floor":7,"turns":7},{"damage":6,"enemies":"Looter","floor":8,"turns":2},{"damage":4,"enemies":"Blue Slaver","floor":10,"turns":3},{"damage":10,"enemies":"3 Sentries","floor":12,"turns":4},{"damage":9,"enemies":"Large Slime","floor":13,"turns":6},{"damage":5,"enemies":"2 Fungi Beasts","floor":14,"turns":4},{"damage":52,"enemies":"The Guardian","floor":16,"turns":14},{"damage":4,"enemies":"3 Byrds","floor":18,"turns":5},{"damage":3,"enemies":"Chosen","floor":19,"turns":4},{"damage":12,"enemies":"Shelled Parasite and Fungi","floor":21,"turns":6},{"damage":23,"enemies":"Cultist and Chosen","floor":22,"turns":7},{"damage":46,"enemies":"Book of Stabbing","floor":23,"turns":7},{"damage":7,"enemies":"Slavers","floor":25,"turns":6},{"damage":14,"enemies":"Masked Bandits","floor":29,"turns":6},{"damage":0,"enemies":"3 Cultists","floor":30,"turns":5},{"damage":64,"enemies":"Automaton","floor":33,"turns":10}],"seed_played":"4948984716242975484","potions_obtained":[{"floor":3,"key":"Weak Potion"},{"floor":7,"key":"Regen Potion"},{"floor":8,"key":"PowerPotion"},{"floor":14,"key":"Strength Potion"},{"floor":18,"key":"Energy Potion"},{"floor":25,"key":"Energy Potion"},{"floor":30,"key":"Ancient Potion"}],"is_trial":false,"path_per_floor":["M","?","M","M","M","R","M","M","T","M","R","E","M","M","R","B",null,"M","M","$","M","M","E","R","E","T","R","?","?","M","?","R"],"character_chosen":"IRONCLAD","items_purchased":["Prayer Wheel"],"campfire_rested":5,"item_purchase_floors":[20],"current_hp_per_floor":[71,68,66,66,62,62,50,44,44,40,64,64,55,50,77,25,74,70,67,67,55,32,1,28,21,21,48,48,34,34,34,61,0],"gold":254,"neow_bonus":"BOSS_RELIC","is_prod":false,"is_daily":false,"chose_seed":false,"campfire_upgraded":1,"win_rate":0,"timestamp":1538263671,"path_taken":["M","?","M","M","M","R","M","M","T","M","R","E","M","M","R","BOSS","M","M","$","M","M","E","R","E","T","R","?","?","?","?","R","BOSS"],"build_version":"2018-09-27","purchased_purges":0,"victory":false,"max_hp_per_floor":[80,80,80,80,80,80,80,80,80,80,80,90,90,90,90,90,90,90,90,90,90,90,90,90,90,90,90,90,90,90,90,90,90],"card_choices":[{"not_picked":["Clash","Body Slam"],"picked":"Shockwave","floor":1},{"not_picked":["True Grit","Bloodletting"],"picked":"Armaments","floor":3},{"not_picked":["Havoc","Uppercut"],"picked":"Rage","floor":4},{"not_picked":["Pummel","Burning Pact"],"picked":"Evolve","floor":5},{"not_picked":["Heavy Blade","Second Wind"],"picked":"Cleave","floor":7},{"not_picked":["Iron Wave","True Grit"],"picked":"Flex","floor":8},{"not_picked":["Rupture","Iron Wave","True Grit"],"picked":"SKIP","floor":10},{"not_picked":["Battle Trance","Fire Breathing"],"picked":"Power Through","floor":12},{"not_picked":["Body Slam","Twin Strike"],"picked":"Power Through","floor":13},{"not_picked":["Iron Wave","Feel No Pain"],"picked":"Wild Strike","floor":14},{"not_picked":["Exhume","Limit Break"],"picked":"Demon Form","floor":16},{"not_picked":[],"picked":"Flex","floor":18},{"not_picked":[],"picked":"Metallicize+1","floor":19},{"not_picked":[],"picked":"Flex","floor":21},{"not_picked":[],"picked":"Pommel Strike","floor":21},{"not_picked":[],"picked":"Burning Pact","floor":22},{"not_picked":[],"picked":"Metallicize","floor":22},{"not_picked":["Carnage"],"picked":"SKIP","floor":23},{"not_picked":[],"picked":"Bludgeon","floor":25},{"not_picked":[],"picked":"Body Slam+1","floor":29},{"not_picked":[],"picked":"Heavy Blade","floor":30},{"not_picked":["Clash"],"picked":"SKIP","floor":30}],"player_experience":1080565,"relics_obtained":[{"floor":9,"key":"Turnip"},{"floor":12,"key":"Pear"},{"floor":23,"key":"FossilizedHelix"},{"floor":25,"key":"Centennial Puzzle"},{"floor":26,"key":"Omamori"},{"floor":29,"key":"Red Mask"}],"event_choices":[{"event_name":"Scrap Ooze","player_choice":"success","floor":2,"damage_taken":3},{"event_name":"Nest","player_choice":"Stole From Cult","floor":28,"damage_taken":0},{"event_name":"Masked Bandits","player_choice":"Fought Bandits","floor":29,"damage_taken":0},{"event_name":"Designer","player_choice":"Full Service","floor":31,"damage_taken":0}],"is_beta":false,"boss_relics":[{"not_picked":["Runic Dome","Lizard Tail"],"picked":"Busted Crown"}],"items_purged_floors":[],"is_endless":false,"potions_floor_spawned":[3,7,8,12,13,14,18,25,30],"killed_by":"Automaton","ascension_level":5}