{"gold_per_floor":[115,126,145,7,7,7,36,36,84,84,95,170,181,211,211,284,284,300,399,13,13,13,13,31,66,93,93,93,93,93,93,93,172,172,183,183,183],"floor_reached":37,"playtime":1201,"items_purged":["Strike_R"],"score":645,"play_id":"1761dcb2-3436-4ede-a176-9cb9699aed07","local_time":"20190428120940","is_ascension_mode":true,"campfire_choices":[{"data":"Bash","floor":6,"key":"SMITH"},{"data":"Iron Wave","floor":8,"key":"SMITH"},{"data":"Flame Barrier","floor":10,"key":"SMITH"},{"floor":15,"key":"REST"},{"data":"Body Slam","floor":23,"key":"SMITH"},{"floor":27,"key":"REST"},{"data":"Shrug It Off","floor":29,"key":"SMITH"},{"data":"Shrug It Off","floor":32,"key":"SMITH"}],"neow_cost":"NONE","seed_source_timestamp":596827579070309,"circlet_count":0,"master_deck":["AscendersBane","Strike_R","Strike_R","Strike_R+1","Strike_R+1","Defend_R","Defend_R+1","Defend_R+1","Bash+1","Pommel Strike","Shrug It Off+1","Carnage","Iron Wave+1","Shrug It Off+1","Flame Barrier+1","Body Slam+1","Headbutt","Juggernaut","Barricade","Flame Barrier","Shrug It Off","Writhe","Rage","Shockwave","Impervious","Evolve+1","Panacea"],"relics":["Burning Blood","Regal Pillow","Happy Flower","Unceasing Top","Mark of Pain","Question Card","Dodecahedron","War Paint","Potion Belt","Enchiridion","Busted Crown"],"potions_floor_usage":[7,14,16,33],"damage_taken":[{"damage":0,"enemies":"Small Slimes","floor":1,"turns":3},{"damage":3,"enemies":"Jaw Worm","floor":2,"turns":4},{"damage":0,"enemies":"2 Louse","floor":3,"turns":2},{"damage":30,"enemies":"Gremlin Nob","floor":7,"turns":5},{"damage":8,"enemies":"Exordium Thugs","floor":11,"turns":5},{"damage":0,"enemies":"Large Slime","floor":13,"turns":4},{"damage":14,"enemies":"3 Sentries","floor":14,"turns":5},{"damage":34,"enemies":"Slime Boss","floor":16,"turns":10},{"damage":30,"enemies":"Spheric Guardian","floor":18,"turns":5},{"damage":11,"enemies":"3 Byrds","floor":24,"turns":4},{"damage":21,"enemies":"Book of Stabbing","floor":25,"turns":5},{"damage":22,"enemies":"Champ","floor":33,"turns":13},{"damage":0,"enemies":"3 Shapes","floor":35,"turns":5},{"damage":87,"enemies":"2 Orb Walkers","floor":37,"turns":6}],"seed_played":"5007720985745774487","potions_obtained":[{"floor":1,"key":"Weak Potion"},{"floor":2,"key":"EntropicBrew"},{"floor":3,"key":"Energy Potion"},{"floor":11,"key":"PowerPotion"},{"floor":25,"key":"LiquidBronze"}],"is_trial":false,"path_per_floor":["M","M","M","$","?","R","E","R","T","R","M","?","M","E","R","B",null,"M","?","$","?","?","R","M","E","T","R","?","R","?","$","R","B",null,"M","?","?"],"character_chosen":"IRONCLAD","items_purchased":["Iron Wave","Shrug It Off","Flame Barrier","Question Card","Shrug It Off"],"campfire_rested":2,"item_purchase_floors":[4,4,4,20,20],"current_hp_per_floor":[78,80,80,80,64,64,40,40,40,40,38,27,33,25,64,36,69,45,45,45,45,45,45,40,25,25,64,48,48,74,74,74,58,75,80,70,0],"gold":183,"neow_bonus":"REMOVE_CARD","is_prod":false,"is_daily":false,"chose_seed":false,"campfire_upgraded":6,"win_rate":0,"timestamp":1556446180,"path_taken":["M","M","M","$","?","R","E","R","T","R","M","?","M","E","R","BOSS","M","?","$","?","?","R","?","E","T","R","?","R","?","?","R","BOSS","M","?","?"],"build_version":"2019-04-23","purchased_purges":1,"victory":false,"max_hp_per_floor":[80,80,80,80,80,80,80,80,80,80,80,80,80,80,80,80,80,80,80,80,80,80,80,80,80,80,80,80,80,80,80,80,80,80,80,80,80],"card_choices":[{"not_picked":["Feel No Pain","Body Slam"],"picked":"Pommel Strike","floor":1},{"not_picked":["Body Slam","Flex"],"picked":"Shrug It Off","floor":2},{"not_picked":["True Grit","Exhume"],"picked":"Carnage","floor":3},{"not_picked":["Perfected Strike","Warcry","Twin Strike"],"picked":"SKIP","floor":7},{"not_picked":["Heavy Blade","Perfected Strike"],"picked":"Body Slam","floor":11},{"not_picked":["Body Slam","Clash"],"picked":"Headbutt","floor":13},{"not_picked":["Battle Trance","Clothesline"],"picked":"Juggernaut","floor":14},{"not_picked":["Double Tap","Berserk"],"picked":"Barricade","floor":16},{"not_picked":["Feel No Pain","Wild Strike"],"picked":"Flame Barrier","floor":18},{"not_picked":["Anger","True Grit","Searing Blow"],"picked":"Rage","floor":24},{"not_picked":["Burning Pact","Uppercut","Cleave"],"picked":"Shockwave","floor":25},{"not_picked":["Exhume","Dark Embrace","Double Tap"],"picked":"Impervious","floor":33},{"not_picked":["Perfected Strike"],"picked":"Evolve+1","floor":35},{"not_picked":["Secret Weapon"],"picked":"Panacea","floor":36}],"player_experience":1270987,"relics_obtained":[{"floor":7,"key":"Regal Pillow"},{"floor":9,"key":"Happy Flower"},{"floor":14,"key":"Unceasing Top"},{"floor":25,"key":"War Paint"},{"floor":26,"key":"Potion Belt"},{"floor":28,"key":"Enchiridion"}],"event_choices":[{"damage_healed":0,"gold_gain":0,"player_choice":"Entered Light","damage_taken":16,"max_hp_gain":0,"max_hp_loss":0,"event_name":"Shining Light","floor":5,"gold_loss":0,"cards_upgraded":["Strike_R","Strike_R"]},{"damage_healed":0,"gold_gain":75,"player_choice":"Gather Gold","damage_taken":11,"max_hp_gain":0,"max_hp_loss":0,"event_name":"World of Goop","floor":12,"gold_loss":0},{"damage_healed":0,"gold_gain":99,"player_choice":"Stole From Cult","damage_taken":0,"max_hp_gain":0,"max_hp_loss":0,"event_name":"Nest","floor":19,"gold_loss":0},{"damage_healed":0,"gold_gain":0,"player_choice":"Ignored","damage_taken":0,"max_hp_gain":0,"max_hp_loss":0,"event_name":"Beggar","floor":21,"gold_loss":0},{"damage_healed":0,"gold_gain":0,"player_choice":"Opened","damage_taken":0,"relics_obtained":["Dodecahedron"],"max_hp_gain":0,"max_hp_loss":0,"event_name":"The Mausoleum","floor":22,"gold_loss":0,"cards_obtained":["Writhe"]},{"damage_healed":0,"gold_gain":0,"player_choice":"Obtained Book","damage_taken":16,"max_hp_gain":0,"max_hp_loss":0,"event_name":"Cursed Tome","floor":28,"gold_loss":0},{"damage_healed":26,"gold_gain":0,"player_choice":"Heal","damage_taken":0,"max_hp_gain":0,"max_hp_loss":0,"event_name":"The Library","floor":30,"gold_loss":0},{"damage_healed":0,"gold_gain":0,"player_choice":"Memory 3","damage_taken":10,"max_hp_gain":0,"max_hp_loss":0,"event_name":"SensoryStone","floor":36,"gold_loss":0},{"damage_healed":0,"gold_gain":0,"player_choice":"Fight","damage_taken":0,"max_hp_gain":0,"max_hp_loss":0,"event_name":"Mysterious Sphere","floor":37,"gold_loss":0}],"is_beta":true,"boss_relics":[{"not_picked":["Ectoplasm","Empty Cage"],"picked":"Mark of Pain"},{"not_picked":["Black Star","Runic Cube"],"picked":"Busted Crown"}],"items_purged_floors":[20],"is_endless":false,"potions_floor_spawned":[1,2,3,11,25],"killed_by":"2 Orb Walkers","ascension_level":13}