{"gold_per_floor":[114,129,279,297,114,114,114,114,161,0,0,20,20,20],"floor_reached":14,"playtime":291,"items_purged":["Doubt"],"score":148,"play_id":"51ecbb53-6f4f-4a8c-a4c1-464fe292cb04","local_time":"20190505134446","is_ascension_mode":true,"campfire_choices":[{"data":"Redo","floor":6,"key":"SMITH"},{"data":"Go for the Eyes","floor":8,"key":"SMITH"},{"floor":13,"key":"REST"}],"neow_cost":"NONE","seed_source_timestamp":1208245142116344,"circlet_count":0,"master_deck":["AscendersBane","Strike_B","Strike_B","Strike_B","Strike_B","Defend_B","Defend_B","Defend_B+1","Defend_B","Zap","Dualcast+1","Redo+1","Ball Lightning","White Noise","Go for the Eyes+1","Barrage","Hologram","Leap"],"relics":["Cracked Core","Orichalcum","Tiny Chest","Lantern"],"potions_floor_usage":[12,12],"damage_taken":[{"damage":0,"enemies":"Jaw Worm","floor":1,"turns":4},{"damage":2,"enemies":"2 Louse","floor":2,"turns":2},{"damage":1,"enemies":"Cultist","floor":4,"turns":3},{"damage":7,"enemies":"3 Louse","floor":12,"turns":2},{"damage":31,"enemies":"3 Sentries","floor":14,"turns":6}],"seed_played":"8928997787610564193","potions_obtained":[{"floor":1,"key":"Swift Potion"},{"floor":2,"key":"Energy Potion"}],"is_trial":false,"path_per_floor":["M","M","?","M","$","R","?","R","T","$","?","M","R","E"],"character_chosen":"DEFECT","items_purchased":["Go for the Eyes","Barrage","Tiny Chest","Hologram"],"campfire_rested":1,"item_purchase_floors":[5,5,10,10],"current_hp_per_floor":[71,69,69,68,68,68,45,45,45,45,10,3,26,0],"gold":20,"neow_bonus":"TEN_PERCENT_HP_BONUS","is_prod":false,"is_daily":false,"chose_seed":false,"campfire_upgraded":2,"win_rate":0,"timestamp":1557056686,"path_taken":["M","M","?","M","$","R","?","R","T","$","?","M","R","E"],"build_version":"2019-04-23","purchased_purges":1,"victory":false,"max_hp_per_floor":[78,78,78,78,78,78,78,78,78,78,78,78,78,78],"card_choices":[{"not_picked":["Consume","Storm"],"picked":"Redo","floor":1},{"not_picked":["Hologram","Streamline"],"picked":"Ball Lightning","floor":2},{"not_picked":["Storm","Streamline"],"picked":"White Noise","floor":4},{"not_picked":["Steam Power","Steam"],"picked":"Leap","floor":12}],"player_experience":1515882,"relics_obtained":[{"floor":9,"key":"Orichalcum"}],"event_choices":[{"damage_healed":0,"gold_gain":150,"player_choice":"AGREE","damage_taken":0,"max_hp_gain":0,"max_hp_loss":0,"event_name":"Liars Game","floor":3,"gold_loss":0,"cards_obtained":["Doubt"]},{"damage_healed":0,"gold_gain":0,"player_choice":"Entered Light","damage_taken":23,"max_hp_gain":0,"max_hp_loss":0,"event_name":"Shining Light","floor":7,"gold_loss":0,"cards_upgraded":["Defend_B","Dualcast"]},{"damage_healed":0,"gold_gain":0,"player_choice":"Success","damage_taken":35,"relics_obtained":["Lantern"],"max_hp_gain":0,"max_hp_loss":0,"event_name":"Scrap Ooze","floor":11,"gold_loss":0}],"is_beta":true,"boss_relics":[],"items_purged_floors":[5],"is_endless":false,"potions_floor_spawned":[1,2],"killed_by":"3 Sentries","ascension_level":18}