{"gold_per_floor":[109,109,126,138,61,61,71,91,91,103,103,53,69,104,104,104],"floor_reached":16,"playtime":5899,"items_purged":[],"score":156,"play_id":"7ecf0f71-8059-441b-ae37-1ea62e688e6c","local_time":"20190105005858","is_ascension_mode":true,"campfire_choices":[{"data":"Discovery","floor":6,"key":"SMITH"},{"data":"Armaments","floor":11,"key":"SMITH"},{"floor":15,"key":"REST"}],"neow_cost":"TEN_PERCENT_HP_LOSS","seed_source_timestamp":435059454841800,"circlet_count":0,"master_deck":["AscendersBane","Strike_R","Strike_R","Strike_R","Strike_R","Defend_R","Defend_R","Defend_R","Defend_R","Bash","Discovery+1","Blind","Pommel Strike","Infernal Blade","Ghostly Armor","Demon Form","Heavy Blade","Headbutt","Armaments+1","Shrug It Off"],"relics":["Burning Blood","WingedGreaves","Ornamental Fan","Singing Bowl"],"potions_floor_usage":[14,16,16],"damage_taken":[{"damage":9,"enemies":"Small Slimes","floor":1,"turns":3},{"damage":7,"enemies":"2 Louse","floor":3,"turns":2},{"damage":4,"enemies":"Jaw Worm","floor":4,"turns":3},{"damage":6,"enemies":"Looter","floor":7,"turns":3},{"damage":3,"enemies":"Large Slime","floor":8,"turns":5},{"damage":16,"enemies":"3 Louse","floor":10,"turns":4},{"damage":2,"enemies":"Red Slaver","floor":13,"turns":4},{"damage":28,"enemies":"Gremlin Nob","floor":14,"turns":5},{"damage":64,"enemies":"Hexaghost","floor":16,"turns":18}],"seed_played":"-2338139061546874829","potions_obtained":[{"floor":4,"key":"EssenceOfSteel"},{"floor":7,"key":"EntropicBrew"},{"floor":10,"key":"AttackPotion"}],"is_trial":false,"path_per_floor":["M","?","M","M","$","R","M","M","T","M","R","?","M","E","R","B"],"character_chosen":"IRONCLAD","items_purchased":["Demon Form"],"campfire_rested":1,"item_purchase_floors":[5],"current_hp_per_floor":[69,62,61,63,63,63,63,66,66,56,56,56,60,38,59,0],"gold":104,"neow_bonus":"RANDOM_COLORLESS_2","is_prod":false,"is_daily":false,"chose_seed":false,"campfire_upgraded":2,"win_rate":0,"timestamp":1546667938,"path_taken":["M","?","M","M","$","R","M","M","T","M","R","?","?","E","R","BOSS"],"build_version":"2019-01-03v4","purchased_purges":0,"victory":false,"max_hp_per_floor":[72,72,72,72,72,72,72,72,72,72,72,72,72,72,72,72],"card_choices":[{"not_picked":["Havoc","Blood for Blood"],"picked":"Pommel Strike","floor":1},{"not_picked":["Whirlwind","Fire Breathing"],"picked":"Infernal Blade","floor":3},{"not_picked":["Clash","Sever Soul"],"picked":"Ghostly Armor","floor":4},{"not_picked":["Burning Pact","Ghostly Armor"],"picked":"Heavy Blade","floor":7},{"not_picked":["Sentinel","Pommel Strike"],"picked":"Headbutt","floor":8},{"not_picked":["Corruption","Clothesline"],"picked":"Armaments","floor":10},{"not_picked":["Power Through","Clash","Armaments"],"picked":"SKIP","floor":13},{"not_picked":["Dark Embrace","Pummel"],"picked":"Shrug It Off","floor":14}],"player_experience":1681506,"relics_obtained":[{"floor":9,"key":"Ornamental Fan"},{"floor":14,"key":"Singing Bowl"}],"event_choices":[{"damage_healed":0,"gold_gain":0,"player_choice":"Success","damage_taken":7,"relics_obtained":["WingedGreaves"],"max_hp_gain":0,"max_hp_loss":0,"event_name":"Scrap Ooze","floor":2,"gold_loss":0},{"cards_removed":["Strike_R"],"damage_healed":0,"gold_gain":0,"player_choice":"Card Removal","damage_taken":0,"max_hp_gain":0,"max_hp_loss":0,"event_name":"The Cleric","floor":12,"gold_loss":50}],"is_beta":false,"boss_relics":[],"items_purged_floors":[],"is_endless":false,"potions_floor_spawned":[4,7,10,13],"killed_by":"Hexaghost","ascension_level":10}