{"gold_per_floor":[117,137,137,149,149,149,180,180,205,215,215,232,252,252],"floor_reached":14,"playtime":394,"items_purged":[],"score":184,"play_id":"34c3b57f-2347-4600-a3dc-a4a30e819114","local_time":"20190512221507","is_ascension_mode":true,"campfire_choices":[{"data":"Defragment","floor":6,"key":"SMITH"},{"data":"Leap","floor":8,"key":"SMITH"},{"data":"Doom and Gloom","floor":11,"key":"SMITH"}],"neow_cost":"NONE","seed_source_timestamp":1843562339719727,"circlet_count":0,"master_deck":["AscendersBane","Strike_B","Strike_B","Strike_B","Defend_B","Defend_B+1","Defend_B","Defend_B","Zap","Dualcast+1","Genetic Algorithm","Leap+1","Defragment+1","Doom and Gloom+1","Go for the Eyes","Stack","Fusion","Chill"],"relics":["Cracked Core","War Paint","Vajra"],"potions_floor_usage":[14],"damage_taken":[{"damage":1,"enemies":"Cultist","floor":1,"turns":3},{"damage":3,"enemies":"2 Louse","floor":2,"turns":4},{"damage":5,"enemies":"Small Slimes","floor":4,"turns":4},{"damage":12,"enemies":"Lagavulin","floor":7,"turns":7},{"damage":9,"enemies":"Exordium Wildlife","floor":10,"turns":5},{"damage":3,"enemies":"Large Slime","floor":12,"turns":5},{"damage":11,"enemies":"Gremlin Gang","floor":13,"turns":4},{"damage":44,"enemies":"Gremlin Nob","floor":14,"turns":3}],"seed_played":"-3553435348871625030","potions_obtained":[{"floor":2,"key":"LiquidBronze"},{"floor":4,"key":"Fire Potion"}],"is_trial":false,"path_per_floor":["M","M","?","M","?","R","E","R","T","M","R","M","M","E"],"character_chosen":"DEFECT","items_purchased":[],"campfire_rested":0,"item_purchase_floors":[],"current_hp_per_floor":[70,67,67,62,62,62,50,50,50,41,41,38,27,0],"gold":252,"neow_bonus":"TEN_PERCENT_HP_BONUS","is_prod":false,"is_daily":false,"chose_seed":false,"campfire_upgraded":3,"win_rate":0,"timestamp":1557692107,"path_taken":["M","M","?","?","?","R","E","R","T","M","R","M","M","E"],"build_version":"2019-05-07","purchased_purges":0,"victory":false,"max_hp_per_floor":[78,78,78,78,78,78,78,78,78,78,78,78,78,78],"card_choices":[{"not_picked":["Go for the Eyes","Turbo"],"picked":"Genetic Algorithm","floor":1},{"not_picked":["Steam","Hologram"],"picked":"Leap","floor":2},{"not_picked":["Go for the Eyes","Beam Cell"],"picked":"Defragment","floor":4},{"not_picked":["Turbo","Streamline"],"picked":"Go for the Eyes","floor":7},{"not_picked":["Rebound","Double Energy"],"picked":"Stack","floor":10},{"not_picked":["Turbo","Sunder"],"picked":"Fusion","floor":12},{"not_picked":["Machine Learning","Turbo"],"picked":"Chill","floor":13}],"player_experience":1867475,"relics_obtained":[{"floor":7,"key":"War Paint"},{"floor":9,"key":"Vajra"}],"event_choices":[{"cards_removed":["Strike_B"],"damage_healed":0,"gold_gain":0,"player_choice":"Purged","damage_taken":0,"max_hp_gain":0,"max_hp_loss":0,"event_name":"Purifier","floor":3,"gold_loss":0},{"damage_healed":0,"gold_gain":0,"player_choice":"1 cards matched","damage_taken":0,"max_hp_gain":0,"max_hp_loss":0,"event_name":"Match and Keep!","floor":5,"gold_loss":0,"cards_obtained":["Doom and Gloom"]}],"is_beta":true,"boss_relics":[],"items_purged_floors":[],"is_endless":false,"potions_floor_spawned":[2,4,12,13],"killed_by":"Gremlin Nob","ascension_level":20}