{"gold_per_floor":[115,115,43,8,8,33,33,50,50,84,84],"floor_reached":11,"playtime":375,"items_purged":[],"score":130,"play_id":"a7608ae7-441a-490e-9404-2b0795e1733c","local_time":"20190403205947","is_ascension_mode":true,"campfire_choices":[{"data":"Machine Learning","floor":7,"key":"SMITH"}],"neow_cost":"CURSE","seed_source_timestamp":94980838639800,"circlet_count":0,"master_deck":["AscendersBane","Strike_B","Strike_B","Strike_B","Defend_B","Defend_B","Defend_B","Defend_B","Zap","Dualcast","Machine Learning+1","Conserve Battery","Biased Cognition","Ball Lightning","Chaos","Loop"],"relics":["Cracked Core","Blue Candle","WingedGreaves","Smiling Mask"],"potions_floor_usage":[10,10],"damage_taken":[{"damage":3,"enemies":"Small Slimes","floor":1,"turns":3},{"damage":38,"enemies":"3 Sentries","floor":6,"turns":10},{"damage":10,"enemies":"2 Louse","floor":8,"turns":3},{"damage":23,"enemies":"Lagavulin","floor":10,"turns":5},{"damage":4,"enemies":"Jaw Worm","floor":11,"turns":3}],"seed_played":"2441919269730132891","potions_obtained":[{"floor":6,"key":"Explosive Potion"},{"floor":8,"key":"SkillPotion"}],"is_trial":false,"path_per_floor":["M","?","$","?","?","E","R","M","T","E","M"],"character_chosen":"DEFECT","items_purchased":["Biased Cognition"],"campfire_rested":0,"item_purchase_floors":[3],"current_hp_per_floor":[65,58,58,75,75,37,37,27,27,4,0],"gold":84,"neow_bonus":"THREE_RARE_CARDS","is_prod":false,"is_daily":false,"chose_seed":false,"campfire_upgraded":1,"win_rate":0,"timestamp":1554339587,"path_taken":["M","?","$","?","?","E","R","M","T","E","?"],"build_version":"2019-01-23","purchased_purges":0,"victory":false,"max_hp_per_floor":[75,75,75,75,75,75,75,75,75,75,75],"card_choices":[{"not_picked":["Fission","Rainbow"],"picked":"Machine Learning","floor":0},{"not_picked":["Stack","Beam Cell"],"picked":"Conserve Battery","floor":1},{"not_picked":["Beam Cell","Hello World"],"picked":"Ball Lightning","floor":6},{"not_picked":["Steam","Stack"],"picked":"Chaos","floor":8},{"not_picked":["Genetic Algorithm","Go for the Eyes"],"picked":"Loop","floor":10}],"player_experience":2575832,"relics_obtained":[{"floor":6,"key":"Blue Candle"},{"floor":9,"key":"WingedGreaves"},{"floor":10,"key":"Smiling Mask"}],"event_choices":[{"cards_removed":["Injury"],"damage_healed":0,"gold_gain":0,"player_choice":"Card Removal","damage_taken":7,"max_hp_gain":0,"max_hp_loss":0,"event_name":"Golden Wing","floor":2,"gold_loss":0},{"damage_healed":18,"gold_gain":0,"player_choice":"Healed","damage_taken":0,"max_hp_gain":0,"max_hp_loss":0,"event_name":"The Cleric","floor":4,"gold_loss":35},{"cards_removed":["Strike_B"],"damage_healed":0,"gold_gain":0,"player_choice":"Purged","damage_taken":0,"max_hp_gain":0,"max_hp_loss":0,"event_name":"Purifier","floor":5,"gold_loss":0}],"is_beta":false,"boss_relics":[],"items_purged_floors":[],"is_endless":false,"potions_floor_spawned":[6,8],"killed_by":"Jaw Worm","ascension_level":13}