{"gold_per_floor":[115,115,40,40,56,67,82,82,160,171,171,171,18,46,58,172,234,260,272,284,315,22,22,22],"floor_reached":24,"playtime":921,"items_purged":["Strike_R"],"score":233,"play_id":"ebe14d92-243b-43b7-8319-5bba07c3c01c","local_time":"20180929185818","is_ascension_mode":true,"campfire_choices":[{"data":"Armaments","floor":8,"key":"SMITH"},{"data":"Bash","floor":12,"key":"SMITH"},{"data":"Infernal Blade","floor":15,"key":"SMITH"},{"floor":23,"key":"REST"}],"neow_cost":"","seed_source_timestamp":206815655651470,"circlet_count":0,"master_deck":["Strike_R","Strike_R+1","Strike_R","Strike_R","Defend_R+1","Defend_R+1","Defend_R","Bash+1","Armaments+1","Pommel Strike","Wild Strike","Spot Weakness","Infernal Blade+1","Impervious","Warcry","Inflame"],"relics":["Burning Blood","Bag of Preparation","Matryoshka","MawBank","Tiny House","Peace Pipe"],"potions_floor_usage":[14,16,16,24,24,24],"damage_taken":[{"damage":8,"enemies":"2 Louse","floor":1,"turns":3},{"damage":9,"enemies":"Jaw Worm","floor":5,"turns":5},{"damage":8,"enemies":"Small Slimes","floor":6,"turns":4},{"damage":2,"enemies":"3 Louse","floor":7,"turns":3},{"damage":6,"enemies":"Looter","floor":10,"turns":3},{"damage":0,"enemies":"2 Fungi Beasts","floor":14,"turns":3},{"damage":40,"enemies":"The Guardian","floor":16,"turns":12},{"damage":0,"enemies":"Chosen","floor":18,"turns":4},{"damage":57,"enemies":"3 Byrds","floor":21,"turns":6},{"damage":64,"enemies":"Gremlin Leader","floor":24,"turns":5}],"seed_played":"3488337947104835004","potions_obtained":[{"floor":5,"key":"SkillPotion"},{"floor":7,"key":"SkillPotion"},{"floor":10,"key":"Poison Potion"},{"floor":16,"key":"Dexterity Potion"},{"floor":17,"key":"Poison Potion"},{"floor":21,"key":"SneckoOil"}],"is_trial":false,"path_per_floor":["M","?","$","?","M","M","M","R","T","M","?","R","$","M","R","B",null,"M","?","?","M","$","R"],"character_chosen":"IRONCLAD","items_purchased":["MawBank","Peace Pipe"],"campfire_rested":1,"item_purchase_floors":[13,22],"current_hp_per_floor":[78,71,71,64,61,59,63,63,63,63,47,47,47,53,53,19,70,76,76,76,37,37,62,0],"gold":22,"neow_bonus":"","is_prod":false,"is_daily":false,"chose_seed":false,"campfire_upgraded":3,"win_rate":0,"timestamp":1538261898,"path_taken":["M","?","$","?","M","M","M","R","T","M","?","R","$","M","R","BOSS","M","?","?","M","$","R","E"],"build_version":"2018-09-27","purchased_purges":1,"victory":false,"max_hp_per_floor":[80,80,80,80,80,80,80,80,80,80,80,80,80,80,80,80,85,85,85,85,85,85,85,85],"card_choices":[{"not_picked":["Power Through","Sword Boomerang"],"picked":"Armaments","floor":1},{"not_picked":["Blood for Blood","Bloodletting"],"picked":"Pommel Strike","floor":5},{"not_picked":["Armaments","Hemokinesis"],"picked":"Wild Strike","floor":6},{"not_picked":["Clothesline","True Grit"],"picked":"Spot Weakness","floor":7},{"not_picked":["Pommel Strike","Ghostly Armor","Headbutt"],"picked":"SKIP","floor":10},{"not_picked":["Clothesline","Searing Blow"],"picked":"Infernal Blade","floor":14},{"not_picked":["Reaper","Fiend Fire"],"picked":"Impervious","floor":16},{"not_picked":["Clash","Havoc"],"picked":"Warcry","floor":17},{"not_picked":["Thunderclap","Dropkick","Clash"],"picked":"SKIP","floor":18},{"not_picked":["Second Wind","Clash","Perfected Strike"],"picked":"SKIP","floor":21}],"player_experience":1079644,"relics_obtained":[{"floor":9,"key":"Matryoshka"}],"event_choices":[{"event_name":"Scrap Ooze","player_choice":"success","floor":2,"damage_taken":7},{"event_name":"Golden Wing","player_choice":"Card Removal","floor":4,"damage_taken":0},{"event_name":"Shining Light","player_choice":"Entered Light","floor":11,"damage_taken":0},{"event_name":"Match and Keep!","player_choice":"0 cards matched","floor":19,"damage_taken":0},{"event_name":"The Library","player_choice":"Read","floor":20,"damage_taken":0}],"is_beta":false,"boss_relics":[{"not_picked":["Cursed Key","Coffee Dripper"],"picked":"Tiny House"}],"items_purged_floors":[3],"is_endless":false,"potions_floor_spawned":[5,7,10,16,21],"killed_by":"Gremlin Leader","ascension_level":5}