{"gold_per_floor":[364,378,396,396,408,408,438,438,438,454,454,469,469,469,469,543,543,561,77,97,197,197,197,226,226,226,245,245,245,31,50,50,122,122,133,185,205,220,220,220,246,246,246,259,259,274,285,302,302,302],"floor_reached":51,"playtime":2470,"items_purged":["Strike_B"],"score":1283,"play_id":"1f5a9577-a797-4b7c-b45b-8ac0b0ac4620","local_time":"20190508115143","is_ascension_mode":true,"campfire_choices":[{"data":"Coolheaded","floor":6,"key":"SMITH"},{"data":"Go for the Eyes","floor":8,"key":"SMITH"},{"data":"Biased Cognition","floor":11,"key":"SMITH"},{"data":"Self Repair","floor":13,"key":"SMITH"},{"data":"Conserve Battery","floor":15,"key":"SMITH"},{"floor":23,"key":"REST"},{"floor":25,"key":"REST"},{"data":"Sweeping Beam","floor":29,"key":"SMITH"},{"data":"Defragment","floor":32,"key":"SMITH"},{"data":"Echo Form","floor":40,"key":"SMITH"},{"data":"Coolheaded","floor":42,"key":"SMITH"},{"data":"Barrage","floor":45,"key":"SMITH"},{"data":"Rip and Tear","floor":49,"key":"SMITH"}],"neow_cost":"CURSE","seed_source_timestamp":1458473826297393,"circlet_count":0,"master_deck":["AscendersBane","Strike_B+1","Strike_B+1","Strike_B+1","Defend_B+1","Defend_B+1","Defend_B+1","Defend_B+1","Zap","Dualcast","Shame","Compile Driver","Coolheaded+1","Gash","Go for the Eyes+1","Conserve Battery+1","Biased Cognition+1","Self Repair+1","Parasite","Electrodynamics","Barrage+1","Coolheaded+1","Rip and Tear+1","Sweeping Beam+1","Compile Driver+1","Gash","Defragment+1","Echo Form+1","Compile Driver+1","Steam+1","Glacier+1","Seek","White Noise","Recycle+1"],"relics":["Cracked Core","Du-Vu Doll","Kunai","Runic Pyramid","Blood Vial","Toy Ornithopter","Thread and Needle","Bottled Flame","Darkstone Periapt","Bag of Marbles","Anchor","Philosopher\u0027s Stone","Turnip","Blue Candle","Letter Opener"],"potions_floor_usage":[7,21,21,33,36,50,50],"damage_taken":[{"damage":2,"enemies":"2 Louse","floor":1,"turns":3},{"damage":3,"enemies":"Small Slimes","floor":2,"turns":3},{"damage":2,"enemies":"Jaw Worm","floor":3,"turns":4},{"damage":6,"enemies":"2 Fungi Beasts","floor":5,"turns":4},{"damage":15,"enemies":"Lagavulin","floor":7,"turns":10},{"damage":12,"enemies":"Gremlin Gang","floor":10,"turns":5},{"damage":16,"enemies":"Exordium Thugs","floor":12,"turns":6},{"damage":22,"enemies":"Slime Boss","floor":16,"turns":7},{"damage":35,"enemies":"3 Byrds","floor":18,"turns":3},{"damage":4,"enemies":"Spheric Guardian","floor":20,"turns":5},{"damage":21,"enemies":"Colosseum Slavers","floor":21,"turns":4},{"damage":34,"enemies":"Colosseum Nobs","floor":21,"turns":4},{"damage":42,"enemies":"Slavers","floor":24,"turns":3},{"damage":1,"enemies":"Centurion and Healer","floor":27,"turns":5},{"damage":7,"enemies":"Snecko","floor":31,"turns":3},{"damage":42,"enemies":"Automaton","floor":33,"turns":12},{"damage":4,"enemies":"3 Shapes","floor":35,"turns":5},{"damage":10,"enemies":"2 Orb Walkers","floor":36,"turns":3},{"damage":0,"enemies":"Orb Walker","floor":37,"turns":2},{"damage":0,"enemies":"Sphere and 2 Shapes","floor":38,"turns":4},{"damage":6,"enemies":"Nemesis","floor":41,"turns":7},{"damage":3,"enemies":"Writhing Mass","floor":44,"turns":7},{"damage":0,"enemies":"4 Shapes","floor":46,"turns":3},{"damage":2,"enemies":"Maw","floor":47,"turns":7},{"damage":9,"enemies":"Sphere and 2 Shapes","floor":48,"turns":4},{"damage":56,"enemies":"Donu and Deca","floor":50,"turns":12}],"seed_played":"5651161186162901972","potions_obtained":[{"floor":1,"key":"Dexterity Potion"},{"floor":10,"key":"FairyPotion"},{"floor":16,"key":"EssenceOfSteel"},{"floor":20,"key":"EssenceOfSteel"},{"floor":24,"key":"AttackPotion"},{"floor":35,"key":"Energy Potion"},{"floor":39,"key":"Block Potion"},{"floor":39,"key":"Explosive Potion"},{"floor":41,"key":"Dexterity Potion"},{"floor":47,"key":"EssenceOfSteel"}],"is_trial":false,"path_per_floor":["M","M","M","?","M","R","E","R","T","M","R","M","R","?","R","B",null,"M","$","M","?","?","R","E","R","T","M","?","R","$","M","R","B",null,"M","?","M","M","?","R","E","R","T","M","R","M","M","M","R","B",null],"character_chosen":"DEFECT","items_purchased":["Blood Vial","Coolheaded","Toy Ornithopter","Anchor","Gash"],"campfire_rested":2,"item_purchase_floors":[19,19,19,30,30],"current_hp_per_floor":[62,59,57,62,56,56,41,41,41,29,29,13,13,32,32,20,62,37,37,45,24,24,46,16,38,38,49,49,49,49,54,54,19,62,76,66,68,76,76,76,76,76,76,76,76,76,74,67,67,23],"gold":302,"neow_bonus":"TWO_FIFTY_GOLD","is_prod":false,"is_daily":false,"chose_seed":false,"campfire_upgraded":11,"win_rate":0,"timestamp":1557309103,"path_taken":["M","M","M","?","M","R","E","R","T","M","R","M","R","?","R","BOSS","M","$","M","?","?","R","E","R","T","M","?","R","$","M","R","BOSS","M","?","M","M","?","R","E","R","T","M","R","?","M","M","R","BOSS"],"build_version":"2019-05-07","purchased_purges":1,"victory":true,"max_hp_per_floor":[71,71,71,76,76,76,76,76,76,76,76,76,76,76,76,76,76,76,76,76,76,76,76,76,76,76,76,76,76,76,76,76,76,76,76,76,76,76,76,76,76,76,76,76,76,76,76,76,76,76],"card_choices":[{"not_picked":["Tempest","Coolheaded"],"picked":"Compile Driver","floor":1},{"not_picked":["Chill","Steam"],"picked":"Coolheaded","floor":2},{"not_picked":["Hologram","Leap"],"picked":"Gash","floor":3},{"not_picked":["Barrage","Beam Cell"],"picked":"Go for the Eyes","floor":5},{"not_picked":["Compile Driver","Hello World"],"picked":"Conserve Battery","floor":7},{"not_picked":["Ball Lightning","Beam Cell"],"picked":"Biased Cognition","floor":10},{"not_picked":["Darkness","Sunder"],"picked":"Self Repair","floor":12},{"not_picked":["Rainbow","Core Surge"],"picked":"Electrodynamics","floor":16},{"not_picked":["Consume","Go for the Eyes"],"picked":"Barrage","floor":18},{"not_picked":["Rebound","Conserve Battery"],"picked":"Rip and Tear","floor":20},{"not_picked":["Coolheaded","Hologram"],"picked":"Sweeping Beam","floor":21},{"not_picked":["Streamline","Amplify"],"picked":"Compile Driver+1","floor":24},{"not_picked":["Barrage","Force Field","Rebound"],"picked":"SKIP","floor":27},{"not_picked":["Stack","Undo"],"picked":"Defragment","floor":31},{"not_picked":["Meteor Strike","Buffer"],"picked":"Echo Form","floor":33},{"not_picked":["Steam Power","Redo"],"picked":"Compile Driver+1","floor":35},{"not_picked":["Storm+1","Turbo"],"picked":"Steam+1","floor":37},{"not_picked":["Turbo","Darkness+1"],"picked":"Glacier+1","floor":38},{"not_picked":["Leap+1","Compile Driver","Lockon"],"picked":"SKIP","floor":41},{"not_picked":["Storm","Go for the Eyes"],"picked":"Seek","floor":44},{"not_picked":["Steam Power","Leap","Turbo"],"picked":"SKIP","floor":46},{"not_picked":["Go for the Eyes","Sweeping Beam+1"],"picked":"White Noise","floor":47},{"not_picked":["Compile Driver","Seek"],"picked":"Recycle+1","floor":48}],"player_experience":1583214,"relics_obtained":[{"floor":7,"key":"Du-Vu Doll"},{"floor":9,"key":"Kunai"},{"floor":21,"key":"Thread and Needle"},{"floor":21,"key":"Bottled Flame"},{"floor":24,"key":"Darkstone Periapt"},{"floor":26,"key":"Bag of Marbles"},{"floor":36,"key":"Turnip"},{"floor":41,"key":"Blue Candle"},{"floor":43,"key":"Letter Opener"}],"event_choices":[{"damage_healed":0,"gold_gain":0,"player_choice":"Donut","damage_taken":0,"max_hp_gain":5,"max_hp_loss":0,"event_name":"Big Fish","floor":4,"gold_loss":0},{"damage_healed":19,"gold_gain":0,"player_choice":"Healed and dodged fight","damage_taken":0,"max_hp_gain":0,"max_hp_loss":0,"event_name":"Mushrooms","floor":14,"gold_loss":0,"cards_obtained":["Parasite"]},{"damage_healed":0,"gold_gain":0,"player_choice":"Fight","damage_taken":0,"max_hp_gain":0,"max_hp_loss":0,"event_name":"Colosseum","floor":21,"gold_loss":0},{"damage_healed":0,"gold_gain":0,"player_choice":"Fought Nobs","damage_taken":0,"max_hp_gain":0,"max_hp_loss":0,"event_name":"Colosseum","floor":21,"gold_loss":0},{"damage_healed":0,"gold_gain":0,"player_choice":"Simplicity","damage_taken":0,"max_hp_gain":0,"max_hp_loss":0,"event_name":"Back to Basics","floor":22,"gold_loss":0,"cards_upgraded":["Strike_B","Strike_B","Strike_B","Defend_B","Defend_B","Defend_B","Defend_B"]},{"damage_healed":0,"gold_gain":0,"player_choice":"Ignored","damage_taken":0,"max_hp_gain":0,"max_hp_loss":0,"event_name":"Ghosts","floor":28,"gold_loss":0},{"damage_healed":0,"gold_gain":0,"player_choice":"Fight","damage_taken":0,"max_hp_gain":0,"max_hp_loss":0,"event_name":"Mysterious Sphere","floor":36,"gold_loss":0},{"damage_healed":0,"gold_gain":0,"player_choice":"Got Potions","damage_taken":0,"max_hp_gain":0,"max_hp_loss":0,"event_name":"Lab","floor":39,"gold_loss":0}],"is_beta":true,"boss_relics":[{"not_picked":["FrozenCore","Nuclear Battery"],"picked":"Runic Pyramid"},{"not_picked":["Runic Dome","Empty Cage"],"picked":"Philosopher\u0027s Stone"}],"items_purged_floors":[19],"is_endless":false,"potions_floor_spawned":[1,10,16,20,21,24,35,41,47,48],"ascension_level":18}