{"gold_per_floor":[366,385,395,69,89,116,116,41,41,41,51,51,64,79,79,176,176,196,215,215],"floor_reached":20,"playtime":1083,"items_purged":["Strike_R"],"score":267,"play_id":"1d7d4ed8-cc03-4a8e-a04c-95471ef8a773","local_time":"20190111015744","is_ascension_mode":true,"campfire_choices":[{"data":"Double Tap","floor":7,"key":"SMITH"},{"data":"Bash","floor":10,"key":"SMITH"},{"floor":15,"key":"REST"}],"neow_cost":"TEN_PERCENT_HP_LOSS","seed_source_timestamp":961800630197600,"circlet_count":0,"master_deck":["AscendersBane","Strike_R","Strike_R","Strike_R","Strike_R","Defend_R","Defend_R","Defend_R","Defend_R","Bash+1","Infernal Blade","Seeing Red","Evolve","Double Tap+1","Pommel Strike","Shrug It Off","Battle Trance","Regret","Flame Barrier","Reaper","Rampage+1","Clothesline"],"relics":["Burning Blood","Paper Frog","Oddly Smooth Stone","Mummified Hand","Nunchaku","Sozu"],"potions_floor_usage":[6,16,16,16,16,16,16],"damage_taken":[{"damage":9,"enemies":"Jaw Worm","floor":1,"turns":5},{"damage":4,"enemies":"Small Slimes","floor":2,"turns":4},{"damage":0,"enemies":"Cultist","floor":3,"turns":3},{"damage":7,"enemies":"Looter","floor":5,"turns":3},{"damage":45,"enemies":"3 Sentries","floor":6,"turns":11},{"damage":11,"enemies":"Red Slaver","floor":11,"turns":3},{"damage":11,"enemies":"Large Slime","floor":13,"turns":6},{"damage":15,"enemies":"Lots of Slimes","floor":14,"turns":6},{"damage":43,"enemies":"Slime Boss","floor":16,"turns":9},{"damage":41,"enemies":"3 Byrds","floor":18,"turns":6},{"damage":41,"enemies":"2 Thieves","floor":19,"turns":5},{"damage":51,"enemies":"Cultist and Chosen","floor":20,"turns":6}],"seed_played":"-6980219177585019024","potions_obtained":[{"floor":1,"key":"Strength Potion"},{"floor":2,"key":"EntropicBrew"},{"floor":5,"key":"Regen Potion"},{"floor":6,"key":"Regen Potion"}],"is_trial":false,"path_per_floor":["M","M","M","$","M","E","R","$","T","R","M","?","M","M","R","B",null,"M","M","M"],"character_chosen":"IRONCLAD","items_purchased":["Paper Frog","Double Tap"],"campfire_rested":1,"item_purchase_floors":[4,4],"current_hp_per_floor":[69,71,72,72,71,47,47,47,47,47,42,42,37,28,49,57,68,37,18,0],"gold":215,"neow_bonus":"TWO_FIFTY_GOLD","is_prod":false,"is_daily":false,"chose_seed":false,"campfire_upgraded":2,"win_rate":0,"timestamp":1547189864,"path_taken":["M","M","M","$","M","E","R","$","T","R","M","?","M","M","R","BOSS","M","M","M"],"build_version":"2019-01-10","purchased_purges":1,"victory":false,"max_hp_per_floor":[72,72,72,72,72,72,72,72,72,72,72,72,72,72,72,72,72,72,72,72],"card_choices":[{"not_picked":["Battle Trance","Heavy Blade"],"picked":"Infernal Blade","floor":1},{"not_picked":["Anger","Body Slam"],"picked":"Seeing Red","floor":2},{"not_picked":["Fire Breathing","Clothesline"],"picked":"Evolve","floor":3},{"not_picked":["Clothesline","Rupture"],"picked":"Pommel Strike","floor":5},{"not_picked":["Dark Embrace","Warcry"],"picked":"Shrug It Off","floor":6},{"not_picked":["Uppercut","Havoc"],"picked":"Battle Trance","floor":11},{"not_picked":["Wild Strike","Havoc"],"picked":"Flame Barrier","floor":13},{"not_picked":["Anger","Clash","Heavy Blade"],"picked":"SKIP","floor":14},{"not_picked":["Barricade","Offering"],"picked":"Reaper","floor":16},{"not_picked":["Wild Strike+1","Second Wind+1"],"picked":"Rampage+1","floor":18},{"not_picked":["Wild Strike","Headbutt"],"picked":"Clothesline","floor":19}],"player_experience":1730188,"relics_obtained":[{"floor":6,"key":"Oddly Smooth Stone"},{"floor":9,"key":"Mummified Hand"}],"event_choices":[{"damage_healed":0,"gold_gain":0,"player_choice":"Box","damage_taken":0,"relics_obtained":["Nunchaku"],"max_hp_gain":0,"max_hp_loss":0,"event_name":"Big Fish","floor":12,"gold_loss":0,"cards_obtained":["Regret"]}],"is_beta":false,"boss_relics":[{"not_picked":["Runic Cube","Runic Pyramid"],"picked":"Sozu"}],"items_purged_floors":[8],"is_endless":false,"potions_floor_spawned":[1,2,5,6,13,19],"killed_by":"Cultist and Chosen","ascension_level":10}