{"gold_per_floor":[109,26,26,38,38,38,70,70,70,103,130,156,199,223,235,321,333,362,211,238,248,18,18,18],"floor_reached":24,"playtime":909,"items_purged":["Strike_R"],"score":407,"play_id":"eb98b1f9-b5f6-41ce-b9f5-492c8b920879","local_time":"20190505174224","is_ascension_mode":true,"campfire_choices":[{"data":"Bash","floor":6,"key":"SMITH"},{"data":"Iron Wave","floor":8,"key":"SMITH"},{"floor":15,"key":"REST"},{"floor":23,"key":"REST"}],"neow_cost":"PERCENT_DAMAGE","seed_source_timestamp":1221884599144420,"circlet_count":0,"master_deck":["AscendersBane","Strike_R","Strike_R","Strike_R","Defend_R","Defend_R","Defend_R","Defend_R","Bash+1","Clothesline","Shrug It Off","Iron Wave+1","Spot Weakness","Iron Wave","Barricade","Headbutt","True Grit","Whirlwind","Juggernaut","Iron Wave","Armaments","True Grit","Headbutt","Cleave","True Grit"],"relics":["Burning Blood","Dodecahedron","Self Forming Clay","MawBank","Bag of Preparation","Mark of Pain","Red Mask","Membership Card"],"potions_floor_usage":[7,10,20,20],"damage_taken":[{"damage":2,"enemies":"Jaw Worm","floor":1,"turns":5},{"damage":0,"enemies":"Cultist","floor":4,"turns":4},{"damage":27,"enemies":"3 Sentries","floor":7,"turns":11},{"damage":30,"enemies":"Lagavulin","floor":10,"turns":7},{"damage":1,"enemies":"2 Louse","floor":11,"turns":3},{"damage":2,"enemies":"2 Fungi Beasts","floor":12,"turns":4},{"damage":34,"enemies":"3 Sentries","floor":13,"turns":9},{"damage":10,"enemies":"Gremlin Gang","floor":14,"turns":5},{"damage":24,"enemies":"Hexaghost","floor":16,"turns":9},{"damage":30,"enemies":"Shell Parasite","floor":18,"turns":7},{"damage":23,"enemies":"Masked Bandits","floor":20,"turns":4},{"damage":10,"enemies":"Spheric Guardian","floor":21,"turns":6},{"damage":53,"enemies":"Slavers","floor":24,"turns":4}],"seed_played":"-2201493552544525063","potions_obtained":[{"floor":4,"key":"BloodPotion"},{"floor":7,"key":"Explosive Potion"},{"floor":13,"key":"Ancient Potion"},{"floor":18,"key":"PowerPotion"}],"is_trial":false,"path_per_floor":["M","$","?","M","$","R","E","R","T","E","M","M","E","M","R","B",null,"M","$","?","M","$","R","E"],"character_chosen":"IRONCLAD","items_purchased":["Shrug It Off","Iron Wave","Armaments","True Grit","Membership Card","True Grit"],"campfire_rested":2,"item_purchase_floors":[2,2,19,19,22,22],"current_hp_per_floor":[68,68,68,74,74,74,61,61,61,37,42,46,18,14,40,22,72,48,48,31,27,27,53,0],"gold":18,"neow_bonus":"TWENTY_PERCENT_HP_BONUS","is_prod":false,"is_daily":false,"chose_seed":false,"campfire_upgraded":2,"win_rate":0,"timestamp":1557070944,"path_taken":["M","$","?","M","?","R","E","R","T","E","M","M","E","M","R","BOSS","M","$","?","M","$","R","E"],"build_version":"2019-04-23","purchased_purges":1,"victory":false,"max_hp_per_floor":[89,89,89,89,89,89,89,89,89,89,89,89,89,89,89,89,89,89,89,89,89,89,89,89],"card_choices":[{"not_picked":["Body Slam","True Grit"],"picked":"Clothesline","floor":1},{"not_picked":["Evolve","Carnage"],"picked":"Spot Weakness","floor":4},{"not_picked":["Flex","Fiend Fire"],"picked":"Iron Wave","floor":7},{"not_picked":["Clash","Seeing Red"],"picked":"Barricade","floor":10},{"not_picked":["Perfected Strike","Cleave"],"picked":"Headbutt","floor":11},{"not_picked":["Second Wind","Evolve"],"picked":"True Grit","floor":12},{"not_picked":["True Grit","Twin Strike","Thunderclap"],"picked":"SKIP","floor":13},{"not_picked":["Dropkick","Flex"],"picked":"Whirlwind","floor":14},{"not_picked":["Bludgeon","Offering"],"picked":"Juggernaut","floor":16},{"not_picked":["Rampage+1","Pummel"],"picked":"Iron Wave","floor":18},{"not_picked":["Fire Breathing","Corruption+1"],"picked":"Headbutt","floor":20},{"not_picked":["Thunderclap","Heavy Blade"],"picked":"Cleave","floor":21}],"player_experience":1529063,"relics_obtained":[{"floor":7,"key":"Dodecahedron"},{"floor":9,"key":"Self Forming Clay"},{"floor":10,"key":"MawBank"},{"floor":13,"key":"Bag of Preparation"},{"floor":20,"key":"Red Mask"}],"event_choices":[{"cards_removed":["Strike_R"],"damage_healed":0,"gold_gain":0,"player_choice":"Offered Basic","damage_taken":0,"max_hp_gain":0,"max_hp_loss":0,"event_name":"Bonfire Elementals","floor":3,"gold_loss":0},{"damage_healed":0,"gold_gain":0,"player_choice":"Fought Bandits","damage_taken":0,"max_hp_gain":0,"max_hp_loss":0,"event_name":"Masked Bandits","floor":20,"gold_loss":0}],"is_beta":true,"boss_relics":[{"not_picked":["Velvet Choker","Empty Cage"],"picked":"Mark of Pain"}],"items_purged_floors":[19],"is_endless":false,"potions_floor_spawned":[4,7,13,18],"killed_by":"Slavers","ascension_level":18}