{"gold_per_floor":[362,287,71,87,101,101,101,101,147,147,147],"floor_reached":11,"playtime":298,"items_purged":["Strike_R"],"score":119,"play_id":"4785fd45-529f-44fd-9d11-b1ad3b5c185a","local_time":"20190510193609","is_ascension_mode":true,"campfire_choices":[{"data":"Hemokinesis","floor":6,"key":"SMITH"},{"data":"Disarm","floor":8,"key":"SMITH"},{"data":"Bash","floor":10,"key":"SMITH"}],"neow_cost":"CURSE","seed_source_timestamp":1661320806465070,"circlet_count":0,"master_deck":["AscendersBane","Strike_R+1","Strike_R","Strike_R","Strike_R+1","Defend_R","Defend_R","Defend_R","Defend_R","Bash+1","Iron Wave","Disarm+1","Clothesline","Hemokinesis+1","Pommel Strike"],"relics":["Burning Blood","Smiling Mask"],"potions_floor_usage":[],"damage_taken":[{"damage":9,"enemies":"Cultist","floor":1,"turns":5},{"damage":9,"enemies":"2 Louse","floor":4,"turns":3},{"damage":2,"enemies":"Small Slimes","floor":5,"turns":5},{"damage":44,"enemies":"3 Sentries","floor":11,"turns":7}],"seed_played":"-888921020267295562","potions_obtained":[{"floor":5,"key":"Ancient Potion"}],"is_trial":false,"path_per_floor":["M","?","$","M","M","R","?","R","T","R","E"],"character_chosen":"IRONCLAD","items_purchased":["Disarm","Clothesline"],"campfire_rested":0,"item_purchase_floors":[3,3],"current_hp_per_floor":[65,65,65,62,66,66,43,43,43,43,0],"gold":147,"neow_bonus":"TWO_FIFTY_GOLD","is_prod":false,"is_daily":false,"chose_seed":false,"campfire_upgraded":3,"win_rate":0,"timestamp":1557509769,"path_taken":["M","?","$","M","M","R","?","R","T","R","E"],"build_version":"2019-05-07","purchased_purges":1,"victory":false,"max_hp_per_floor":[75,75,75,75,75,75,75,75,75,75,75],"card_choices":[{"not_picked":["Havoc","Intimidate"],"picked":"Iron Wave","floor":1},{"not_picked":["Second Wind","Corruption"],"picked":"Hemokinesis","floor":4},{"not_picked":["Perfected Strike","Clothesline"],"picked":"Pommel Strike","floor":5}],"player_experience":1721369,"relics_obtained":[{"floor":9,"key":"Smiling Mask"}],"event_choices":[{"cards_removed":["Decay"],"damage_healed":0,"gold_gain":0,"player_choice":"Card Removal","damage_taken":0,"max_hp_gain":0,"max_hp_loss":0,"event_name":"The Cleric","floor":2,"gold_loss":75},{"damage_healed":0,"gold_gain":0,"player_choice":"Entered Light","damage_taken":23,"max_hp_gain":0,"max_hp_loss":0,"event_name":"Shining Light","floor":7,"gold_loss":0,"cards_upgraded":["Strike_R","Strike_R"]}],"is_beta":true,"boss_relics":[],"items_purged_floors":[3],"is_endless":false,"potions_floor_spawned":[5],"killed_by":"3 Sentries","ascension_level":19}