{"gold_per_floor":[112,112,287,306,321,356,356,431,431,444,459,471,471,491,491,589,589,600,118,118,118,128,128,143,143,143,22,22],"floor_reached":28,"playtime":1147,"items_purged":[],"score":319,"play_id":"bb6f9254-29eb-4da7-ba70-22dda946e463","local_time":"20190315020339","is_ascension_mode":true,"campfire_choices":[{"floor":7,"key":"REST"},{"floor":13,"key":"REST"},{"floor":15,"key":"REST"},{"floor":23,"key":"REST"}],"neow_cost":"NONE","seed_source_timestamp":0,"circlet_count":0,"master_deck":["Strike_B","Strike_B","Strike_B","Strike_B","Defend_B","Defend_B","Defend_B","Defend_B","Zap","Dualcast","Storm","Doubt","Steam","Conserve Battery","Core Surge","Redo","Steam","Cold Snap","Core Surge","Rip and Tear","Leap","Static Discharge","Rainbow","Leap","Melter","Panache","Decay","BootSequence","Glacier","Heatsinks","Double Energy","Capacitor","Sunder"],"special_seed":0,"relics":["Cracked Core","Juzu Bracelet","Peace Pipe","Prayer Wheel","Nuclear Battery","Emotion Chip","Bronze Scales"],"potions_floor_usage":[6,20,22,22,24],"damage_taken":[{"damage":4.0,"enemies":"2 Louse","floor":1.0,"turns":2.0},{"damage":2.0,"enemies":"Jaw Worm","floor":4.0,"turns":3.0},{"damage":1.0,"enemies":"Cultist","floor":5.0,"turns":4.0},{"damage":25,"enemies":"3 Sentries","floor":6,"turns":9},{"damage":10,"enemies":"2 Fungi Beasts","floor":10,"turns":3},{"damage":4,"enemies":"Blue Slaver","floor":11,"turns":4},{"damage":19,"enemies":"Exordium Wildlife","floor":12,"turns":5},{"damage":6,"enemies":"2 Fungi Beasts","floor":14,"turns":2},{"damage":31,"enemies":"The Guardian","floor":16,"turns":13},{"damage":30,"enemies":"3 Byrds","floor":18,"turns":5},{"damage":11,"enemies":"Colosseum Slavers","floor":20,"turns":3},{"damage":13,"enemies":"Shell Parasite","floor":22,"turns":5},{"damage":20,"enemies":"Centurion and Healer","floor":24,"turns":6},{"damage":18,"enemies":"Snecko","floor":28,"turns":2}],"seed_played":"-5560241082638986721","potions_obtained":[{"floor":4.0,"key":"Energy Potion"},{"floor":5.0,"key":"Fire Potion"},{"floor":10,"key":"Explosive Potion"},{"floor":14,"key":"FocusPotion"},{"floor":22,"key":"AttackPotion"}],"is_trial":false,"path_per_floor":["M","?","?","M","M","E","R","?","T","M","M","M","R","M","R","B",null,"M","$","?","?","M","R","M","?","T","$","M"],"character_chosen":"DEFECT","items_purchased":["Panache","Emotion Chip","Capacitor","Sunder"],"campfire_rested":4,"item_purchase_floors":[19,19,27,27],"current_hp_per_floor":[64,64,64,62,61,36,58,47,47,37,33,14,36,30,52,21,62,32,32,21,21,8,30,10,10,10,10,0],"gold":22,"neow_bonus":"RANDOM_COMMON_RELIC","is_prod":false,"is_daily":false,"chose_seed":false,"campfire_upgraded":0,"win_rate":0,"timestamp":1552629819,"path_taken":["M","?","?","M","M","E","R","?","T","M","M","M","R","M","R","BOSS","M","$","?","?","M","R","M","?","T","$","M"],"build_version":"2019-01-23","purchased_purges":0,"victory":false,"max_hp_per_floor":[75,75,75,75,75,75,75,75,75,75,75,75,75,75,75,75,75,75,75,75,75,75,75,75,75,75,75,75],"card_choices":[{"not_picked":["Ball Lightning","Streamline"],"picked":"Storm","floor":1.0},{"not_picked":["Go for the Eyes","Aggregate"],"picked":"Steam","floor":4.0},{"not_picked":["Beam Cell","Leap"],"picked":"Conserve Battery","floor":5.0},{"not_picked":["Redo","Skim"],"picked":"Core Surge","floor":6},{"not_picked":["Streamline","Turbo"],"picked":"Redo","floor":10},{"not_picked":["Beam Cell","Consume","Doom and Gloom"],"picked":"SKIP","floor":10},{"not_picked":["Turbo","Undo"],"picked":"Steam","floor":11},{"not_picked":["Steam Power","Conserve Battery"],"picked":"Cold Snap","floor":11},{"not_picked":["Leap","Compile Driver"],"picked":"Core Surge","floor":12},{"not_picked":["Rebound","Turbo"],"picked":"Rip and Tear","floor":12},{"not_picked":["Beam Cell","Steam"],"picked":"Leap","floor":14},{"not_picked":["Gash","Steam Power"],"picked":"Static Discharge","floor":14},{"not_picked":["Meteor Strike","Seek"],"picked":"Rainbow","floor":16},{"not_picked":["Redo","Hologram"],"picked":"Leap","floor":18},{"not_picked":["Rebound","Coolheaded+1"],"picked":"Melter","floor":18},{"not_picked":["White Noise","Heatsinks"],"picked":"BootSequence","floor":22},{"not_picked":["Compile Driver","Darkness"],"picked":"Glacier","floor":22},{"not_picked":["Melter+1","Streamline"],"picked":"Heatsinks","floor":24},{"not_picked":["Beam Cell","Conserve Battery"],"picked":"Double Energy","floor":24}],"player_experience":2442973,"relics_obtained":[{"floor":6,"key":"Peace Pipe"},{"floor":9,"key":"Prayer Wheel"},{"floor":26,"key":"Bronze Scales"}],"event_choices":[{"damage_healed":0.0,"max_hp_gain":0.0,"max_hp_loss":0.0,"gold_gain":0.0,"event_name":"Golden Idol","player_choice":"Ignored","floor":2.0,"gold_loss":0.0,"damage_taken":0.0},{"damage_healed":0.0,"max_hp_gain":0.0,"max_hp_loss":0.0,"gold_gain":175.0,"event_name":"Liars Game","player_choice":"AGREE","floor":3.0,"gold_loss":0.0,"damage_taken":0.0,"cards_obtained":["Doubt"]},{"damage_healed":0,"gold_gain":75,"player_choice":"Gather Gold","damage_taken":11,"max_hp_gain":0,"max_hp_loss":0,"event_name":"World of Goop","floor":8,"gold_loss":0},{"damage_healed":0,"gold_gain":0,"player_choice":"Fight","damage_taken":0,"max_hp_gain":0,"max_hp_loss":0,"event_name":"Colosseum","floor":20,"gold_loss":0},{"damage_healed":0,"gold_gain":0,"player_choice":"Fled From Nobs","damage_taken":0,"max_hp_gain":0,"max_hp_loss":0,"event_name":"Colosseum","floor":20,"gold_loss":0},{"damage_healed":0,"gold_gain":0,"player_choice":"Smashed Altar","damage_taken":0,"max_hp_gain":0,"max_hp_loss":0,"event_name":"Forgotten Altar","floor":21,"gold_loss":0,"cards_obtained":["Decay"]},{"damage_healed":0,"gold_gain":0,"player_choice":"Ignored","damage_taken":0,"max_hp_gain":0,"max_hp_loss":0,"event_name":"Ghosts","floor":25,"gold_loss":0}],"is_beta":false,"boss_relics":[{"not_picked":["Astrolabe","Empty Cage"],"picked":"Nuclear Battery"}],"items_purged_floors":[],"is_endless":false,"potions_floor_spawned":[4,5,10,14,22],"killed_by":"Snecko","ascension_level":9}