{"gold_per_floor":[116,116,140,40,40,40,74,74,74,43,120,155,155,82,82,212,212,231,231,156,0,0,0,20,20,75,100,100,100,143,143],"floor_reached":31,"playtime":1002,"items_purged":["Strike_R"],"score":380,"play_id":"ee07cafd-2c74-4dbd-b4d2-1aeb83d873fb","local_time":"20190104190934","is_ascension_mode":true,"campfire_choices":[{"data":"Armaments","floor":6,"key":"SMITH"},{"data":"Rage","floor":8,"key":"SMITH"},{"floor":15,"key":"REST"},{"floor":23,"key":"REST"},{"floor":29,"key":"REST"}],"neow_cost":"TEN_PERCENT_HP_LOSS","seed_source_timestamp":419009044927700,"circlet_count":0,"master_deck":["AscendersBane","Strike_R+1","Strike_R+1","Defend_R+1","Defend_R+1","Defend_R+1","Bash","Fire Breathing","Rage+1","Shrug It Off","Armaments+1","Flex","Rupture","Combust+1","Combust+1","Offering","Headbutt","Iron Wave"],"relics":["Burning Blood","Golden Idol","Champion Belt","Dodecahedron","Frozen Egg 2","Juzu Bracelet","Busted Crown","MutagenicStrength","Smiling Mask","Enchiridion","Oddly Smooth Stone","Blood Vial","Potion Belt"],"potions_floor_usage":[16,16,16,16,16,24],"damage_taken":[{"damage":8,"enemies":"Jaw Worm","floor":1,"turns":3},{"damage":6,"enemies":"2 Louse","floor":3,"turns":3},{"damage":13,"enemies":"Lagavulin","floor":7,"turns":8},{"damage":44,"enemies":"3 Sentries","floor":12,"turns":13},{"damage":27,"enemies":"The Guardian","floor":16,"turns":11},{"damage":23,"enemies":"Spheric Guardian","floor":18,"turns":4},{"damage":31,"enemies":"2 Thieves","floor":24,"turns":3},{"damage":41,"enemies":"Slavers","floor":30,"turns":6},{"damage":10,"enemies":"Colosseum Slavers","floor":31,"turns":1}],"seed_played":"8367996746298982914","potions_obtained":[{"floor":1,"key":"Explosive Potion"},{"floor":7,"key":"EntropicBrew"},{"floor":13,"key":"Swift Potion"},{"floor":16,"key":"PowerPotion"},{"floor":24,"key":"SteroidPotion"}],"is_trial":false,"path_per_floor":["M","?","M","$","?","R","E","R","T","?","T","E","?","$","R","B",null,"M","?","?","?","?","R","M","?","T","T","?","R","E","?"],"character_chosen":"IRONCLAD","items_purchased":["Flex","Combust+1"],"campfire_rested":3,"item_purchase_floors":[4,14],"current_hp_per_floor":[70,52,52,52,52,52,45,45,45,45,45,7,7,7,28,7,56,39,39,39,39,39,60,35,19,19,19,19,40,7,0],"gold":143,"neow_bonus":"TRANSFORM_TWO_CARDS","is_prod":false,"is_daily":false,"chose_seed":false,"campfire_upgraded":2,"win_rate":0,"timestamp":1546646974,"path_taken":["M","?","M","$","?","R","E","R","T","?","?","E","?","?","R","BOSS","M","?","?","?","?","R","M","?","T","?","?","R","E","?"],"build_version":"2019-01-03v4","purchased_purges":1,"victory":false,"max_hp_per_floor":[72,72,72,72,72,72,72,72,72,72,72,72,72,72,72,72,72,72,72,72,72,72,72,72,72,72,72,72,72,72,72],"card_choices":[{"not_picked":["True Grit","Combust"],"picked":"Shrug It Off","floor":1},{"not_picked":["Ghostly Armor","Warcry"],"picked":"Armaments","floor":3},{"not_picked":["Pommel Strike","Shrug It Off"],"picked":"Rupture","floor":7},{"not_picked":["Sword Boomerang","Uppercut"],"picked":"Combust+1","floor":12},{"not_picked":["Berserk+1","Impervious"],"picked":"Offering","floor":16},{"not_picked":["True Grit"],"picked":"SKIP","floor":18},{"not_picked":[],"picked":"Headbutt","floor":24},{"not_picked":[],"picked":"Iron Wave","floor":30}],"player_experience":1676712,"relics_obtained":[{"floor":7,"key":"Champion Belt"},{"floor":9,"key":"Dodecahedron"},{"floor":11,"key":"Frozen Egg 2"},{"floor":12,"key":"Juzu Bracelet"},{"floor":25,"key":"Enchiridion"},{"floor":26,"key":"Oddly Smooth Stone"},{"floor":27,"key":"Blood Vial"},{"floor":30,"key":"Potion Belt"}],"event_choices":[{"damage_healed":0,"gold_gain":0,"player_choice":"Take Damage","damage_taken":18,"relics_obtained":["Golden Idol"],"max_hp_gain":0,"max_hp_loss":0,"event_name":"Golden Idol","floor":2,"gold_loss":0},{"damage_healed":0,"gold_gain":0,"player_choice":"Leave","damage_taken":0,"max_hp_gain":0,"max_hp_loss":0,"event_name":"The Cleric","floor":5,"gold_loss":0},{"damage_healed":0,"gold_gain":0,"player_choice":"Left Gold","damage_taken":0,"max_hp_gain":0,"max_hp_loss":0,"event_name":"World of Goop","floor":10,"gold_loss":31},{"damage_healed":0,"gold_gain":0,"player_choice":"Got Potions","damage_taken":0,"max_hp_gain":0,"max_hp_loss":0,"event_name":"Lab","floor":13,"gold_loss":0},{"damage_healed":0,"gold_gain":0,"player_choice":"Inject Mutagens","damage_taken":0,"relics_obtained":["MutagenicStrength"],"max_hp_gain":0,"max_hp_loss":0,"event_name":"Drug Dealer","floor":19,"gold_loss":0},{"cards_removed":["Strike_R"],"damage_healed":0,"gold_gain":0,"player_choice":"Gave Gold","damage_taken":0,"max_hp_gain":0,"max_hp_loss":0,"event_name":"Beggar","floor":20,"gold_loss":75},{"damage_healed":0,"gold_gain":0,"player_choice":"Paid Fearfully","damage_taken":0,"max_hp_gain":0,"max_hp_loss":0,"event_name":"Masked Bandits","floor":21,"gold_loss":156},{"damage_healed":0,"gold_gain":0,"player_choice":"Gave Potion","damage_taken":0,"relics_obtained":["Smiling Mask"],"max_hp_gain":0,"max_hp_loss":0,"event_name":"WeMeetAgain","floor":22,"gold_loss":0},{"damage_healed":0,"gold_gain":0,"player_choice":"Obtained Book","damage_taken":16,"max_hp_gain":0,"max_hp_loss":0,"event_name":"Cursed Tome","floor":25,"gold_loss":0},{"damage_healed":0,"gold_gain":0,"player_choice":"Simplicity","damage_taken":0,"max_hp_gain":0,"max_hp_loss":0,"event_name":"Back to Basics","floor":28,"gold_loss":0,"cards_upgraded":["Strike_R","Strike_R","Defend_R","Defend_R","Defend_R"]},{"damage_healed":0,"gold_gain":0,"player_choice":"Fight","damage_taken":0,"max_hp_gain":0,"max_hp_loss":0,"event_name":"Colosseum","floor":31,"gold_loss":0}],"is_beta":false,"boss_relics":[{"not_picked":["Fusion Hammer","Philosopher\u0027s Stone"],"picked":"Busted Crown"}],"items_purged_floors":[4],"is_endless":false,"potions_floor_spawned":[1,7,16,24],"killed_by":"Colosseum Slavers","ascension_level":10}