{"gold_per_floor":[118,193,204,204,76,76,102,102,102,137,137,152,152,185,197,209],"floor_reached":16,"playtime":504,"items_purged":["Strike_B"],"score":232,"play_id":"e3c4248f-a115-4cc4-b4fe-daee8f2611df","local_time":"20190515185731","is_ascension_mode":true,"campfire_choices":[{"floor":6,"key":"REST"},{"floor":8,"key":"REST"},{"data":"Rainbow","floor":13,"key":"SMITH"},{"floor":15,"key":"REST"}],"neow_cost":"TEN_PERCENT_HP_LOSS","seed_source_timestamp":2090796820890681,"circlet_count":0,"master_deck":["AscendersBane","Strike_B","Strike_B","Strike_B","Defend_B","Defend_B","Defend_B","Defend_B","Zap","Dualcast","Rainbow+1","Go for the Eyes","Compile Driver+1","Conserve Battery","Conserve Battery+1","Ball Lightning","Coolheaded+1","Recycle+1"],"relics":["Cracked Core","Dodecahedron","Toxic Egg 2","Bottled Flame","Smiling Mask","MawBank"],"potions_floor_usage":[10,14,14],"damage_taken":[{"damage":3,"enemies":"Small Slimes","floor":1,"turns":3},{"damage":5,"enemies":"Jaw Worm","floor":3,"turns":5},{"damage":10,"enemies":"Lagavulin","floor":7,"turns":8},{"damage":10,"enemies":"3 Sentries","floor":10,"turns":8},{"damage":0,"enemies":"Cultist","floor":12,"turns":3},{"damage":13,"enemies":"Gremlin Nob","floor":14,"turns":4},{"damage":38,"enemies":"Slime Boss","floor":16,"turns":7}],"seed_played":"7782050524717859864","potions_obtained":[{"floor":1,"key":"SmokeBomb"},{"floor":3,"key":"Explosive Potion"},{"floor":7,"key":"Ancient Potion"},{"floor":12,"key":"SteroidPotion"}],"is_trial":false,"path_per_floor":["M","?","M","?","$","R","E","R","T","E","?","M","R","E","R","B"],"character_chosen":"DEFECT","items_purchased":["Conserve Battery"],"campfire_rested":3,"item_purchase_floors":[5],"current_hp_per_floor":[61,50,45,10,10,29,19,38,38,28,28,28,28,15,34,0],"gold":209,"neow_bonus":"THREE_RARE_CARDS","is_prod":false,"is_daily":false,"chose_seed":false,"campfire_upgraded":1,"win_rate":0,"timestamp":1557939451,"path_taken":["M","?","M","?","?","R","E","R","T","E","?","?","R","E","R","BOSS"],"build_version":"2019-05-07","purchased_purges":1,"victory":false,"max_hp_per_floor":[64,64,64,64,64,64,64,64,64,64,64,64,64,64,64,64],"card_choices":[{"not_picked":["Multi-Cast","Thunder Strike"],"picked":"Rainbow","floor":0},{"not_picked":["Melter","Beam Cell"],"picked":"Go for the Eyes","floor":1},{"not_picked":["Force Field","Consume"],"picked":"Compile Driver","floor":3},{"not_picked":["Force Field","Cold Snap"],"picked":"Conserve Battery","floor":7},{"not_picked":["Blizzard","Hello World"],"picked":"Ball Lightning","floor":10},{"not_picked":["Gash","Rip and Tear"],"picked":"Coolheaded+1","floor":12},{"not_picked":["Machine Learning","Coolheaded+1"],"picked":"Recycle+1","floor":14}],"player_experience":1916386,"relics_obtained":[{"floor":7,"key":"Toxic Egg 2"},{"floor":9,"key":"Bottled Flame"},{"floor":10,"key":"Smiling Mask"},{"floor":14,"key":"MawBank"}],"event_choices":[{"damage_healed":0,"gold_gain":75,"player_choice":"Gather Gold","damage_taken":11,"max_hp_gain":0,"max_hp_loss":0,"event_name":"World of Goop","floor":2,"gold_loss":0},{"damage_healed":0,"gold_gain":0,"player_choice":"Success","damage_taken":35,"relics_obtained":["Dodecahedron"],"max_hp_gain":0,"max_hp_loss":0,"event_name":"Scrap Ooze","floor":4,"gold_loss":0},{"damage_healed":0,"gold_gain":0,"player_choice":"Forge","damage_taken":0,"max_hp_gain":0,"max_hp_loss":0,"event_name":"Accursed Blacksmith","floor":11,"gold_loss":0,"cards_upgraded":["Compile Driver"]}],"is_beta":true,"boss_relics":[],"items_purged_floors":[5],"is_endless":false,"potions_floor_spawned":[1,3,7,12],"killed_by":"Slime Boss","ascension_level":20}