{"gold_per_floor":[119,69,69,69,89,124,138,138,138,166,196,243,255,311,323,458,470,503,528,540,552,564],"floor_reached":22,"playtime":1692,"items_purged":[],"score":370,"play_id":"963fbe52-9f8a-46cd-916b-ab52b2be358b","local_time":"20190428155403","is_ascension_mode":true,"campfire_choices":[{"data":"Leg Sweep","floor":8,"key":"SMITH"},{"floor":15,"key":"REST"}],"neow_cost":"NONE","seed_source_timestamp":609800513907321,"circlet_count":0,"master_deck":["AscendersBane","Defend_G","Defend_G","Defend_G","Defend_G","Defend_G","Strike_G","Strike_G","Strike_G","Survivor","Neutralize+1","Leg Sweep+1","Backflip","Deadly Poison","Acrobatics","PiercingWail","Infinite Blades","Blur","A Thousand Cuts","Infinite Blades"],"relics":["Ring of the Snake","NeowsBlessing","Blue Candle","MawBank","Tingsha","Golden Idol","Blood Vial","WristBlade"],"potions_floor_usage":[14,16,19,21],"damage_taken":[{"damage":0,"enemies":"Small Slimes","floor":1,"turns":1},{"damage":0,"enemies":"Jaw Worm","floor":5,"turns":1},{"damage":0,"enemies":"3 Sentries","floor":6,"turns":1},{"damage":2,"enemies":"Cultist","floor":7,"turns":5},{"damage":11,"enemies":"2 Fungi Beasts","floor":10,"turns":5},{"damage":7,"enemies":"Exordium Wildlife","floor":11,"turns":6},{"damage":17,"enemies":"Lagavulin","floor":12,"turns":10},{"damage":12,"enemies":"Gremlin Nob","floor":14,"turns":4},{"damage":22,"enemies":"Hexaghost","floor":16,"turns":15},{"damage":8,"enemies":"Chosen","floor":18,"turns":6},{"damage":43,"enemies":"2 Thieves","floor":19,"turns":5},{"damage":0,"enemies":"Cultist and Chosen","floor":21,"turns":4},{"damage":11,"enemies":"Chosen and Byrds","floor":22,"turns":4}],"seed_played":"4336567671818898843","potions_obtained":[{"floor":5,"key":"Strength Potion"},{"floor":10,"key":"LiquidBronze"},{"floor":14,"key":"Explosive Potion"},{"floor":20,"key":"SmokeBomb"},{"floor":20,"key":"Weak Potion"}],"is_trial":false,"path_per_floor":["M","?","?","?","M","E","M","R","T","M","M","E","?","E","R","B",null,"M","M","?","M","M"],"character_chosen":"THE_SILENT","items_purchased":[],"campfire_rested":1,"item_purchase_floors":[],"current_hp_per_floor":[63,63,56,56,56,56,54,54,54,43,36,19,19,7,26,6,50,44,3,3,5,0],"gold":564,"neow_bonus":"THREE_ENEMY_KILL","is_prod":false,"is_daily":false,"chose_seed":false,"campfire_upgraded":1,"win_rate":0,"timestamp":1556459643,"path_taken":["M","?","?","?","M","E","?","R","T","M","M","E","?","E","R","BOSS","M","M","?","M","M"],"build_version":"2019-04-23","purchased_purges":0,"victory":false,"max_hp_per_floor":[70,70,70,70,70,70,70,70,70,70,70,70,65,65,65,65,65,65,65,65,65,65],"card_choices":[{"not_picked":["Quick Slash","Expertise","Eviscerate"],"picked":"SKIP","floor":1},{"not_picked":["Acrobatics","Dagger Throw"],"picked":"Leg Sweep","floor":5},{"not_picked":["Skewer","Night Terror"],"picked":"Backflip","floor":6},{"not_picked":["Acrobatics","Quick Slash"],"picked":"Deadly Poison","floor":7},{"not_picked":["Calculated Gamble","Tactician"],"picked":"Acrobatics","floor":10},{"not_picked":["Calculated Gamble","Sucker Punch"],"picked":"PiercingWail","floor":11},{"not_picked":["Eviscerate","Prepared"],"picked":"Infinite Blades","floor":12},{"not_picked":["Deadly Poison","Finisher"],"picked":"Blur","floor":14},{"not_picked":["Tools of the Trade","Bullet Time"],"picked":"A Thousand Cuts","floor":16},{"not_picked":["Tactician","Flying Knee"],"picked":"Infinite Blades","floor":18},{"not_picked":["Dagger Throw+1","Slice","Outmaneuver"],"picked":"SKIP","floor":19}],"player_experience":1283676,"relics_obtained":[{"floor":6,"key":"Blue Candle"},{"floor":9,"key":"MawBank"},{"floor":12,"key":"Tingsha"},{"floor":14,"key":"Blood Vial"}],"event_choices":[{"cards_removed":["Strike_G"],"damage_healed":0,"gold_gain":0,"player_choice":"Card Removal","damage_taken":0,"max_hp_gain":0,"max_hp_loss":0,"event_name":"The Cleric","floor":2,"gold_loss":50},{"cards_removed":["Strike_G"],"damage_healed":0,"gold_gain":0,"player_choice":"Card Removal","damage_taken":7,"max_hp_gain":0,"max_hp_loss":0,"event_name":"Golden Wing","floor":3,"gold_loss":0},{"damage_healed":0,"gold_gain":0,"player_choice":"Upgraded","damage_taken":0,"max_hp_gain":0,"max_hp_loss":0,"event_name":"Upgrade Shrine","floor":4,"gold_loss":0,"cards_upgraded":["Neutralize"]},{"damage_healed":0,"gold_gain":0,"player_choice":"Lose Max HP","damage_taken":0,"relics_obtained":["Golden Idol"],"max_hp_gain":0,"max_hp_loss":5,"event_name":"Golden Idol","floor":13,"gold_loss":0},{"damage_healed":0,"gold_gain":0,"player_choice":"Got Potions","damage_taken":0,"max_hp_gain":0,"max_hp_loss":0,"event_name":"Lab","floor":20,"gold_loss":0}],"is_beta":true,"boss_relics":[{"not_picked":["Tiny House","Empty Cage"],"picked":"WristBlade"}],"items_purged_floors":[],"is_endless":false,"potions_floor_spawned":[5,10,11,14,21],"killed_by":"Chosen and Byrds","ascension_level":12}