{"gold_per_floor":[119,136,150,5,5,15,15,15,94,104,118,4,17,44,44,148,148,134,59,109,122,122],"floor_reached":22,"playtime":782,"items_purged":["Strike_B"],"score":302,"play_id":"efff6745-4a16-4fff-9a29-900d6b7ce971","local_time":"20190125013013","is_ascension_mode":true,"campfire_choices":[{"data":"Gash","floor":7,"key":"SMITH"},{"floor":15,"key":"REST"}],"neow_cost":"PERCENT_DAMAGE","seed_source_timestamp":282020172112700,"circlet_count":0,"master_deck":["Defend_B","Defend_B","Defend_B+1","Defend_B","Zap","Dualcast","Gash","Recycle+1","Sweeping Beam","Go for the Eyes","Capacitor","Gash+1","Gash","Doom and Gloom","Melter","Rebound","Hologram","Echo Form+1","Beam Cell","Consume","Gash","White Noise","Coolheaded","Gash","Steam"],"relics":["Cracked Core","PreservedInsect","Frozen Egg 2","Potion Belt","Orrery"],"potions_floor_usage":[13,14,14,14],"damage_taken":[{"damage":1,"enemies":"Cultist","floor":1,"turns":3},{"damage":2,"enemies":"Jaw Worm","floor":2,"turns":3},{"damage":7,"enemies":"Small Slimes","floor":3,"turns":2},{"damage":3,"enemies":"Exordium Thugs","floor":6,"turns":4},{"damage":10,"enemies":"Red Slaver","floor":10,"turns":4},{"damage":5,"enemies":"2 Fungi Beasts","floor":11,"turns":4},{"damage":0,"enemies":"3 Louse","floor":13,"turns":2},{"damage":0,"enemies":"Gremlin Nob","floor":14,"turns":2},{"damage":20,"enemies":"Slime Boss","floor":16,"turns":8},{"damage":36,"enemies":"2 Thieves","floor":18,"turns":4},{"damage":16,"enemies":"Shell Parasite","floor":21,"turns":4},{"damage":8,"enemies":"Cultist and Chosen","floor":22,"turns":1}],"seed_played":"-5661587271783931100","potions_obtained":[{"floor":3,"key":"SkillPotion"},{"floor":10,"key":"Poison Potion"},{"floor":11,"key":"SkillPotion"},{"floor":13,"key":"Strength Potion"},{"floor":16,"key":"SpeedPotion"},{"floor":18,"key":"Strength Potion"}],"is_trial":false,"path_per_floor":["M","M","M","$","?","M","R","?","T","M","M","$","M","E","R","B",null,"M","?","?","M","M"],"character_chosen":"DEFECT","items_purchased":["PreservedInsect","Melter"],"campfire_rested":1,"item_purchase_floors":[4,12],"current_hp_per_floor":[49,47,40,40,40,37,37,22,22,12,7,7,7,7,29,9,59,23,23,23,7,0],"gold":122,"neow_bonus":"TRANSFORM_TWO_CARDS","is_prod":false,"is_daily":false,"chose_seed":false,"campfire_upgraded":1,"win_rate":0,"timestamp":1548397813,"path_taken":["M","?","M","$","?","M","R","?","T","?","M","?","M","E","R","BOSS","M","?","?","M","?"],"build_version":"2019-01-23","purchased_purges":1,"victory":false,"max_hp_per_floor":[75,75,75,75,75,75,75,75,75,75,75,75,75,75,75,75,75,75,75,75,75,75],"card_choices":[{"not_picked":["Hologram","Turbo"],"picked":"Sweeping Beam","floor":1},{"not_picked":["Lockon","Rebound"],"picked":"Go for the Eyes","floor":2},{"not_picked":["Consume","Turbo"],"picked":"Capacitor","floor":3},{"not_picked":["Cold Snap","Defragment"],"picked":"Gash","floor":6},{"not_picked":["Cold Snap","Rebound"],"picked":"Gash","floor":10},{"not_picked":["Reboot","White Noise"],"picked":"Doom and Gloom","floor":11},{"not_picked":["Lockon","Go for the Eyes"],"picked":"Rebound","floor":13},{"not_picked":["Beam Cell","Amplify"],"picked":"Hologram","floor":14},{"not_picked":["Buffer+1","Fission"],"picked":"Echo Form+1","floor":16},{"not_picked":["Ball Lightning","Barrage"],"picked":"Beam Cell","floor":17},{"not_picked":["Barrage","Stack"],"picked":"Consume","floor":17},{"not_picked":["BootSequence","Buffer+1"],"picked":"Gash","floor":17},{"not_picked":["Melter","Aggregate"],"picked":"White Noise","floor":17},{"not_picked":["Rebound","Sweeping Beam"],"picked":"Coolheaded","floor":17},{"not_picked":["Cold Snap","White Noise"],"picked":"Gash","floor":18},{"not_picked":["Barrage","Redo"],"picked":"Steam","floor":21}],"player_experience":2014522,"relics_obtained":[{"floor":9,"key":"Frozen Egg 2"},{"floor":14,"key":"Potion Belt"}],"event_choices":[{"damage_healed":0,"gold_gain":0,"player_choice":"Ignored","damage_taken":0,"max_hp_gain":0,"max_hp_loss":0,"event_name":"Golden Idol","floor":5,"gold_loss":0},{"damage_healed":0,"gold_gain":0,"player_choice":"Entered Light","damage_taken":15,"max_hp_gain":0,"max_hp_loss":0,"event_name":"Shining Light","floor":8,"gold_loss":0,"cards_upgraded":["Recycle","Defend_B"]},{"cards_removed":["Strike_B"],"damage_healed":0,"gold_gain":0,"player_choice":"Gave Gold","damage_taken":0,"max_hp_gain":0,"max_hp_loss":0,"event_name":"Beggar","floor":19,"gold_loss":75},{"damage_healed":0,"gold_gain":100,"player_choice":"Bet on Murderer","damage_taken":0,"max_hp_gain":0,"max_hp_loss":0,"event_name":"The Joust","floor":20,"gold_loss":50}],"is_beta":false,"boss_relics":[{"not_picked":["Runic Dome","Ectoplasm"],"picked":"Orrery"}],"items_purged_floors":[12],"is_endless":false,"potions_floor_spawned":[3,10,11,13,16,18],"killed_by":"Cultist and Chosen","ascension_level":6}