{"path_per_floor":["M","?","$","$","M","E","M","R","T","M","R","E","M","?","R","B",null,"M","M","?","$"],"character_chosen":"IRONCLAD","items_purchased":["Spot Weakness","Happy Flower","Dual Wield"],"gold_per_floor":[12,187,42,42,57,89,100,100,124,135,135,163,175,175,175,275,305,316,336,336,4],"floor_reached":22,"campfire_rested":0,"playtime":1232,"current_hp_per_floor":[80,80,80,80,68,48,49,49,49,49,49,46,55,55,55,49,80,56,12,12,12],"items_purged":["Doubt","Normality"],"gold":4,"play_id":"dfd28a84-505a-41ac-9f74-5d6808e26740","is_prod":false,"is_daily":false,"is_ascension_mode":true,"campfire_upgraded":1,"path_taken":["M","?","?","$","M","E","M","R","T","M","R","E","M","?","R","BOSS","M","M","?","$","M"],"build_version":"2018-02-01-PROD3","purchased_purges":2,"victory":false,"master_deck":["Strike_R","Strike_R","Strike_R","Strike_R","Strike_R","Defend_R","Defend_R","Defend_R","Defend_R","Bash","Inflame","Spot Weakness","Anger","Pommel Strike","True Grit+1","Flex","Headbutt","Shrug It Off","Barricade","Clumsy","Writhe","Dual Wield"],"max_hp_per_floor":[80,80,80,80,80,80,80,80,80,80,80,80,80,80,80,80,80,80,80,80,80],"relics":["Burning Blood","Girya","Magic Flower","Anchor","Pantograph","Juzu Bracelet","Calling Bell","Tiny Chest","Prayer Wheel","Centennial Puzzle","Spirit Poop","Happy Flower"],"card_choices":[{"not_picked":["True Grit","Corruption"],"picked":"Inflame"},{"not_picked":["Burning Pact","Clothesline"],"picked":"Anger"},{"not_picked":["Anger","Body Slam"],"picked":"Pommel Strike"},{"not_picked":["Warcry","Infernal Blade"],"picked":"True Grit"},{"not_picked":["Armaments","True Grit"],"picked":"Flex"},{"not_picked":["Sword Boomerang","Wild Strike"],"picked":"Headbutt"},{"not_picked":["Corruption","Juggernaut"],"picked":"Shrug It Off"},{"not_picked":["Dark Embrace","Reaper"],"picked":"Barricade"}],"player_experience":381201,"potions_floor_usage":[12,12,16,18,22],"damage_taken":[{"damage":6,"enemies":"Cultist","floor":1,"turns":3},{"damage":18,"enemies":"Jaw Worm","floor":5,"turns":4},{"damage":26,"enemies":"Lagavulin","floor":6,"turns":5},{"damage":8,"enemies":"Small Slimes","floor":7,"turns":2},{"damage":9,"enemies":"Red Slaver","floor":10,"turns":4},{"damage":27,"enemies":"Gremlin Nob","floor":12,"turns":4},{"damage":0,"enemies":"Large Slime","floor":13,"turns":4},{"damage":40,"enemies":"Slime Boss","floor":16,"turns":9},{"damage":33,"enemies":"Shell Parasite","floor":18,"turns":7},{"damage":53,"enemies":"Chosen","floor":19,"turns":7},{"damage":14,"enemies":"Snake Plant","floor":22,"turns":2}],"event_choices":[{"event_name":"Liars Game","player_choice":"agreed","floor":2,"damage_taken":0},{"event_name":"Big Fish","player_choice":"Box","floor":14,"damage_taken":0},{"event_name":"Bonfire Elementals","player_choice":"CURSE","floor":20,"damage_taken":0}],"boss_relics":[{"not_picked":["Astrolabe","White Beast Statue"],"picked":"Calling Bell"}],"potions_floor_spawned":[1,5,10,13,16],"seed_played":"-5831071459844203940","killed_by":"Snake Plant","ascension_level":2,"is_trial":false}