{"gold_per_floor":[116,133,146,158,158,158,190,190,213,213,238,294,294,311,311,311],"floor_reached":16,"playtime":641,"items_purged":[],"score":193,"play_id":"17403f6e-3766-4a70-8eff-71505c74fd07","local_time":"20190501115933","is_ascension_mode":true,"campfire_choices":[{"floor":6,"key":"REST"},{"data":"Feed","floor":8,"key":"SMITH"},{"data":"True Grit","floor":10,"key":"SMITH"},{"data":"Juggernaut","floor":15,"key":"SMITH"}],"neow_cost":"CURSE","seed_source_timestamp":855981114961612,"circlet_count":0,"master_deck":["AscendersBane","Strike_R","Strike_R+1","Strike_R","Strike_R","Strike_R","Defend_R","Defend_R","Defend_R","Defend_R+1","Bash+1","Doubt","Ghostly Armor","Shrug It Off+1","True Grit+1","Feed+1","Juggernaut+1","Shrug It Off+1"],"relics":["Burning Blood","Pocketwatch","Bag of Marbles","War Paint","Orichalcum"],"potions_floor_usage":[4,7,16,16,16,16],"damage_taken":[{"damage":18,"enemies":"Jaw Worm","floor":1,"turns":4},{"damage":3,"enemies":"Small Slimes","floor":2,"turns":7},{"damage":2,"enemies":"Cultist","floor":3,"turns":4},{"damage":18,"enemies":"3 Louse","floor":4,"turns":4},{"damage":13,"enemies":"3 Sentries","floor":7,"turns":9},{"damage":32,"enemies":"Gremlin Nob","floor":11,"turns":4},{"damage":0,"enemies":"Red Slaver","floor":14,"turns":4},{"damage":36,"enemies":"Slime Boss","floor":16,"turns":8}],"seed_played":"1126302113280738895","potions_obtained":[{"floor":3,"key":"Energy Potion"},{"floor":4,"key":"AttackPotion"},{"floor":7,"key":"GamblersBrew"},{"floor":14,"key":"EntropicBrew"}],"is_trial":false,"path_per_floor":["M","M","M","M","?","R","E","R","T","R","E","?","?","M","R","B"],"character_chosen":"IRONCLAD","items_purchased":[],"campfire_rested":1,"item_purchase_floors":[],"current_hp_per_floor":[56,59,63,51,28,50,46,46,46,46,24,24,24,34,34,0],"gold":311,"neow_bonus":"ONE_RARE_RELIC","is_prod":false,"is_daily":false,"chose_seed":false,"campfire_upgraded":3,"win_rate":0,"timestamp":1556704773,"path_taken":["M","M","M","M","?","R","E","R","T","R","E","?","?","M","R","BOSS"],"build_version":"2019-04-23","purchased_purges":0,"victory":false,"max_hp_per_floor":[75,75,75,75,75,75,78,78,78,78,82,82,82,86,86,86],"card_choices":[{"not_picked":["Havoc","Headbutt"],"picked":"Ghostly Armor","floor":1},{"not_picked":["Thunderclap","Pummel"],"picked":"Shrug It Off","floor":2},{"not_picked":["Bloodletting","Body Slam"],"picked":"True Grit","floor":3},{"not_picked":["Shrug It Off","Armaments"],"picked":"Feed","floor":4},{"not_picked":["Heavy Blade","Infernal Blade"],"picked":"Juggernaut","floor":7},{"not_picked":["Clash","Ghostly Armor"],"picked":"Shrug It Off","floor":11},{"not_picked":["True Grit","Perfected Strike","Evolve"],"picked":"SKIP","floor":14}],"player_experience":1385436,"relics_obtained":[{"floor":7,"key":"Bag of Marbles"},{"floor":9,"key":"War Paint"},{"floor":11,"key":"Orichalcum"}],"event_choices":[{"damage_healed":0,"gold_gain":0,"player_choice":"Entered Light","damage_taken":23,"max_hp_gain":0,"max_hp_loss":0,"event_name":"Shining Light","floor":5,"gold_loss":0,"cards_upgraded":["Bash","Strike_R"]},{"damage_healed":0,"gold_gain":56,"player_choice":"Gained Gold","damage_taken":0,"max_hp_gain":0,"max_hp_loss":0,"event_name":"Golden Wing","floor":12,"gold_loss":0},{"damage_healed":0,"gold_gain":0,"player_choice":"Grow","damage_taken":0,"max_hp_gain":0,"max_hp_loss":0,"event_name":"Living Wall","floor":13,"gold_loss":0,"cards_upgraded":["Shrug It Off"]}],"is_beta":true,"boss_relics":[],"items_purged_floors":[],"is_endless":false,"potions_floor_spawned":[3,4,7,14],"killed_by":"Slime Boss","ascension_level":15}