{"gold_per_floor":[18,18,35,48,63,63,83,83,83,33,33,33,33],"floor_reached":13,"playtime":337,"items_purged":[],"score":142,"play_id":"46d51f97-1133-41ec-9158-eb0df6a1c3ed","local_time":"20190503203947","is_ascension_mode":true,"campfire_choices":[{"floor":6,"key":"REST"},{"floor":8,"key":"REST"}],"neow_cost":"NO_GOLD","seed_source_timestamp":1060300211820449,"circlet_count":0,"master_deck":["AscendersBane","Strike_B","Strike_B","Strike_B","Defend_B","Defend_B","Defend_B","Defend_B","Zap","Dualcast","Echo Form","Genetic Algorithm","Cold Snap","Sweeping Beam","Coolheaded","Conserve Battery","Glacier"],"relics":["Cracked Core","Bag of Preparation"],"potions_floor_usage":[13],"damage_taken":[{"damage":14,"enemies":"Jaw Worm","floor":1,"turns":4},{"damage":7,"enemies":"Cultist","floor":3,"turns":4},{"damage":14,"enemies":"2 Louse","floor":4,"turns":2},{"damage":16,"enemies":"Large Slime","floor":5,"turns":5},{"damage":15,"enemies":"Blue Slaver","floor":7,"turns":4},{"damage":28,"enemies":"Exordium Thugs","floor":10,"turns":5},{"damage":12,"enemies":"Gremlin Gang","floor":13,"turns":2}],"seed_played":"-4224572863799978662","potions_obtained":[{"floor":1,"key":"LiquidBronze"},{"floor":5,"key":"Swift Potion"}],"is_trial":false,"path_per_floor":["M","$","M","M","M","R","M","R","T","M","?","$","M"],"character_chosen":"DEFECT","items_purchased":[],"campfire_rested":2,"item_purchase_floors":[],"current_hp_per_floor":[50,50,43,29,13,34,19,40,40,12,12,12,0],"gold":33,"neow_bonus":"THREE_RARE_CARDS","is_prod":false,"is_daily":false,"chose_seed":false,"campfire_upgraded":0,"win_rate":0,"timestamp":1556908787,"path_taken":["M","$","M","M","M","R","M","R","T","M","?","$","?"],"build_version":"2019-04-23","purchased_purges":0,"victory":false,"max_hp_per_floor":[71,71,71,71,71,71,71,71,71,71,71,71,71],"card_choices":[{"not_picked":["Rainbow","Core Surge"],"picked":"Echo Form","floor":0},{"not_picked":["Gash","Stack"],"picked":"Genetic Algorithm","floor":1},{"not_picked":["Streamline","Genetic Algorithm"],"picked":"Cold Snap","floor":3},{"not_picked":["Heatsinks","Scrape"],"picked":"Sweeping Beam","floor":4},{"not_picked":["Multi-Cast","Beam Cell"],"picked":"Coolheaded","floor":5},{"not_picked":["Sweeping Beam","Leap"],"picked":"Conserve Battery","floor":7},{"not_picked":["Beam Cell","Rebound"],"picked":"Glacier","floor":10}],"player_experience":1476249,"relics_obtained":[{"floor":9,"key":"Bag of Preparation"}],"event_choices":[{"cards_removed":["Strike_B"],"damage_healed":0,"gold_gain":0,"player_choice":"Purged","damage_taken":0,"max_hp_gain":0,"max_hp_loss":0,"event_name":"Purifier","floor":11,"gold_loss":0}],"is_beta":true,"boss_relics":[],"items_purged_floors":[],"is_endless":false,"potions_floor_spawned":[1,5,7],"killed_by":"Gremlin Gang","ascension_level":17}