{"gold_per_floor":[111,36,50,62,73,73,108,128,128,155,155,105,25,39,39,144,144,155,170,13,13,29,29,29,49,49,68,68],"floor_reached":28,"playtime":1168,"items_purged":["Strike_R","Defend_R"],"score":278,"play_id":"2d731374-8641-4ba0-9870-d78600052611","local_time":"20180930002831","is_ascension_mode":true,"campfire_choices":[{"data":"Cleave","floor":6,"key":"SMITH"},{"floor":11,"key":"REST"},{"data":"Heavy Blade","floor":15,"key":"SMITH"},{"floor":23,"key":"REST"},{"floor":24,"key":"REST"}],"neow_cost":"TEN_PERCENT_HP_LOSS","seed_source_timestamp":226391750198421,"circlet_count":0,"master_deck":["Strike_R","Defend_R","Defend_R","Bash","Spot Weakness","Cleave+1","Battle Trance","Heavy Blade+1","Offering","Rupture+1","Sentinel+1","Berserk+1","Heavy Blade","Burning Pact+1","Body Slam+1"],"relics":["Burning Blood","WingedGreaves","Boot","The Courier","Letter Opener","Astrolabe","Toy Ornithopter","Pantograph"],"potions_floor_usage":[7,10,16,16,16,22,28,28],"damage_taken":[{"damage":0,"enemies":"Small Slimes","floor":1,"turns":4},{"damage":8,"enemies":"2 Louse","floor":3,"turns":3},{"damage":7,"enemies":"Jaw Worm","floor":4,"turns":3},{"damage":10,"enemies":"Lots of Slimes","floor":5,"turns":3},{"damage":10,"enemies":"Gremlin Nob","floor":7,"turns":3},{"damage":9,"enemies":"Red Slaver","floor":8,"turns":4},{"damage":25,"enemies":"Gremlin Nob","floor":10,"turns":4},{"damage":20,"enemies":"Large Slime","floor":14,"turns":5},{"damage":18,"enemies":"Hexaghost","floor":16,"turns":6},{"damage":23,"enemies":"2 Thieves","floor":18,"turns":3},{"damage":30,"enemies":"3 Byrds","floor":19,"turns":5},{"damage":35,"enemies":"Centurion and Healer","floor":22,"turns":3},{"damage":18,"enemies":"Cultist and Chosen","floor":25,"turns":4},{"damage":36,"enemies":"Shelled Parasite and Fungi","floor":27,"turns":3},{"damage":35,"enemies":"Centurion and Healer","floor":28,"turns":5}],"seed_played":"6759419214026199400","potions_obtained":[{"floor":1,"key":"AttackPotion"},{"floor":7,"key":"Weak Potion"},{"floor":10,"key":"Energy Potion"},{"floor":10,"key":"Dexterity Potion"},{"floor":14,"key":"Strength Potion"},{"floor":18,"key":"Dexterity Potion"},{"floor":19,"key":"PowerPotion"},{"floor":27,"key":"Swift Potion"}],"is_trial":false,"path_per_floor":["M","$","M","M","M","R","E","M","T","?","R","?","$","M","R","B",null,"M","M","$","?","M","R","R","M","T","M"],"character_chosen":"IRONCLAD","items_purchased":["Toy Ornithopter"],"campfire_rested":3,"item_purchase_floors":[20],"current_hp_per_floor":[72,72,70,69,65,65,61,58,58,39,60,60,60,46,46,34,63,46,22,22,46,22,43,64,52,52,22,0],"gold":68,"neow_bonus":"ONE_RARE_RELIC","is_prod":false,"is_daily":false,"chose_seed":false,"campfire_upgraded":2,"win_rate":0,"timestamp":1538281711,"path_taken":["M","$","M","M","M","R","E","M","T","?","R","?","$","M","R","BOSS","M","M","$","?","M","R","R","M","T","M","M"],"build_version":"2018-09-27","purchased_purges":2,"victory":false,"max_hp_per_floor":[72,72,72,72,72,72,72,72,72,72,72,72,72,72,72,72,72,72,72,72,72,72,72,72,72,72,72,72],"card_choices":[{"not_picked":["True Grit","Warcry"],"picked":"Spot Weakness","floor":1},{"not_picked":["Pommel Strike","True Grit"],"picked":"Cleave","floor":3},{"not_picked":["Iron Wave","Uppercut","Feel No Pain"],"picked":"SKIP","floor":4},{"not_picked":["Cleave","Shockwave","Wild Strike"],"picked":"SKIP","floor":5},{"not_picked":["Clothesline","Reckless Charge","Pommel Strike"],"picked":"SKIP","floor":7},{"not_picked":["Bloodletting","Clash","Wild Strike"],"picked":"SKIP","floor":8},{"not_picked":["Warcry","Burning Pact"],"picked":"Battle Trance","floor":10},{"not_picked":["Seeing Red","Thunderclap"],"picked":"Heavy Blade","floor":14},{"not_picked":["Bludgeon","Reaper"],"picked":"Offering","floor":16},{"not_picked":["Cleave+1","Perfected Strike"],"picked":"Heavy Blade","floor":18},{"not_picked":["Thunderclap","Havoc","Clash"],"picked":"SKIP","floor":19},{"not_picked":["Cleave","Body Slam"],"picked":"Burning Pact+1","floor":22},{"not_picked":["Anger","Twin Strike","Fire Breathing"],"picked":"SKIP","floor":25},{"not_picked":["Carnage","Clash+1"],"picked":"Body Slam+1","floor":27}],"player_experience":1089620,"relics_obtained":[{"floor":7,"key":"Boot"},{"floor":9,"key":"The Courier"},{"floor":10,"key":"Letter Opener"},{"floor":26,"key":"Pantograph"}],"event_choices":[{"event_name":"Dead Adventurer","player_choice":"Searched \u00272\u0027 times","floor":10,"damage_taken":0},{"event_name":"The Cleric","player_choice":"Card Removal","floor":12,"damage_taken":0},{"event_name":"The Library","player_choice":"Heal","floor":21,"damage_taken":0}],"is_beta":false,"boss_relics":[{"not_picked":["Philosopher\u0027s Stone","Lizard Tail"],"picked":"Astrolabe"}],"items_purged_floors":[2,13],"is_endless":false,"potions_floor_spawned":[1,7,10,10,14,18,19,27],"killed_by":"Centurion and Healer","ascension_level":5}