{"gold_per_floor":[110,110,120,120,135,135,153,186,209,243,260,273,273,284,284,379,379,396,396,412,412,337,337,363,382,412,443,225,242,267,278,278,278],"floor_reached":33,"playtime":1314,"items_purged":["Strike_B"],"score":541,"play_id":"6fc75368-1c52-4469-943e-d2c1071315ea","local_time":"20190428214027","is_ascension_mode":true,"campfire_choices":[{"data":"Zap","floor":6,"key":"SMITH"},{"floor":13,"key":"REST"},{"data":"Defragment","floor":15,"key":"SMITH"},{"data":"Buffer","floor":23,"key":"SMITH"},{"floor":32,"key":"REST"}],"neow_cost":"NONE","seed_source_timestamp":630962875406088,"circlet_count":0,"master_deck":["AscendersBane","Strike_B","Strike_B","Defend_B","Defend_B","Defend_B","Defend_B","Zap+1","Dualcast","Self Repair","Hologram","Ball Lightning","Sweeping Beam","Electrodynamics","Defragment+1","Reinforced Body","FTL","Buffer+1","Self Repair","Genetic Algorithm","Glacier","Steam","Lockon+1"],"relics":["Cracked Core","Omamori","Bag of Marbles","Bronze Scales","Centennial Puzzle","Ancient Tea Set","Symbiotic Virus","Busted Crown","Dream Catcher","Tiny Chest","Calipers","Regal Pillow","Potion Belt"],"potions_floor_usage":[25,27,29,31,33],"damage_taken":[{"damage":13,"enemies":"Jaw Worm","floor":1,"turns":4},{"damage":1,"enemies":"Cultist","floor":3,"turns":3},{"damage":3,"enemies":"Small Slimes","floor":5,"turns":3},{"damage":0,"enemies":"3 Louse","floor":7,"turns":3},{"damage":35,"enemies":"Lagavulin","floor":8,"turns":5},{"damage":10,"enemies":"3 Sentries","floor":10,"turns":3},{"damage":8,"enemies":"Looter","floor":11,"turns":2},{"damage":16,"enemies":"Lots of Slimes","floor":12,"turns":2},{"damage":0,"enemies":"Large Slime","floor":14,"turns":3},{"damage":0,"enemies":"Slime Boss","floor":16,"turns":5},{"damage":0,"enemies":"Chosen","floor":18,"turns":3},{"damage":0,"enemies":"3 Byrds","floor":20,"turns":1},{"damage":20,"enemies":"Book of Stabbing","floor":24,"turns":4},{"damage":27,"enemies":"Shelled Parasite and Fungi","floor":25,"turns":5},{"damage":44,"enemies":"Slavers","floor":27,"turns":3},{"damage":10,"enemies":"Centurion and Healer","floor":29,"turns":4},{"damage":13,"enemies":"Sentry and Sphere","floor":31,"turns":5},{"damage":79,"enemies":"Automaton","floor":33,"turns":12}],"seed_played":"2962406564827369192","potions_obtained":[{"floor":1,"key":"Block Potion"},{"floor":7,"key":"SteroidPotion"},{"floor":10,"key":"EssenceOfSteel"},{"floor":25,"key":"FocusPotion"},{"floor":27,"key":"Weak Potion"},{"floor":29,"key":"Poison Potion"},{"floor":31,"key":"Dexterity Potion"}],"is_trial":false,"path_per_floor":["M","?","M","?","M","R","M","E","T","E","M","M","R","M","R","B",null,"M","?","M","?","?","R","E","M","T","E","$","M","T","M","R","B"],"character_chosen":"DEFECT","items_purchased":["Regal Pillow"],"campfire_rested":2,"item_purchase_floors":[28],"current_hp_per_floor":[55,52,58,58,62,62,69,41,41,38,37,28,50,57,57,64,72,75,75,75,75,75,75,62,49,49,19,19,23,23,24,61,0],"gold":278,"neow_bonus":"RANDOM_COMMON_RELIC","is_prod":false,"is_daily":false,"chose_seed":false,"campfire_upgraded":3,"win_rate":0,"timestamp":1556480427,"path_taken":["M","?","M","?","M","R","M","E","T","E","M","M","R","?","R","BOSS","M","?","M","?","?","R","E","M","T","E","$","M","?","M","R","BOSS"],"build_version":"2019-04-23","purchased_purges":1,"victory":false,"max_hp_per_floor":[75,75,75,75,75,75,75,75,75,75,75,75,75,75,75,75,75,75,75,75,75,75,75,75,75,75,75,75,75,75,75,75,75],"card_choices":[{"not_picked":["Cold Snap","Stack"],"picked":"Self Repair","floor":1},{"not_picked":["Chill","Redo"],"picked":"Hologram","floor":3},{"not_picked":["Redo","Static Discharge"],"picked":"Ball Lightning","floor":5},{"not_picked":["Recycle","Chaos"],"picked":"Sweeping Beam","floor":7},{"not_picked":["Go for the Eyes","White Noise"],"picked":"Electrodynamics","floor":8},{"not_picked":["Undo","Streamline"],"picked":"Defragment","floor":10},{"not_picked":["Ball Lightning","Turbo"],"picked":"Reinforced Body","floor":11},{"not_picked":["Conserve Battery","Streamline"],"picked":"FTL","floor":12},{"not_picked":["Ball Lightning","Lockon","Recycle"],"picked":"SKIP","floor":14},{"not_picked":["Rainbow","Amplify"],"picked":"Buffer","floor":16},{"not_picked":["Turbo"],"picked":"SKIP","floor":18},{"not_picked":[],"picked":"Self Repair","floor":20},{"not_picked":["Rebound"],"picked":"SKIP","floor":24},{"not_picked":["Gash"],"picked":"SKIP","floor":25},{"not_picked":[],"picked":"Glacier","floor":27},{"not_picked":[],"picked":"Steam","floor":29},{"not_picked":["Static Discharge"],"picked":"SKIP","floor":31},{"not_picked":[],"picked":"Lockon+1","floor":32}],"player_experience":1301574,"relics_obtained":[{"floor":8,"key":"Centennial Puzzle"},{"floor":9,"key":"Ancient Tea Set"},{"floor":10,"key":"Symbiotic Virus"},{"floor":24,"key":"Dream Catcher"},{"floor":26,"key":"Tiny Chest"},{"floor":27,"key":"Calipers"},{"floor":30,"key":"Potion Belt"}],"event_choices":[{"damage_healed":0,"gold_gain":0,"player_choice":"Success","damage_taken":3,"relics_obtained":["Bag of Marbles"],"max_hp_gain":0,"max_hp_loss":0,"event_name":"Scrap Ooze","floor":2,"gold_loss":0},{"damage_healed":0,"gold_gain":0,"player_choice":"Gave Potion","damage_taken":0,"relics_obtained":["Bronze Scales"],"max_hp_gain":0,"max_hp_loss":0,"event_name":"WeMeetAgain","floor":4,"gold_loss":0},{"damage_healed":0,"gold_gain":0,"player_choice":"Ignored","damage_taken":0,"max_hp_gain":0,"max_hp_loss":0,"event_name":"Ghosts","floor":19,"gold_loss":0},{"damage_healed":0,"gold_gain":0,"player_choice":"Read","damage_taken":0,"max_hp_gain":0,"max_hp_loss":0,"event_name":"The Library","floor":21,"gold_loss":0,"cards_obtained":["Genetic Algorithm"]},{"cards_removed":["Strike_B"],"damage_healed":0,"gold_gain":0,"player_choice":"Gave Gold","damage_taken":0,"max_hp_gain":0,"max_hp_loss":0,"event_name":"Beggar","floor":22,"gold_loss":75}],"is_beta":true,"boss_relics":[{"not_picked":["Cursed Key","Astrolabe"],"picked":"Busted Crown"}],"items_purged_floors":[28],"is_endless":false,"potions_floor_spawned":[1,7,10,12,16,25,27,29,31],"killed_by":"Automaton","ascension_level":11}