{"gold_per_floor":[116,41,57,57,67,67,67,67,90,90,90,121,138,154,154,154],"floor_reached":16,"playtime":754,"items_purged":["Strike_B"],"score":145,"play_id":"5db5f115-74ad-4a36-8918-a64b93b612b2","local_time":"20190315190649","is_ascension_mode":true,"campfire_choices":[{"data":"Gash","floor":6,"key":"SMITH"},{"floor":11,"key":"REST"},{"floor":15,"key":"REST"}],"neow_cost":"PERCENT_DAMAGE","seed_source_timestamp":173322197963100,"circlet_count":0,"master_deck":["Strike_B","Defend_B+1","Defend_B","Defend_B+1","Zap","Dualcast","Gash+1","Coolheaded","Self Repair"],"relics":["Cracked Core","War Paint","Ancient Tea Set","Omamori"],"potions_floor_usage":[16],"damage_taken":[{"damage":4,"enemies":"Small Slimes","floor":1,"turns":3},{"damage":1,"enemies":"2 Louse","floor":3,"turns":3},{"damage":0,"enemies":"Jaw Worm","floor":5,"turns":4},{"damage":26,"enemies":"3 Sentries","floor":12,"turns":9},{"damage":1,"enemies":"Looter","floor":13,"turns":4},{"damage":26,"enemies":"Gremlin Gang","floor":14,"turns":7},{"damage":71,"enemies":"Hexaghost","floor":16,"turns":14}],"seed_played":"8469610316676070583","potions_obtained":[{"floor":12,"key":"Regen Potion"},{"floor":13,"key":"Energy Potion"}],"is_trial":false,"path_per_floor":["M","$","M","?","M","R","?","$","T","?","R","E","M","M","R","B"],"character_chosen":"DEFECT","items_purchased":[],"campfire_rested":2,"item_purchase_floors":[],"current_hp_per_floor":[46,46,45,42,42,42,42,42,42,42,64,38,44,25,47,0],"gold":154,"neow_bonus":"REMOVE_TWO","is_prod":false,"is_daily":false,"chose_seed":false,"campfire_upgraded":1,"win_rate":0,"timestamp":1552691209,"path_taken":["M","$","M","?","M","R","?","$","T","?","R","E","M","M","R","BOSS"],"build_version":"2019-01-23","purchased_purges":1,"victory":false,"max_hp_per_floor":[75,75,75,75,75,75,75,75,75,75,75,75,75,75,75,75],"card_choices":[{"not_picked":["Rebound","Barrage"],"picked":"Gash","floor":1},{"not_picked":["Beam Cell","Redo","Rebound"],"picked":"SKIP","floor":3},{"not_picked":["Ball Lightning","Auto Shields","Doom and Gloom"],"picked":"SKIP","floor":5},{"not_picked":["Cold Snap","Chaos"],"picked":"Self Repair","floor":12},{"not_picked":["Lockon","Consume","Sweeping Beam"],"picked":"SKIP","floor":13},{"not_picked":["Go for the Eyes","Hologram","Stack"],"picked":"SKIP","floor":14}],"player_experience":2444829,"relics_obtained":[{"floor":9,"key":"Ancient Tea Set"},{"floor":12,"key":"Omamori"}],"event_choices":[{"damage_healed":0,"gold_gain":0,"player_choice":"Success","damage_taken":3,"relics_obtained":["War Paint"],"max_hp_gain":0,"max_hp_loss":0,"event_name":"Scrap Ooze","floor":4,"gold_loss":0},{"damage_healed":0,"gold_gain":0,"player_choice":"Searched \u00271\u0027 times","damage_taken":0,"max_hp_gain":0,"max_hp_loss":0,"event_name":"Dead Adventurer","floor":7,"gold_loss":0},{"damage_healed":0,"gold_gain":0,"cards_transformed":["Defend_B"],"player_choice":"Change","damage_taken":0,"max_hp_gain":0,"max_hp_loss":0,"event_name":"Living Wall","floor":10,"gold_loss":0,"cards_obtained":["Coolheaded"]}],"is_beta":false,"boss_relics":[],"items_purged_floors":[2],"is_endless":false,"potions_floor_spawned":[12,13],"killed_by":"Hexaghost","ascension_level":9}