{"gold_per_floor":[119,138,151,76,151,182,182,200,224,253,265,297,309,332,344,460,472,500,532,544,303,317,349,365,365,417,113,148,159,192,117,117,216,216,227,33,0,0,20,20,20],"floor_reached":41,"playtime":3889,"items_purged":["Strike_B"],"score":484,"play_id":"969be53d-69ef-4b02-aded-99c129fdfda3","local_time":"20180810010310","is_ascension_mode":true,"campfire_choices":[{"data":"Electrodynamics","floor":7,"key":"SMITH"},{"floor":13,"key":"REST"},{"data":"Static Discharge","floor":15,"key":"SMITH"},{"floor":25,"key":"REST"},{"floor":32,"key":"REST"},{"data":"Barrage","floor":40,"key":"SMITH"}],"neow_cost":"NONE","seed_source_timestamp":27906988445024,"circlet_count":0,"master_deck":["Strike_B+1","Strike_B","Strike_B+1","Defend_B","Defend_B","Defend_B","Defend_B","Zap","Dualcast","Force Field","Electrodynamics+1","Auto Shields","Static Discharge+1","Leap","Seek","Redo+1","Turbo","Barrage+1","Barrage","Doom and Gloom+1","Glacier+1","Meteor Strike","Conserve Battery","Ball Lightning","Hologram+1","Biased Cognition","Echo Form+1","Go for the Eyes+1","Stack+1","Turbo+1","Seek"],"relics":["Nuclear Battery","Art of War","Regal Pillow","MawBank","Sozu","ClockworkSouvenir","Bag of Marbles","Whetstone","Bird Faced Urn","Prayer Wheel","Vajra","Philosopher\u0027s Stone","Medical Kit","Red Mask"],"potions_floor_usage":[6,14,16,16,23],"damage_taken":[{"damage":1,"enemies":"Cultist","floor":1,"turns":4},{"damage":2,"enemies":"2 Louse","floor":2,"turns":3},{"damage":3,"enemies":"Jaw Worm","floor":3,"turns":5},{"damage":17,"enemies":"3 Sentries","floor":6,"turns":6},{"damage":4,"enemies":"Exordium Thugs","floor":8,"turns":4},{"damage":24,"enemies":"Lagavulin","floor":10,"turns":7},{"damage":0,"enemies":"Looter","floor":12,"turns":3},{"damage":12,"enemies":"3 Louse","floor":14,"turns":3},{"damage":22,"enemies":"The Guardian","floor":16,"turns":11},{"damage":5,"enemies":"3 Byrds","floor":18,"turns":2},{"damage":10,"enemies":"Shell Parasite","floor":19,"turns":8},{"damage":4,"enemies":"Snecko","floor":22,"turns":5},{"damage":30,"enemies":"Book of Stabbing","floor":23,"turns":6},{"damage":13,"enemies":"Centurion and Healer","floor":24,"turns":4},{"damage":14,"enemies":"Slavers","floor":28,"turns":5},{"damage":6,"enemies":"Chosen and Byrds","floor":29,"turns":4},{"damage":7,"enemies":"Book of Stabbing","floor":30,"turns":5},{"damage":38,"enemies":"Champ","floor":33,"turns":10},{"damage":7,"enemies":"Orb Walker","floor":35,"turns":2},{"damage":14,"enemies":"3 Darklings","floor":39,"turns":5},{"damage":80,"enemies":"Giant Head","floor":41,"turns":9}],"seed_played":"4647942496778709402","potions_obtained":[{"floor":2,"key":"Regen Potion"},{"floor":6,"key":"LiquidBronze"},{"floor":10,"key":"Fire Potion"},{"floor":14,"key":"GamblersBrew"},{"floor":16,"key":"Regen Potion"}],"is_trial":false,"path_per_floor":["M","M","M","$","?","E","R","M","T","E","$","M","R","M","R","B",null,"M","M","?","$","M","E","M","R","T","$","E","M","E","$","R","B",null,"M","$","?","?","M","R"],"character_chosen":"DEFECT","items_purchased":["ClockworkSouvenir","Barrage","Bird Faced Urn","Biased Cognition","Medical Kit"],"campfire_rested":3,"item_purchase_floors":[21,21,27,31,36],"current_hp_per_floor":[74,72,69,69,62,57,57,53,53,29,29,29,66,54,54,32,75,70,60,60,60,56,40,27,64,64,64,54,52,49,49,75,41,75,68,68,68,68,58,58,0],"gold":20,"neow_bonus":"BOSS_RELIC","is_prod":false,"is_daily":false,"chose_seed":false,"campfire_upgraded":3,"win_rate":0,"timestamp":1533877390,"path_taken":["M","?","M","$","?","E","R","M","T","E","$","M","R","M","R","BOSS","M","M","?","$","M","E","M","R","T","?","E","?","E","?","R","BOSS","M","?","?","?","M","R","E"],"build_version":"2018-08-09","purchased_purges":1,"victory":false,"max_hp_per_floor":[75,75,75,75,75,75,75,75,75,75,75,75,75,75,75,75,75,75,75,75,75,75,75,75,75,75,75,75,75,75,75,75,75,75,75,75,75,75,75,75,75],"card_choices":[{"not_picked":["Streamline","Beam Cell","Steam"],"picked":"SKIP","floor":1},{"not_picked":["Ball Lightning","Undo"],"picked":"Force Field","floor":2},{"not_picked":["Barrage","Beam Cell"],"picked":"Electrodynamics","floor":3},{"not_picked":["Compile Driver","Redo"],"picked":"Auto Shields","floor":6},{"not_picked":["Recycle","Go for the Eyes","Barrage"],"picked":"SKIP","floor":8},{"not_picked":["Genetic Algorithm","Steam Power","Sweeping Beam"],"picked":"SKIP","floor":10},{"not_picked":["Compile Driver","Redo"],"picked":"Static Discharge","floor":12},{"not_picked":["Hologram","Beam Cell"],"picked":"Leap","floor":14},{"not_picked":["Electrodynamics","Core Surge"],"picked":"Seek","floor":16},{"not_picked":["Conserve Battery","Streamline"],"picked":"Redo+1","floor":18},{"not_picked":["Aggregate","Gash+1"],"picked":"Turbo","floor":19},{"not_picked":["Beam Cell+1","Glacier"],"picked":"Doom and Gloom+1","floor":22},{"not_picked":["Consume","Leap","Turbo"],"picked":"SKIP","floor":23},{"not_picked":["Undo","Sweeping Beam+1"],"picked":"Glacier+1","floor":24},{"not_picked":["White Noise","Hologram+1"],"picked":"Meteor Strike","floor":28},{"not_picked":["Streamline","Steam Power+1"],"picked":"Conserve Battery","floor":29},{"not_picked":["Skim","Force Field"],"picked":"Ball Lightning","floor":29},{"not_picked":["Stack","Redo"],"picked":"Hologram+1","floor":30},{"not_picked":["Buffer","Seek"],"picked":"Echo Form","floor":33},{"not_picked":["Hello World+1","Rebound+1"],"picked":"Go for the Eyes+1","floor":35},{"not_picked":["Redo+1","Rebound+1"],"picked":"Stack+1","floor":35},{"not_picked":["Skim","Hologram+1"],"picked":"Turbo+1","floor":39},{"not_picked":["Leap","Blizzard"],"picked":"Seek","floor":39}],"player_experience":610218,"relics_obtained":[{"floor":6,"key":"Art of War"},{"floor":9,"key":"Regal Pillow"},{"floor":10,"key":"MawBank"},{"floor":23,"key":"Bag of Marbles"},{"floor":26,"key":"Whetstone"},{"floor":28,"key":"Prayer Wheel"},{"floor":30,"key":"Vajra"}],"event_choices":[{"event_name":"FaceTrader","player_choice":"Touch","floor":5,"damage_taken":0},{"event_name":"The Library","player_choice":"Read","floor":20,"damage_taken":0},{"event_name":"Tomb of Lord Red Mask","player_choice":"Paid","floor":37,"damage_taken":0},{"event_name":"Upgrade Shrine","player_choice":"Upgraded","floor":38,"damage_taken":0}],"is_beta":false,"boss_relics":[{"not_picked":["Empty Cage","Eternal Feather"],"picked":"Sozu"},{"not_picked":["Runic Pyramid","White Beast Statue"],"picked":"Philosopher\u0027s Stone"}],"items_purged_floors":[4],"is_endless":false,"potions_floor_spawned":[2,6,10,14,16,23,24,28,29,33],"killed_by":"Giant Head","ascension_level":1}