{"gold_per_floor":[117,63,63,74,74,106,106,140,140,140,154,170,181,209,209,209],"floor_reached":16,"playtime":548,"items_purged":[],"score":390,"play_id":"53bfdb71-e03a-48ec-84a5-dfed1212bd90","local_time":"20190518151841","is_ascension_mode":true,"campfire_choices":[{"data":"Armaments","floor":7,"key":"SMITH"},{"data":"Bash","floor":10,"key":"SMITH"},{"data":"Bludgeon","floor":15,"key":"SMITH"}],"neow_cost":"NONE","seed_source_timestamp":2336821976618794,"circlet_count":0,"master_deck":["AscendersBane","Strike_R","Strike_R","Strike_R","Strike_R","Defend_R","Defend_R","Defend_R+1","Defend_R+1","Bash+1","Disarm","Anger","Armaments+1","Shrug It Off","Cleave","Bludgeon+1"],"relics":["Burning Blood","NeowsBlessing","The Courier","War Paint","Bag of Preparation","Ornamental Fan","Bag of Marbles"],"potions_floor_usage":[14,16],"damage_taken":[{"damage":0,"enemies":"2 Louse","floor":1,"turns":1},{"damage":0,"enemies":"Jaw Worm","floor":4,"turns":1},{"damage":0,"enemies":"3 Sentries","floor":6,"turns":1},{"damage":24,"enemies":"Lagavulin","floor":8,"turns":8},{"damage":0,"enemies":"Cultist","floor":11,"turns":3},{"damage":9,"enemies":"Lots of Slimes","floor":12,"turns":5},{"damage":0,"enemies":"2 Fungi Beasts","floor":13,"turns":3},{"damage":38,"enemies":"3 Sentries","floor":14,"turns":8}],"seed_played":"7137103020292946546","potions_obtained":[{"floor":4,"key":"Dexterity Potion"},{"floor":8,"key":"Ancient Potion"},{"floor":12,"key":"BloodPotion"},{"floor":14,"key":"Fruit Juice"}],"is_trial":false,"path_per_floor":["M","$","?","M","?","E","R","E","T","R","M","M","M","E","R","B"],"character_chosen":"IRONCLAD","items_purchased":["Anger"],"campfire_rested":0,"item_purchase_floors":[2],"current_hp_per_floor":[74,74,56,62,62,68,68,50,50,50,56,53,59,34,34,0],"gold":209,"neow_bonus":"THREE_ENEMY_KILL","is_prod":false,"is_daily":false,"chose_seed":false,"campfire_upgraded":3,"win_rate":0,"timestamp":1558185521,"path_taken":["M","$","?","M","?","E","R","E","T","R","?","M","M","E","R","BOSS"],"build_version":"2019-05-07","purchased_purges":0,"victory":false,"max_hp_per_floor":[75,75,75,75,75,75,75,75,75,75,75,75,75,75,75,80],"card_choices":[{"not_picked":["Clash","Headbutt"],"picked":"Disarm","floor":1},{"not_picked":["Clash","Berserk"],"picked":"Armaments","floor":4},{"not_picked":["Sword Boomerang","Cleave"],"picked":"Shrug It Off","floor":6},{"not_picked":["Perfected Strike","Fire Breathing","Entrench"],"picked":"SKIP","floor":8},{"not_picked":["Warcry","Anger","Power Through"],"picked":"SKIP","floor":11},{"not_picked":["Heavy Blade","Wild Strike","Havoc"],"picked":"SKIP","floor":12},{"not_picked":["Fire Breathing","Pummel"],"picked":"Cleave","floor":13},{"not_picked":["Combust","Flame Barrier"],"picked":"Bludgeon","floor":14}],"player_experience":2028875,"relics_obtained":[{"floor":6,"key":"War Paint"},{"floor":8,"key":"Bag of Preparation"},{"floor":9,"key":"Ornamental Fan"},{"floor":14,"key":"Bag of Marbles"}],"event_choices":[{"damage_healed":0,"gold_gain":0,"player_choice":"Success","damage_taken":18,"relics_obtained":["The Courier"],"max_hp_gain":0,"max_hp_loss":0,"event_name":"Scrap Ooze","floor":3,"gold_loss":0},{"cards_removed":["Strike_R"],"damage_healed":0,"gold_gain":0,"player_choice":"Offered Basic","damage_taken":0,"max_hp_gain":0,"max_hp_loss":0,"event_name":"Bonfire Elementals","floor":5,"gold_loss":0}],"is_beta":true,"boss_relics":[],"items_purged_floors":[],"is_endless":false,"potions_floor_spawned":[4,8,12,14],"killed_by":"The Guardian","ascension_level":20}