{"gold_per_floor":[109,109,127,127,140,140,151,151,177,127,127,173,27,42,42,144,144,160,176,196,45,60,92,92,92,140,140,30,30,43,53,53,151,151,163,183,199,213,91,91,102,102,172,172,206,38,54,64,64,64],"floor_reached":50,"playtime":2860,"items_purged":["Strike_B","Regret"],"score":705,"play_id":"cde21ab2-6bc8-4f00-abe0-16bec2504d7b","local_time":"20190425222242","is_ascension_mode":true,"campfire_choices":[{"data":"Zap","floor":6,"key":"SMITH"},{"data":"Tempest","floor":8,"key":"SMITH"},{"data":"Coolheaded","floor":11,"key":"SMITH"},{"data":"Conserve Battery","floor":15,"key":"SMITH"},{"data":"Biased Cognition","floor":24,"key":"SMITH"},{"data":"Self Repair","floor":27,"key":"SMITH"},{"data":"Capacitor","floor":29,"key":"SMITH"},{"data":"Reinforced Body","floor":32,"key":"SMITH"},{"data":"Hologram","floor":40,"key":"SMITH"},{"data":"Double Energy","floor":42,"key":"SMITH"},{"data":"Chill","floor":44,"key":"SMITH"},{"data":"Redo","floor":49,"key":"SMITH"}],"neow_cost":"NONE","seed_source_timestamp":372749443157797,"circlet_count":0,"master_deck":["Strike_B","Defend_B","Defend_B","Defend_B","Defend_B+1","Zap+1","Dualcast","Cold Snap+1","Tempest+1","Coolheaded+1","Chill+1","Ball Lightning","Conserve Battery+1","Self Repair+1","Compile Driver+1","Biased Cognition+1","Steam+1","Reinforced Body+1","Sweeping Beam","Loop","Go for the Eyes","Capacitor+1","Redo+1","Echo Form","Defragment+1","Double Energy+1","Double Energy+1","Hologram+1","Tempest","Hologram+1"],"relics":["Cracked Core","NeowsBlessing","DataDisk","Bird Faced Urn","Blood Vial","Regal Pillow","Coffee Dripper","Bronze Scales","Pantograph","Whetstone","Cursed Key","Ornamental Fan","War Paint"],"potions_floor_usage":[33,33,37,50,50,50],"damage_taken":[{"damage":0,"enemies":"Jaw Worm","floor":1,"turns":1},{"damage":0,"enemies":"Cultist","floor":3,"turns":1},{"damage":0,"enemies":"Small Slimes","floor":5,"turns":1},{"damage":3,"enemies":"Looter","floor":7,"turns":3},{"damage":5,"enemies":"Blue Slaver","floor":14,"turns":3},{"damage":22,"enemies":"The Guardian","floor":16,"turns":10},{"damage":18,"enemies":"2 Thieves","floor":18,"turns":3},{"damage":0,"enemies":"Chosen","floor":19,"turns":3},{"damage":0,"enemies":"Snake Plant","floor":20,"turns":4},{"damage":0,"enemies":"Chosen and Byrds","floor":22,"turns":4},{"damage":23,"enemies":"Book of Stabbing","floor":23,"turns":5},{"damage":7,"enemies":"Cultist and Chosen","floor":30,"turns":4},{"damage":2,"enemies":"Snecko","floor":31,"turns":3},{"damage":16,"enemies":"Collector","floor":33,"turns":12},{"damage":0,"enemies":"Orb Walker","floor":35,"turns":3},{"damage":0,"enemies":"3 Darklings","floor":36,"turns":5},{"damage":0,"enemies":"Transient","floor":37,"turns":5},{"damage":32,"enemies":"Writhing Mass","floor":38,"turns":5},{"damage":25,"enemies":"Jaw Worm Horde","floor":41,"turns":4},{"damage":44,"enemies":"Reptomancer","floor":45,"turns":7},{"damage":7,"enemies":"Spire Growth","floor":47,"turns":5},{"damage":0,"enemies":"Maw","floor":48,"turns":5},{"damage":92,"enemies":"Awakened One","floor":50,"turns":6}],"seed_played":"7873401614562571370","potions_obtained":[{"floor":1,"key":"Regen Potion"},{"floor":5,"key":"Energy Potion"},{"floor":14,"key":"Poison Potion"},{"floor":18,"key":"LiquidBronze"},{"floor":23,"key":"AttackPotion"},{"floor":33,"key":"SneckoOil"},{"floor":41,"key":"Regen Potion"},{"floor":47,"key":"EssenceOfSteel"}],"is_trial":false,"path_per_floor":["M","?","M","?","M","R","M","R","T","?","R","T","$","M","R","B",null,"M","M","M","$","M","E","R","?","T","R","$","R","M","M","R","B",null,"M","M","M","M","$","R","M","R","T","R","E","$","M","M","R","B"],"character_chosen":"DEFECT","items_purchased":["Ball Lightning","Conserve Battery","Self Repair","Bronze Scales","Capacitor","Double Energy","Hologram","Tempest"],"campfire_rested":0,"item_purchase_floors":[13,13,13,21,28,39,39,46],"current_hp_per_floor":[68,68,68,61,61,61,58,58,58,58,58,58,58,64,64,53,70,65,75,75,75,75,63,63,63,63,63,63,63,75,73,73,73,75,75,75,75,55,55,55,64,64,64,64,58,58,75,75,75,0],"gold":64,"neow_bonus":"THREE_ENEMY_KILL","is_prod":false,"is_daily":false,"chose_seed":false,"campfire_upgraded":12,"win_rate":0,"timestamp":1556223762,"path_taken":["M","?","?","?","M","R","M","R","T","?","R","?","$","?","R","BOSS","M","M","M","$","M","E","R","?","T","R","$","R","M","?","R","BOSS","M","M","?","M","$","R","M","R","T","R","E","$","M","?","R","BOSS"],"build_version":"2019-04-23","purchased_purges":2,"victory":false,"max_hp_per_floor":[75,75,75,75,75,75,75,75,75,75,75,75,75,75,75,75,75,75,75,75,75,75,75,75,75,75,75,75,75,75,75,75,75,75,75,75,75,75,75,75,75,75,75,75,75,75,75,75,75,75],"card_choices":[{"not_picked":["Recycle","Reinforced Body"],"picked":"Cold Snap","floor":1},{"not_picked":["Scrape","Leap"],"picked":"Tempest","floor":3},{"not_picked":["Cold Snap","Recycle"],"picked":"Coolheaded","floor":5},{"not_picked":["Storm","Hello World"],"picked":"Chill","floor":7},{"not_picked":["Hologram","Conserve Battery"],"picked":"Compile Driver","floor":14},{"not_picked":["Multi-Cast","Fission"],"picked":"Biased Cognition","floor":16},{"not_picked":["Ball Lightning","Reprogram"],"picked":"Steam","floor":18},{"not_picked":["Consume","Redo"],"picked":"Reinforced Body","floor":19},{"not_picked":["Leap+1","Gash"],"picked":"Sweeping Beam","floor":20},{"not_picked":["Coolheaded+1","Rebound"],"picked":"Loop","floor":22},{"not_picked":["BootSequence","Barrage"],"picked":"Go for the Eyes","floor":23},{"not_picked":["Go for the Eyes","Turbo+1"],"picked":"Redo","floor":30},{"not_picked":["Turbo","Reprogram","Melter"],"picked":"SKIP","floor":31},{"not_picked":["Fission","Thunder Strike"],"picked":"Echo Form","floor":33},{"not_picked":["Leap","Redo+1"],"picked":"Defragment+1","floor":35},{"not_picked":["Beam Cell+1","Conserve Battery+1"],"picked":"Double Energy+1","floor":36},{"not_picked":["Aggregate","Storm","Gash"],"picked":"SKIP","floor":37},{"not_picked":["Skim","Genetic Algorithm+1","Hello World"],"picked":"SKIP","floor":38},{"not_picked":["Self Repair+1","Hello World","Fusion"],"picked":"SKIP","floor":41},{"not_picked":["Go for the Eyes+1","Reboot","Coolheaded"],"picked":"SKIP","floor":45},{"not_picked":["Steam","Blizzard+1"],"picked":"Hologram+1","floor":47},{"not_picked":["Redo","Ball Lightning+1","Self Repair"],"picked":"SKIP","floor":48}],"player_experience":1241918,"relics_obtained":[{"floor":9,"key":"Blood Vial"},{"floor":12,"key":"Regal Pillow"},{"floor":23,"key":"Pantograph"},{"floor":26,"key":"Whetstone"},{"floor":43,"key":"Ornamental Fan"},{"floor":45,"key":"War Paint"}],"event_choices":[{"damage_healed":0,"gold_gain":0,"player_choice":"Gave Potion","damage_taken":0,"relics_obtained":["DataDisk"],"max_hp_gain":0,"max_hp_loss":0,"event_name":"WeMeetAgain","floor":2,"gold_loss":0},{"damage_healed":0,"gold_gain":0,"player_choice":"Success","damage_taken":7,"relics_obtained":["Bird Faced Urn"],"max_hp_gain":0,"max_hp_loss":0,"event_name":"Scrap Ooze","floor":4,"gold_loss":0},{"cards_removed":["Strike_B"],"damage_healed":0,"gold_gain":0,"player_choice":"Card Removal","damage_taken":0,"max_hp_gain":0,"max_hp_loss":0,"event_name":"The Cleric","floor":10,"gold_loss":50},{"cards_removed":["Strike_B"],"damage_healed":0,"gold_gain":0,"player_choice":"Purged","damage_taken":0,"max_hp_gain":0,"max_hp_loss":0,"event_name":"Purifier","floor":25,"gold_loss":0}],"is_beta":true,"boss_relics":[{"not_picked":["Busted Crown","Pandora\u0027s Box"],"picked":"Coffee Dripper"},{"not_picked":["Runic Pyramid","Empty Cage"],"picked":"Cursed Key"}],"items_purged_floors":[28,46],"is_endless":false,"potions_floor_spawned":[1,5,14,18,23,33,41,47],"killed_by":"Awakened One","ascension_level":9}