{"gold_per_floor":[109,125,50,68,85,85,103,103,103,103,130,156,156,185,185,261,261,279,299,299,279,8,8,37,37,117,149,149,174,49,49],"floor_reached":31,"playtime":1175,"items_purged":["Strike_R","Strike_R","Strike_R"],"score":583,"play_id":"888ec0b6-9690-43a4-9e90-370ba27cf517","local_time":"20190512125729","is_ascension_mode":true,"campfire_choices":[{"data":"Immolate","floor":6,"key":"SMITH"},{"data":"Uppercut","floor":8,"key":"SMITH"},{"data":"Disarm","floor":10,"key":"SMITH"},{"data":"Disarm","floor":15,"key":"SMITH"},{"floor":23,"key":"REST"},{"floor":25,"key":"REST"},{"floor":28,"key":"REST"}],"neow_cost":"TEN_PERCENT_HP_LOSS","seed_source_timestamp":1809322311654858,"circlet_count":0,"master_deck":["AscendersBane","Strike_R","Defend_R","Defend_R","Defend_R","Defend_R","Bash","Immolate+1","Shrug It Off","Uppercut+1","Disarm+1","Limit Break","Disarm+1","Demon Form","Limit Break","Headbutt","Battle Trance","RitualDagger","Heavy Blade+1","Thunderclap+1","Headbutt","Flame Barrier"],"relics":["Burning Blood","Dodecahedron","Odd Mushroom","Pantograph","Letter Opener","Sozu","Regal Pillow","Strawberry","Shuriken","Dream Catcher","Happy Flower"],"potions_floor_usage":[12],"damage_taken":[{"damage":0,"enemies":"Cultist","floor":1,"turns":3},{"damage":4,"enemies":"Small Slimes","floor":2,"turns":3},{"damage":6,"enemies":"Jaw Worm","floor":4,"turns":4},{"damage":2,"enemies":"2 Fungi Beasts","floor":5,"turns":3},{"damage":9,"enemies":"Lots of Slimes","floor":7,"turns":3},{"damage":0,"enemies":"The Mushroom Lair","floor":11,"turns":1},{"damage":15,"enemies":"3 Sentries","floor":12,"turns":4},{"damage":15,"enemies":"Lagavulin","floor":14,"turns":6},{"damage":5,"enemies":"Hexaghost","floor":16,"turns":8},{"damage":20,"enemies":"Shell Parasite","floor":18,"turns":5},{"damage":35,"enemies":"Spheric Guardian","floor":19,"turns":5},{"damage":45,"enemies":"Slavers","floor":24,"turns":5},{"damage":33,"enemies":"Gremlin Leader","floor":27,"turns":6},{"damage":61,"enemies":"Slavers","floor":29,"turns":6},{"damage":16,"enemies":"Gremlin Leader","floor":31,"turns":2}],"seed_played":"2863861340143035987","potions_obtained":[{"floor":2,"key":"Strength Potion"},{"floor":5,"key":"Poison Potion"},{"floor":7,"key":"LiquidBronze"}],"is_trial":false,"path_per_floor":["M","M","$","M","M","R","M","R","T","R","?","E","?","E","R","B",null,"M","M","?","?","$","R","E","R","T","E","R","E","$","E"],"character_chosen":"IRONCLAD","items_purchased":["Regal Pillow"],"campfire_rested":3,"item_purchase_floors":[22],"current_hp_per_floor":[68,68,68,68,68,68,65,65,65,65,68,59,52,43,43,68,68,54,25,19,19,19,54,22,59,59,32,69,14,14,0],"gold":49,"neow_bonus":"THREE_RARE_CARDS","is_prod":false,"is_daily":false,"chose_seed":false,"campfire_upgraded":4,"win_rate":0,"timestamp":1557658649,"path_taken":["M","M","$","M","?","R","?","R","T","R","?","E","?","E","R","BOSS","M","M","?","?","$","R","E","R","T","E","R","E","$","E"],"build_version":"2019-05-07","purchased_purges":3,"victory":false,"max_hp_per_floor":[68,68,68,68,68,68,68,68,68,68,68,68,68,68,68,68,68,68,68,68,68,68,68,75,75,75,75,75,75,75,75],"card_choices":[{"not_picked":["Berserk","Brutality"],"picked":"Immolate","floor":0},{"not_picked":["Pommel Strike","Havoc"],"picked":"Shrug It Off","floor":1},{"not_picked":["Corruption","Hemokinesis"],"picked":"Uppercut","floor":2},{"not_picked":["Corruption","Twin Strike","Cleave"],"picked":"SKIP","floor":4},{"not_picked":["Body Slam","Metallicize"],"picked":"Disarm","floor":5},{"not_picked":["Cleave","Headbutt"],"picked":"Limit Break","floor":7},{"not_picked":["Thunderclap","Heavy Blade"],"picked":"Disarm","floor":11},{"not_picked":["Warcry","Twin Strike","Havoc"],"picked":"SKIP","floor":12},{"not_picked":["Anger","Shrug It Off"],"picked":"Demon Form","floor":14},{"not_picked":["Barricade","Offering"],"picked":"Limit Break","floor":16},{"not_picked":["Armaments","Sword Boomerang"],"picked":"Headbutt","floor":18},{"not_picked":["Clothesline","Spot Weakness"],"picked":"Battle Trance","floor":19},{"not_picked":["Second Wind","Cleave"],"picked":"Heavy Blade+1","floor":24},{"not_picked":["Pummel","Burning Pact"],"picked":"Thunderclap+1","floor":27},{"not_picked":["Demon Form","Clash"],"picked":"Headbutt","floor":28},{"not_picked":["Twin Strike+1","Sword Boomerang"],"picked":"Flame Barrier","floor":29}],"player_experience":1841114,"relics_obtained":[{"floor":9,"key":"Dodecahedron"},{"floor":11,"key":"Odd Mushroom"},{"floor":12,"key":"Pantograph"},{"floor":14,"key":"Letter Opener"},{"floor":24,"key":"Strawberry"},{"floor":26,"key":"Shuriken"},{"floor":27,"key":"Dream Catcher"},{"floor":29,"key":"Happy Flower"}],"event_choices":[{"damage_healed":0,"gold_gain":0,"player_choice":"Fought Mushrooms","damage_taken":0,"max_hp_gain":0,"max_hp_loss":0,"event_name":"Mushrooms","floor":11,"gold_loss":0},{"cards_removed":["Strike_R"],"damage_healed":0,"gold_gain":0,"player_choice":"Card Removal","damage_taken":7,"max_hp_gain":0,"max_hp_loss":0,"event_name":"Golden Wing","floor":13,"gold_loss":0},{"damage_healed":0,"gold_gain":0,"player_choice":"Joined the Cult","damage_taken":6,"max_hp_gain":0,"max_hp_loss":0,"event_name":"Nest","floor":20,"gold_loss":0,"cards_obtained":["RitualDagger"]},{"damage_healed":0,"gold_gain":0,"player_choice":"Bought 1 Potion","damage_taken":0,"max_hp_gain":0,"max_hp_loss":0,"event_name":"The Woman in Blue","floor":21,"gold_loss":0}],"is_beta":true,"boss_relics":[{"not_picked":["Snecko Eye","Ectoplasm"],"picked":"Sozu"}],"items_purged_floors":[3,22,30],"is_endless":false,"potions_floor_spawned":[2,5,7,11,24,29],"killed_by":"Gremlin Leader","ascension_level":19}