{"path_per_floor":["M","?","M","M","M","E","M","?","T","R","$","?","?","?","R","B",null,"M","M","M","?","?","M","M"],"character_chosen":"IRONCLAD","items_purchased":["Offering","True Grit"],"gold_per_floor":[110,110,126,145,116,149,161,161,208,208,77,77,77,77,77,174,174,193,208,228,128,128,138,151],"floor_reached":25,"campfire_rested":2,"playtime":2396,"current_hp_per_floor":[80,80,80,76,59,17,9,9,9,33,33,33,17,43,67,44,80,58,48,29,29,55,30,7],"items_purged":[],"gold":151,"play_id":"c289ca11-0c8b-4d49-8fc9-1443624c893b","is_prod":false,"is_daily":false,"campfire_rituals":0,"campfire_upgraded":0,"is_hardmode":false,"path_taken":["M","?","M","M","M","E","M","?","T","R","$","?","?","?","R","BOSS","M","M","M","?","?","M","M","?"],"build_version":"2018-01-18-PROD4","purchased_purges":0,"victory":false,"master_deck":["Strike_R","Strike_R","Strike_R","Defend_R","Defend_R","Defend_R","Bash","Brutality","Brutality","Shockwave","Warcry","Dropkick","Combust","Pommel Strike","Offering","True Grit","Offering","Rage","Clash","Cleave","Sword Boomerang","Inflame","Rupture","J.A.X.","Bloodletting","Evolve"],"max_hp_per_floor":[80,80,80,80,80,80,80,80,80,80,80,80,80,80,80,80,80,80,80,80,80,80,80,80],"relics":["Burning Blood","Toolbox","War Paint","Astrolabe"],"campfire_meditates":0,"card_choices":[{"not_picked":["Shrug It Off","Thunderclap"],"picked":"Brutality"},{"not_picked":["Headbutt","Perfected Strike"],"picked":"Shockwave"},{"not_picked":["Wild Strike","Headbutt"],"picked":"Warcry"},{"not_picked":["Clothesline","Perfected Strike"],"picked":"Dropkick"},{"not_picked":["Iron Wave","Dual Wield"],"picked":"Combust"},{"not_picked":["Wild Strike","Cleave"],"picked":"Pommel Strike"},{"not_picked":["Bludgeon","Dark Embrace"],"picked":"Offering"},{"not_picked":["True Grit","Warcry"],"picked":"Sword Boomerang"},{"not_picked":["Cleave","Power Through"],"picked":"Inflame"},{"not_picked":["Dual Wield","Thunderclap"],"picked":"Rupture"},{"not_picked":["Hemokinesis","Cleave"],"picked":"Bloodletting"},{"not_picked":["Reckless Charge","Cleave"],"picked":"Evolve"}],"player_experience":42545,"potions_floor_usage":[6,16,25],"damage_taken":[{"damage":1,"enemies":"Small Slimes","floor":1,"turns":4},{"damage":4,"enemies":"Cultist","floor":3,"turns":3},{"damage":10,"enemies":"2 Louse","floor":4,"turns":3},{"damage":23,"enemies":"Exordium Thugs","floor":5,"turns":5},{"damage":48,"enemies":"Lagavulin","floor":6,"turns":8},{"damage":14,"enemies":"Looter","floor":7,"turns":4},{"damage":29,"enemies":"Slime Boss","floor":16,"turns":7},{"damage":28,"enemies":"Chosen","floor":18,"turns":5},{"damage":16,"enemies":"Spheric Guardian","floor":19,"turns":3},{"damage":25,"enemies":"3 Cultists","floor":20,"turns":4},{"damage":31,"enemies":"Snake Plant","floor":23,"turns":4},{"damage":29,"enemies":"Chosen and Byrds","floor":24,"turns":4},{"damage":7,"enemies":"Centurion and Healer","floor":25,"turns":2}],"event_choices":[{"event_name":"Living Wall","player_choice":"Grow","floor":2,"damage_taken":0},{"event_name":"Dead Adventurer","player_choice":"Searched \u00271\u0027 times","floor":8,"damage_taken":0},{"event_name":"Upgrade Shrine","player_choice":"Upgraded","floor":12,"damage_taken":0},{"event_name":"Shining Light","player_choice":"Entered Light","floor":13,"damage_taken":0},{"event_name":"Big Fish","player_choice":"Banana","floor":14,"damage_taken":0},{"event_name":"Drug Dealer","player_choice":"Got JAXXED","floor":21,"damage_taken":0},{"event_name":"The Library","player_choice":"Heal","floor":22,"damage_taken":0}],"boss_relics":[{"not_picked":["Question Card","Snecko Eye"],"picked":"Astrolabe"}],"potions_floor_spawned":[3,5,7,24],"seed_played":"-8221580502378970634","killed_by":"Centurion and Healer","is_trial":false}