{"path_per_floor":["M","M","M","$","M","R","E","?","T","R","M","R","E","?","R","B",null,"M","?","M","T","$","R","E","R","T","E","M","M","R","M","R","B",null,"M","?","M","M","?","R","M","$","T","E","R","M","?","E","R","B"],"character_chosen":"IRONCLAD","items_purchased":["Disarm","Brutality"],"gold_per_floor":[109,119,134,25,37,37,70,20,20,20,39,39,73,73,73,174,174,174,174,174,174,5,5,5,5,5,5,5,5,5,5,5,5,5,5,5,5,5,5,5,5,5,5,5,5,5,5,5,5,5],"floor_reached":51,"campfire_rested":2,"playtime":3915,"current_hp_per_floor":[80,80,77,77,80,80,59,59,59,59,65,65,71,71,71,21,80,80,80,75,75,75,75,60,60,60,41,38,39,39,39,78,50,80,78,63,65,60,50,50,52,52,52,29,68,69,69,71,71,15],"items_purged":["Strike_R","Normality"],"gold":5,"play_id":"dbad86a3-dff2-4dac-8e94-283381a372db","is_prod":false,"is_daily":false,"is_ascension_mode":true,"campfire_upgraded":8,"path_taken":["M","M","M","$","M","R","E","?","T","R","M","R","E","?","R","BOSS","M","?","M","?","$","R","E","R","T","E","M","M","R","M","R","BOSS","M","?","?","M","?","R","?","?","T","E","R","M","?","E","R","BOSS"],"build_version":"2018-02-01-PROD3","purchased_purges":2,"victory":true,"master_deck":["Strike_R","Strike_R","Strike_R","Defend_R","Defend_R","Defend_R","Defend_R","Bash","Fiend Fire+1","Feel No Pain+1","Shockwave+1","Disarm","Evolve+1","Warcry","Havoc","Intimidate","Juggernaut+1","Wild Strike+1","Dropkick","Brutality+1","Burning Pact+1","Warcry+1","Seeing Red+1","Headbutt+1","Pommel Strike+1","Madness","Madness","Fire Breathing+1","Juggernaut","Warcry+1"],"max_hp_per_floor":[80,80,80,80,80,80,80,80,80,80,80,80,80,80,80,80,80,80,80,80,80,80,80,80,80,80,80,80,80,80,80,80,80,80,80,80,80,80,80,80,80,80,80,80,80,80,80,80,80,80],"relics":["Burning Blood","Orichalcum","Regal Pillow","Kunai","Mummified Hand","Ectoplasm","Red Skull","Vajra","Lantern","Omamori","Sozu","Girya","Shovel","Happy Flower","Tiny Chest","Bag of Marbles"],"card_choices":[{"not_picked":["Flame Barrier","Thunderclap"],"picked":"Headbutt"},{"not_picked":["Carnage","True Grit"],"picked":"Feel No Pain"},{"not_picked":["Sword Boomerang","Headbutt"],"picked":"Shockwave"},{"not_picked":["Iron Wave","Intimidate"],"picked":"Evolve"},{"not_picked":["Limit Break","Metallicize"],"picked":"Warcry"},{"not_picked":["Inflame","Perfected Strike"],"picked":"Havoc"},{"not_picked":["Entrench","Second Wind"],"picked":"Intimidate"},{"not_picked":["Bludgeon","Berserk"],"picked":"Juggernaut"},{"not_picked":["True Grit","Infernal Blade"],"picked":"Wild Strike"},{"not_picked":["Reaper","Whirlwind"],"picked":"Burning Pact"},{"not_picked":["Shrug It Off","Twin Strike"],"picked":"Warcry"},{"not_picked":["Battle Trance","Shrug It Off"],"picked":"Seeing Red"},{"not_picked":["True Grit","Perfected Strike"],"picked":"Headbutt"},{"not_picked":["Rupture","Spot Weakness"],"picked":"Pommel Strike"},{"not_picked":["Twin Strike","Flex"],"picked":"Fire Breathing"},{"not_picked":["Shockwave","Pommel Strike"],"picked":"Juggernaut"},{"not_picked":["Bloodletting","Flex"],"picked":"Warcry"}],"player_experience":367500,"potions_floor_usage":[2,11,16,27,33],"damage_taken":[{"damage":1,"enemies":"Jaw Worm","floor":1,"turns":3},{"damage":2,"enemies":"2 Louse","floor":2,"turns":2},{"damage":9,"enemies":"Blue Slaver","floor":3,"turns":4},{"damage":0,"enemies":"2 Fungi Beasts","floor":5,"turns":4},{"damage":27,"enemies":"Gremlin Nob","floor":7,"turns":5},{"damage":0,"enemies":"Lots of Slimes","floor":11,"turns":7},{"damage":0,"enemies":"Lagavulin","floor":13,"turns":3},{"damage":56,"enemies":"The Guardian","floor":16,"turns":10},{"damage":5,"enemies":"Shell Parasite","floor":18,"turns":6},{"damage":11,"enemies":"Chosen","floor":20,"turns":5},{"damage":21,"enemies":"Slavers","floor":24,"turns":5},{"damage":25,"enemies":"Gremlin Leader","floor":27,"turns":5},{"damage":9,"enemies":"Slaver and Parasite","floor":28,"turns":4},{"damage":5,"enemies":"Centurion and Healer","floor":29,"turns":3},{"damage":6,"enemies":"Snecko","floor":31,"turns":4},{"damage":34,"enemies":"Automaton","floor":33,"turns":6},{"damage":8,"enemies":"3 Darklings","floor":35,"turns":3},{"damage":21,"enemies":"Mysterious Sphere","floor":36,"turns":4},{"damage":4,"enemies":"3 Shapes","floor":37,"turns":4},{"damage":11,"enemies":"Maw","floor":38,"turns":5},{"damage":4,"enemies":"3 Darklings","floor":41,"turns":5},{"damage":29,"enemies":"2 Orb Walkers","floor":44,"turns":4},{"damage":5,"enemies":"Sphere and 2 Shapes","floor":46,"turns":6},{"damage":4,"enemies":"Giant Head","floor":48,"turns":5},{"damage":62,"enemies":"Time Eater","floor":50,"turns":7}],"event_choices":[{"event_name":"The Cleric","player_choice":"Card Removal","floor":8,"damage_taken":0},{"event_name":"Accursed Blacksmith","player_choice":"Rummage","floor":14,"damage_taken":0},{"event_name":"The Library","player_choice":"Read","floor":19,"damage_taken":0},{"event_name":"Mysterious Sphere","player_choice":"Fight","floor":36,"damage_taken":0},{"event_name":"Winding Halls","player_choice":"Embrace Madness","floor":39,"damage_taken":0}],"boss_relics":[{"not_picked":["Runic Pyramid","Runic Cube"],"picked":"Ectoplasm"},{"not_picked":["Runic Dome","Velvet Choker"],"picked":"Sozu"}],"potions_floor_spawned":[1,7,11,13,24,27,38,44,46],"seed_played":"443032681720674951","ascension_level":1,"is_trial":false}