{"gold_per_floor":[410,410,410,436,463,475,457,93,117,117,192,192,205,205,205,304,304,321,66,66,76,89,89,89],"floor_reached":24,"playtime":1128,"items_purged":["Strike_R"],"score":276,"play_id":"679aa587-a447-43f3-9b8b-4181162f6820","local_time":"20190104173426","is_ascension_mode":true,"campfire_choices":[{"data":"Bash","floor":6,"key":"SMITH"},{"floor":10,"key":"DIG"},{"floor":12,"key":"DIG"},{"floor":15,"key":"DIG"},{"data":"Spot Weakness","floor":23,"key":"SMITH"}],"neow_cost":"CURSE","seed_source_timestamp":413175793645500,"circlet_count":0,"master_deck":["AscendersBane","Strike_R","Strike_R","Strike_R","Defend_R","Defend_R","Bash+1","Shrug It Off","Shrug It Off","Flex","Infernal Blade","Spot Weakness+1","Sever Soul+1","Heavy Blade+1","Feel No Pain+1","Pommel Strike+1","Havoc+1","Thunderclap+1"],"relics":["Burning Blood","Old Coin","Self Forming Clay","MawBank","Shovel","Art of War","Bag of Preparation","Sundial","Oddly Smooth Stone","Calipers","Astrolabe","Paper Frog"],"potions_floor_usage":[16,22],"damage_taken":[{"damage":1,"enemies":"2 Louse","floor":1,"turns":3},{"damage":13,"enemies":"Jaw Worm","floor":4,"turns":6},{"damage":2,"enemies":"Cultist","floor":5,"turns":4},{"damage":3,"enemies":"Looter","floor":7,"turns":4},{"damage":0,"enemies":"Exordium Wildlife","floor":13,"turns":2},{"damage":31,"enemies":"Hexaghost","floor":16,"turns":9},{"damage":8,"enemies":"Shell Parasite","floor":18,"turns":6},{"damage":3,"enemies":"Chosen","floor":21,"turns":3},{"damage":15,"enemies":"Shelled Parasite and Fungi","floor":22,"turns":5},{"damage":62,"enemies":"Book of Stabbing","floor":24,"turns":7}],"seed_played":"-8584498122430770794","potions_obtained":[{"floor":13,"key":"Block Potion"},{"floor":16,"key":"AttackPotion"},{"floor":18,"key":"Swift Potion"},{"floor":21,"key":"FearPotion"}],"is_trial":false,"path_per_floor":["M","?","?","M","M","R","M","$","T","R","?","R","M","T","R","B",null,"M","$","?","M","M","R","E"],"character_chosen":"IRONCLAD","items_purchased":["Shovel","Paper Frog"],"campfire_rested":0,"item_purchase_floors":[8,19],"current_hp_per_floor":[77,59,59,52,56,56,59,59,59,59,48,48,54,54,54,29,67,65,65,65,68,59,59,0],"gold":89,"neow_bonus":"ONE_RARE_RELIC","is_prod":false,"is_daily":false,"chose_seed":false,"campfire_upgraded":2,"win_rate":0,"timestamp":1546641266,"path_taken":["M","?","?","M","?","R","M","$","T","R","?","R","M","?","R","BOSS","M","$","?","?","?","R","E"],"build_version":"2019-01-03v4","purchased_purges":1,"victory":false,"max_hp_per_floor":[80,80,80,80,80,80,80,80,80,80,80,80,80,80,80,80,80,80,80,77,77,77,77,77],"card_choices":[{"not_picked":["Warcry","Rage"],"picked":"Shrug It Off","floor":1},{"not_picked":["Sword Boomerang","Wild Strike"],"picked":"Shrug It Off","floor":4},{"not_picked":["True Grit","Seeing Red"],"picked":"Flex","floor":5},{"not_picked":["Anger","Uppercut"],"picked":"Infernal Blade","floor":7},{"not_picked":["Fire Breathing","Heavy Blade"],"picked":"Spot Weakness","floor":13},{"not_picked":["Body Slam","Havoc"],"picked":"Pommel Strike+1","floor":18},{"not_picked":["Whirlwind+1","Disarm"],"picked":"Havoc+1","floor":21},{"not_picked":["Infernal Blade+1","Headbutt"],"picked":"Thunderclap+1","floor":22}],"player_experience":1673449,"relics_obtained":[{"floor":3,"key":"MawBank"},{"floor":9,"key":"Art of War"},{"floor":10,"key":"Bag of Preparation"},{"floor":12,"key":"Sundial"},{"floor":14,"key":"Oddly Smooth Stone"},{"floor":15,"key":"Calipers"}],"event_choices":[{"damage_healed":0,"gold_gain":0,"player_choice":"Success","damage_taken":18,"relics_obtained":["Self Forming Clay"],"max_hp_gain":0,"max_hp_loss":0,"event_name":"Scrap Ooze","floor":2,"gold_loss":0},{"damage_healed":0,"gold_gain":0,"player_choice":"Relic","damage_taken":0,"max_hp_gain":0,"max_hp_loss":0,"event_name":"Wheel of Change","floor":3,"gold_loss":0},{"damage_healed":0,"gold_gain":75,"player_choice":"Gather Gold","damage_taken":11,"max_hp_gain":0,"max_hp_loss":0,"event_name":"World of Goop","floor":11,"gold_loss":0},{"cards_removed":["Parasite"],"damage_healed":0,"gold_gain":0,"player_choice":"Removed Curses","damage_taken":0,"max_hp_gain":0,"max_hp_loss":0,"event_name":"Fountain of Cleansing","floor":20,"gold_loss":0}],"is_beta":false,"boss_relics":[{"not_picked":["Black Blood","Fusion Hammer"],"picked":"Astrolabe"}],"items_purged_floors":[8],"is_endless":false,"potions_floor_spawned":[13,16,18,21],"killed_by":"Book of Stabbing","ascension_level":10}