{"gold_per_floor":[116,266,113,123,123,157,157,176,250,263,263],"floor_reached":11,"playtime":335,"items_purged":["Doubt"],"score":139,"play_id":"4a4066a7-f93c-4e5c-b4fe-0b5b04121db4","local_time":"20190507175003","is_ascension_mode":true,"campfire_choices":[{"data":"Phantasmal Killer","floor":7,"key":"SMITH"}],"neow_cost":"NONE","seed_source_timestamp":1395717168131508,"circlet_count":0,"master_deck":["AscendersBane","Defend_G","Defend_G","Defend_G","Defend_G","Defend_G","Strike_G","Strike_G","Strike_G","Strike_G","Survivor","Neutralize","Phantasmal Killer+1","Crippling Poison","Noxious Fumes","Backflip","Flying Knee","Leg Sweep","Well Laid Plans"],"relics":["Ring of the Snake","Ancient Tea Set","Art of War","Bottled Lightning"],"potions_floor_usage":[6],"damage_taken":[{"damage":5,"enemies":"2 Louse","floor":1,"turns":6},{"damage":1,"enemies":"Jaw Worm","floor":4,"turns":6},{"damage":24,"enemies":"Lagavulin","floor":6,"turns":8},{"damage":7,"enemies":"Small Slimes","floor":8,"turns":4},{"damage":6,"enemies":"Exordium Wildlife","floor":10,"turns":4},{"damage":11,"enemies":"3 Louse","floor":11,"turns":1}],"seed_played":"-8445683579351152294","potions_obtained":[{"floor":1,"key":"Poison Potion"},{"floor":6,"key":"LiquidBronze"},{"floor":10,"key":"FearPotion"}],"is_trial":false,"path_per_floor":["M","?","$","M","?","E","R","M","T","M","M"],"character_chosen":"THE_SILENT","items_purchased":["Noxious Fumes"],"campfire_rested":0,"item_purchase_floors":[3],"current_hp_per_floor":[54,54,54,53,48,24,24,17,17,11,0],"gold":263,"neow_bonus":"TRANSFORM_CARD","is_prod":false,"is_daily":false,"chose_seed":false,"campfire_upgraded":1,"win_rate":0,"timestamp":1557244203,"path_taken":["M","?","$","M","?","E","R","M","T","M","M"],"build_version":"2019-04-23","purchased_purges":1,"victory":false,"max_hp_per_floor":[66,66,66,66,66,66,66,66,66,66,66],"card_choices":[{"not_picked":["Reflex","Prepared"],"picked":"Crippling Poison","floor":1},{"not_picked":["Dagger Throw","Quick Slash"],"picked":"Backflip","floor":4},{"not_picked":["Deflect","Storm of Steel"],"picked":"Flying Knee","floor":6},{"not_picked":["Prepared","Deflect"],"picked":"Leg Sweep","floor":8},{"not_picked":["Backstab","Dodge and Roll"],"picked":"Well Laid Plans","floor":10}],"player_experience":1570900,"relics_obtained":[{"floor":6,"key":"Art of War"},{"floor":9,"key":"Bottled Lightning"}],"event_choices":[{"damage_healed":0,"gold_gain":150,"player_choice":"AGREE","damage_taken":0,"max_hp_gain":0,"max_hp_loss":0,"event_name":"Liars Game","floor":2,"gold_loss":0,"cards_obtained":["Doubt"]},{"damage_healed":0,"gold_gain":0,"player_choice":"Success","damage_taken":5,"relics_obtained":["Ancient Tea Set"],"max_hp_gain":0,"max_hp_loss":0,"event_name":"Scrap Ooze","floor":5,"gold_loss":0}],"is_beta":true,"boss_relics":[],"items_purged_floors":[3],"is_endless":false,"potions_floor_spawned":[1,6,10],"killed_by":"3 Louse","ascension_level":18}