{"gold_per_floor":[110,127,142,142,152,152,152,52,52,52,71,99,99,112,112,217,217,229,247,156,156,172,172,172,201,201,201],"floor_reached":27,"playtime":2642,"items_purged":["Strike_G"],"score":284,"play_id":"4cc47e3e-d928-4da7-ad9a-4ef5603fe940","local_time":"20181020201404","is_ascension_mode":true,"campfire_choices":[{"data":"Neutralize","floor":6,"key":"SMITH"},{"data":"Dodge and Roll","floor":10,"key":"SMITH"},{"data":"Backflip","floor":15,"key":"SMITH"},{"floor":23,"key":"REST"}],"neow_cost":"NONE","seed_source_timestamp":218982984562211,"circlet_count":0,"master_deck":["Defend_G","Defend_G","Defend_G","Strike_G","Strike_G","Survivor","Neutralize+1","Backflip+1","Escape Plan","PiercingWail","Dodge and Roll+1","Poisoned Stab","Tools of the Trade","PiercingWail","Corpse Explosion","Footwork","Bane","Prepared","Venomology","Catalyst+1"],"relics":["Ring of the Snake","NeowsBlessing","Meat on the Bone","Kunai","Empty Cage","Paper Crane","Molten Egg 2"],"potions_floor_usage":[12,12,16,25,25,25],"damage_taken":[{"damage":0,"enemies":"2 Louse","floor":1,"turns":1},{"damage":0,"enemies":"Cultist","floor":2,"turns":1},{"damage":0,"enemies":"Small Slimes","floor":3,"turns":1},{"damage":0,"enemies":"Blue Slaver","floor":5,"turns":7},{"damage":4,"enemies":"2 Fungi Beasts","floor":11,"turns":5},{"damage":16,"enemies":"Gremlin Nob","floor":12,"turns":6},{"damage":1,"enemies":"Exordium Wildlife","floor":14,"turns":4},{"damage":32,"enemies":"The Guardian","floor":16,"turns":20},{"damage":2,"enemies":"Shell Parasite","floor":18,"turns":7},{"damage":11,"enemies":"Chosen","floor":19,"turns":7},{"damage":10,"enemies":"Centurion and Healer","floor":22,"turns":14},{"damage":43,"enemies":"Slavers","floor":25,"turns":9},{"damage":42,"enemies":"Gremlin Leader","floor":27,"turns":5}],"seed_played":"-7226744477318997017","potions_obtained":[{"floor":2,"key":"Block Potion"},{"floor":3,"key":"GhostInAJar"},{"floor":14,"key":"GhostInAJar"},{"floor":19,"key":"FearPotion"},{"floor":22,"key":"AttackPotion"}],"is_trial":false,"path_per_floor":["M","M","M","?","M","R","?","$","T","R","M","E","?","M","R","B",null,"M","M","$","?","M","R","?","E","T"],"character_chosen":"THE_SILENT","items_purchased":["Poisoned Stab","Footwork","Bane"],"campfire_rested":1,"item_purchase_floors":[8,20,20],"current_hp_per_floor":[70,70,70,70,70,70,70,70,70,70,66,50,70,69,69,37,70,68,57,57,41,43,64,64,33,33,0],"gold":201,"neow_bonus":"THREE_ENEMY_KILL","is_prod":false,"is_daily":false,"chose_seed":false,"campfire_upgraded":3,"win_rate":0,"timestamp":1540059244,"path_taken":["M","M","M","?","M","R","?","$","T","R","M","E","?","?","R","BOSS","M","M","$","?","?","R","?","E","T","E"],"build_version":"2018-10-18","purchased_purges":1,"victory":false,"max_hp_per_floor":[70,70,70,70,70,70,70,70,70,70,70,70,70,70,70,70,70,70,70,70,70,70,70,70,70,70,70],"card_choices":[{"not_picked":["Dagger Spray","Dash"],"picked":"Backflip","floor":1},{"not_picked":["Underhanded Strike","Dagger Spray"],"picked":"Escape Plan","floor":2},{"not_picked":["Dagger Spray","Masterful Stab","Backflip"],"picked":"SKIP","floor":3},{"not_picked":["Acrobatics","Outmaneuver"],"picked":"Dodge and Roll","floor":5},{"not_picked":["Backflip","Flechettes"],"picked":"Tools of the Trade","floor":11},{"not_picked":["Dagger Throw","Outmaneuver","Eviscerate"],"picked":"SKIP","floor":12},{"not_picked":["Dagger Throw","Outmaneuver"],"picked":"PiercingWail","floor":14},{"not_picked":["A Thousand Cuts","After Image"],"picked":"Corpse Explosion","floor":16},{"not_picked":["All Out Attack","Backstab","Accuracy"],"picked":"SKIP","floor":18},{"not_picked":["Slice","Blade Dance","Reflex+1"],"picked":"SKIP","floor":19},{"not_picked":["Endless Agony+1","Blade Dance","Dagger Spray"],"picked":"SKIP","floor":22},{"not_picked":["Bane+1","Calculated Gamble"],"picked":"Catalyst+1","floor":25}],"player_experience":70467,"relics_obtained":[{"floor":9,"key":"Meat on the Bone"},{"floor":12,"key":"Kunai"},{"floor":25,"key":"Paper Crane"},{"floor":26,"key":"Molten Egg 2"}],"event_choices":[{"damage_healed":0,"gold_gain":0,"player_choice":"1 cards matched","damage_taken":0,"max_hp_gain":0,"max_hp_loss":0,"event_name":"Match and Keep!","floor":4,"gold_loss":0,"cards_obtained":["PiercingWail"]},{"damage_healed":0,"gold_gain":30,"player_choice":"Searched \u00271\u0027 times","damage_taken":0,"max_hp_gain":0,"max_hp_loss":0,"event_name":"Dead Adventurer","floor":7,"gold_loss":0},{"damage_healed":23,"gold_gain":0,"player_choice":"Banana","damage_taken":0,"max_hp_gain":0,"max_hp_loss":0,"event_name":"Big Fish","floor":13,"gold_loss":0},{"damage_healed":0,"gold_gain":0,"player_choice":"Obtained Book","damage_taken":16,"max_hp_gain":0,"max_hp_loss":0,"event_name":"Cursed Tome","floor":21,"gold_loss":0},{"damage_healed":0,"gold_gain":0,"cards_transformed":["Strike_G","Defend_G"],"player_choice":"Became Test Subject","damage_taken":0,"max_hp_gain":0,"max_hp_loss":0,"event_name":"Drug Dealer","floor":24,"gold_loss":0,"cards_obtained":["Prepared","Venomology"]}],"is_beta":false,"boss_relics":[{"not_picked":["Ectoplasm","Snecko Eye"],"picked":"Empty Cage"}],"items_purged_floors":[8],"is_endless":false,"potions_floor_spawned":[2,3,14,19,22],"killed_by":"Gremlin Leader","ascension_level":2}