{"gold_per_floor":[110,35,51,51,68,68,101,115,115,126,138,148,148,159,159,258,258,271,271,283,301,315,315,390,402,453,453,62,62,62,81,81,81],"floor_reached":33,"playtime":2177,"items_purged":["Strike_B","Strike_B"],"score":253,"play_id":"65d0b41f-b4bf-4b92-9977-1b88baed9bae","local_time":"20180731224422","is_ascension_mode":false,"campfire_choices":[{"data":"Static Discharge","floor":6,"key":"SMITH"},{"floor":13,"key":"REST"},{"floor":15,"key":"REST"},{"floor":23,"key":"REST"},{"floor":27,"key":"REST"},{"floor":29,"key":"REST"},{"floor":32,"key":"REST"}],"neow_cost":"NONE","seed_source_timestamp":199037389776903,"circlet_count":0,"master_deck":["Strike_B","Strike_B","Defend_B","Defend_B","Zap","Dualcast","Static Discharge+1","Skim","Conserve Battery","BootSequence","Steam","Biased Cognition","Buffer","White Noise+1","Fission","Defragment","Dramatic Entrance","FTL"],"relics":["Cracked Core","Oddly Smooth Stone","Ancient Tea Set","Runic Pyramid","Bag of Marbles","Strange Spoon"],"potions_floor_usage":[7,12,12,16,18,33,33],"damage_taken":[{"damage":3,"enemies":"Jaw Worm","floor":1,"turns":3},{"damage":1,"enemies":"Cultist","floor":3,"turns":4},{"damage":0,"enemies":"Small Slimes","floor":5,"turns":3},{"damage":21,"enemies":"Lagavulin","floor":7,"turns":5},{"damage":13,"enemies":"Exordium Wildlife","floor":8,"turns":3},{"damage":0,"enemies":"Large Slime","floor":10,"turns":5},{"damage":1,"enemies":"2 Fungi Beasts","floor":11,"turns":3},{"damage":25,"enemies":"Gremlin Gang","floor":12,"turns":3},{"damage":1,"enemies":"Blue Slaver","floor":14,"turns":4},{"damage":33,"enemies":"Slime Boss","floor":16,"turns":11},{"damage":8,"enemies":"Spheric Guardian","floor":18,"turns":4},{"damage":8,"enemies":"3 Byrds","floor":20,"turns":3},{"damage":12,"enemies":"Slaver and Parasite","floor":21,"turns":6},{"damage":3,"enemies":"Centurion and Healer","floor":22,"turns":11},{"damage":42,"enemies":"Chosen and Byrds","floor":25,"turns":6},{"damage":13,"enemies":"Snake Plant","floor":31,"turns":3},{"damage":99,"enemies":"Automaton","floor":33,"turns":12}],"seed_played":"2413008330273800829","potions_obtained":[{"floor":3,"key":"PowerPotion"},{"floor":7,"key":"SteroidPotion"},{"floor":8,"key":"SkillPotion"},{"floor":14,"key":"GamblersBrew"},{"floor":16,"key":"Poison Potion"},{"floor":18,"key":"EssenceOfSteel"},{"floor":20,"key":"SteroidPotion"},{"floor":25,"key":"FocusPotion"}],"is_trial":false,"path_per_floor":["M","$","M","?","M","R","E","M","T","M","M","M","R","M","R","B",null,"M","?","M","M","M","R","?","M","T","R","$","R","?","M","R"],"character_chosen":"DEFECT","items_purchased":["Strange Spoon","Dramatic Entrance"],"campfire_rested":6,"item_purchase_floors":[28,28],"current_hp_per_floor":[72,72,71,64,64,64,43,30,30,30,29,4,26,25,47,14,75,67,53,45,33,30,54,46,4,4,28,28,52,52,39,63,0],"gold":81,"neow_bonus":"REMOVE_CARD","is_prod":false,"is_daily":false,"chose_seed":false,"campfire_upgraded":1,"win_rate":0,"timestamp":1533091462,"path_taken":["M","$","M","?","M","R","E","M","T","?","M","M","R","M","R","BOSS","M","?","M","M","M","R","?","M","T","R","$","R","?","M","R","BOSS"],"build_version":"2018-07-26","purchased_purges":2,"victory":false,"max_hp_per_floor":[75,75,75,75,75,75,75,75,75,75,75,75,75,75,75,75,75,75,80,80,80,80,80,80,80,80,80,80,80,80,80,80,80],"card_choices":[{"not_picked":["Go for the Eyes","Redo"],"picked":"Static Discharge","floor":1},{"not_picked":["Rebound","Beam Cell","Compile Driver"],"picked":"SKIP","floor":3},{"not_picked":["Go for the Eyes","Stack"],"picked":"Skim","floor":5},{"not_picked":["Static Discharge","Skim","Beam Cell"],"picked":"SKIP","floor":7},{"not_picked":["Hyperbeam","Aggregate"],"picked":"Conserve Battery","floor":8},{"not_picked":["Coolheaded","Gash"],"picked":"BootSequence","floor":10},{"not_picked":["Lockon","Stack","Sweeping Beam"],"picked":"SKIP","floor":11},{"not_picked":["Gash","Reinforced Body"],"picked":"Steam","floor":12},{"not_picked":["Cold Snap","Ball Lightning"],"picked":"Biased Cognition","floor":14},{"not_picked":["Thunder Strike","Hyperbeam"],"picked":"Buffer","floor":16},{"not_picked":["Consume","Gash"],"picked":"White Noise+1","floor":18},{"not_picked":["Streamline","Lockon","Turbo+1"],"picked":"SKIP","floor":20},{"not_picked":["Coolheaded","Aggregate"],"picked":"Fission","floor":21},{"not_picked":["Compile Driver","Hologram"],"picked":"Defragment","floor":22},{"not_picked":["Hello World","Compile Driver","Sweeping Beam+1"],"picked":"SKIP","floor":25},{"not_picked":["Auto Shields","Cold Snap","Sweeping Beam"],"picked":"SKIP","floor":31}],"player_experience":545506,"relics_obtained":[{"floor":7,"key":"Oddly Smooth Stone"},{"floor":9,"key":"Ancient Tea Set"},{"floor":26,"key":"Bag of Marbles"}],"event_choices":[{"event_name":"Golden Wing","player_choice":"Card Removal","floor":4,"damage_taken":0},{"event_name":"Forgotten Altar","player_choice":"Shed Blood","floor":19,"damage_taken":0},{"event_name":"FaceTrader","player_choice":"Touch","floor":24,"damage_taken":0},{"event_name":"The Library","player_choice":"Read","floor":30,"damage_taken":0}],"is_beta":false,"boss_relics":[{"not_picked":["FrozenCore","Tiny House"],"picked":"Runic Pyramid"}],"items_purged_floors":[2,28],"is_endless":false,"potions_floor_spawned":[3,7,8,14,16,18,20,25],"killed_by":"Automaton","ascension_level":0}