{"gold_per_floor":[114,64,77,92,17,17,50,125,151,183,183,195,195,225,225,328,328,341,40,40,55,65,92,102,201,247,280,299,299,299,318,318,416,416,428,446,446,458,114,149,149,176,246,259,274,274,294,304,304,304],"floor_reached":51,"playtime":10639,"items_purged":["Strike_R"],"score":873,"play_id":"566c04b0-331f-4a3f-af59-26b911d308ce","local_time":"20180905000341","is_ascension_mode":true,"campfire_choices":[{"data":"Juggernaut","floor":6,"key":"SMITH"},{"floor":11,"key":"REST"},{"data":"Body Slam","floor":13,"key":"SMITH"},{"data":"Metallicize","floor":15,"key":"SMITH"},{"data":"Armaments","floor":30,"key":"SMITH"},{"data":"Body Slam","floor":32,"key":"SMITH"},{"data":"Chrysalis","floor":41,"key":"SMITH"},{"floor":46,"key":"REST"},{"floor":49,"key":"REST"}],"neow_cost":"PERCENT_DAMAGE","seed_source_timestamp":422227141409665,"circlet_count":0,"master_deck":["Strike_R","Defend_R","Defend_R","Defend_R","Defend_R","Bash","Juggernaut+1","Ghostly Armor","Body Slam+1","Shrug It Off","Power Through","Metallicize+1","Offering","Body Slam+1","Armaments+1","Offering","Metallicize","Body Slam+1","Impervious","Chrysalis+1","Impervious","Exhume"],"relics":["Burning Blood","Juzu Bracelet","Bronze Scales","Mummified Hand","Boot","Sozu","Incense Burner","Pen Nib","Du-Vu Doll","Omamori","Blood Vial","MutagenicStrength","Mark of Pain","Thread and Needle","Happy Flower","Centennial Puzzle","Mercury Hourglass"],"potions_floor_usage":[7,7,10,45],"damage_taken":[{"damage":8,"enemies":"2 Louse","floor":1,"turns":3},{"damage":13,"enemies":"Small Slimes","floor":3,"turns":4},{"damage":0,"enemies":"Cultist","floor":4,"turns":4},{"damage":18,"enemies":"Gremlin Nob","floor":7,"turns":5},{"damage":3,"enemies":"Lagavulin","floor":10,"turns":6},{"damage":12,"enemies":"3 Louse","floor":12,"turns":2},{"damage":0,"enemies":"Gremlin Nob","floor":14,"turns":3},{"damage":19,"enemies":"Hexaghost","floor":16,"turns":8},{"damage":0,"enemies":"Shell Parasite","floor":18,"turns":3},{"damage":4,"enemies":"3 Byrds","floor":21,"turns":3},{"damage":6,"enemies":"Centurion and Healer","floor":22,"turns":4},{"damage":6,"enemies":"Gremlin Leader","floor":23,"turns":3},{"damage":6,"enemies":"Snecko","floor":24,"turns":3},{"damage":21,"enemies":"Slavers","floor":27,"turns":5},{"damage":6,"enemies":"Shelled Parasite and Fungi","floor":28,"turns":2},{"damage":12,"enemies":"Snake Plant","floor":31,"turns":1},{"damage":30,"enemies":"Automaton","floor":33,"turns":8},{"damage":1,"enemies":"3 Darklings","floor":35,"turns":6},{"damage":1,"enemies":"Orb Walker","floor":36,"turns":2},{"damage":12,"enemies":"Mind Bloom Boss Battle","floor":37,"turns":4},{"damage":12,"enemies":"4 Shapes","floor":38,"turns":5},{"damage":13,"enemies":"Giant Head","floor":40,"turns":7},{"damage":46,"enemies":"2 Orb Walkers","floor":42,"turns":6},{"damage":1,"enemies":"3 Darklings","floor":44,"turns":3},{"damage":22,"enemies":"Reptomancer","floor":45,"turns":3},{"damage":18,"enemies":"Transient","floor":47,"turns":5},{"damage":6,"enemies":"3 Darklings","floor":48,"turns":3},{"damage":30,"enemies":"Time Eater","floor":50,"turns":9}],"seed_played":"6837196821074933832","potions_obtained":[{"floor":1,"key":"Poison Potion"},{"floor":3,"key":"BloodPotion"},{"floor":7,"key":"Poison Potion"},{"floor":14,"key":"SteroidPotion"}],"is_trial":false,"path_per_floor":["M","?","M","M","$","R","E","?","T","E","R","M","R","E","R","B",null,"M","$","T","M","M","E","M","?","T","E","M","?","R","M","R","B",null,"M","M","?","M","$","E","R","E","T","M","M","R","M","M","R","B"],"character_chosen":"IRONCLAD","items_purchased":["Incense Burner","Chrysalis","Impervious"],"campfire_rested":3,"item_purchase_floors":[19,39,39],"current_hp_per_floor":[54,54,47,53,53,53,49,38,38,41,65,59,59,65,65,52,80,80,80,80,80,80,80,80,80,80,65,67,67,67,63,63,41,80,80,80,74,70,70,65,65,27,27,34,20,44,34,36,60,38],"gold":304,"neow_bonus":"TRANSFORM_TWO_CARDS","is_prod":false,"is_daily":false,"chose_seed":false,"campfire_upgraded":6,"win_rate":0,"timestamp":1536120221,"path_taken":["M","?","M","M","?","R","E","?","T","E","R","M","R","E","R","BOSS","M","$","?","M","M","E","M","?","T","E","M","?","R","M","R","BOSS","M","M","?","M","$","E","R","E","T","M","M","R","M","M","R","BOSS"],"build_version":"2018-08-30","purchased_purges":1,"victory":true,"max_hp_per_floor":[80,80,80,80,80,80,80,80,80,80,80,80,80,80,80,80,80,80,80,80,80,80,80,80,80,80,80,80,80,80,80,80,80,80,80,80,80,80,80,80,80,80,80,80,80,80,80,80,80,80],"card_choices":[{"not_picked":["Pummel","Wild Strike","Ghostly Armor"],"picked":"SKIP","floor":1},{"not_picked":["Uppercut","Feel No Pain","Hemokinesis"],"picked":"SKIP","floor":3},{"not_picked":["Rupture","Infernal Blade","Heavy Blade"],"picked":"SKIP","floor":4},{"not_picked":["Thunderclap","Wild Strike"],"picked":"Body Slam","floor":7},{"not_picked":["Anger","Pummel"],"picked":"Shrug It Off","floor":10},{"not_picked":["Intimidate","Uppercut"],"picked":"Power Through","floor":12},{"not_picked":["Bludgeon","Whirlwind"],"picked":"Metallicize","floor":14},{"not_picked":["Feed","Bludgeon"],"picked":"Offering","floor":16},{"not_picked":["Shrug It Off","Armaments"],"picked":"Body Slam","floor":18},{"not_picked":["Heavy Blade","Wild Strike+1","Cleave+1"],"picked":"SKIP","floor":21},{"not_picked":["Pommel Strike","Clothesline+1","Havoc"],"picked":"SKIP","floor":22},{"not_picked":["Intimidate","Flame Barrier","Clothesline"],"picked":"SKIP","floor":23},{"not_picked":["Rampage","Clash"],"picked":"Armaments","floor":24},{"not_picked":["Limit Break","True Grit","Pommel Strike"],"picked":"SKIP","floor":27},{"not_picked":["Body Slam","Battle Trance"],"picked":"Offering","floor":28},{"not_picked":["Clash","Sword Boomerang"],"picked":"Metallicize","floor":31},{"not_picked":["Armaments+1","Sentinel+1"],"picked":"Body Slam+1","floor":35},{"not_picked":["Disarm","Havoc","Uppercut"],"picked":"SKIP","floor":36},{"not_picked":["Clash","Anger"],"picked":"Impervious","floor":38},{"not_picked":["Power Through","True Grit","Cleave+1"],"picked":"SKIP","floor":40},{"not_picked":["Shockwave+1","Rupture+1"],"picked":"Exhume","floor":42},{"not_picked":["Thunderclap","Carnage+1","Sword Boomerang+1"],"picked":"SKIP","floor":44},{"not_picked":["Heavy Blade+1","Clash+1","Battle Trance"],"picked":"SKIP","floor":45},{"not_picked":["Sever Soul+1","Iron Wave","Battle Trance"],"picked":"SKIP","floor":47},{"not_picked":["Searing Blow","Thunderclap+1","Carnage+1"],"picked":"SKIP","floor":48}],"player_experience":738098,"relics_obtained":[{"floor":7,"key":"Juzu Bracelet"},{"floor":9,"key":"Bronze Scales"},{"floor":10,"key":"Mummified Hand"},{"floor":14,"key":"Boot"},{"floor":20,"key":"Pen Nib"},{"floor":23,"key":"Du-Vu Doll"},{"floor":26,"key":"Omamori"},{"floor":27,"key":"Blood Vial"},{"floor":37,"key":"Thread and Needle"},{"floor":40,"key":"Happy Flower"},{"floor":42,"key":"Centennial Puzzle"},{"floor":43,"key":"Mercury Hourglass"}],"event_choices":[{"event_name":"The Cleric","player_choice":"Card Removal","floor":2,"damage_taken":0},{"event_name":"World of Goop","player_choice":"Gather Gold","floor":8,"damage_taken":0},{"event_name":"Nest","player_choice":"Stole From Cult","floor":25,"damage_taken":0},{"event_name":"Drug Dealer","player_choice":"Inject Mutagens","floor":29,"damage_taken":0},{"event_name":"MindBloom","player_choice":"Fight","floor":37,"damage_taken":0}],"is_beta":false,"boss_relics":[{"not_picked":["Coffee Dripper","Orrery"],"picked":"Sozu"},{"not_picked":["Eternal Feather","Philosopher\u0027s Stone"],"picked":"Mark of Pain"}],"items_purged_floors":[5],"is_endless":false,"potions_floor_spawned":[1,3,7,14,18,22,23,24,31,33,37,38,44,47],"ascension_level":2}