{"path_per_floor":["M","$","?","?","M","E","M","R","T","M","$","E","M","M","R"],"character_chosen":"IRONCLAD","items_purchased":["Strange Spoon","Shockwave","Rupture","Inflame"],"gold_per_floor":[364,51,51,51,69,109,125,125,125,148,3,44,63,77,77],"floor_reached":16,"campfire_rested":1,"playtime":1544,"current_hp_per_floor":[72,72,54,54,57,33,39,39,39,43,43,29,24,19,40],"items_purged":["Strike_R"],"gold":77,"play_id":"62539538-e20f-46da-ba1d-c894d315b580","is_prod":false,"is_daily":false,"campfire_rituals":0,"campfire_upgraded":1,"is_hardmode":false,"path_taken":["M","$","?","?","M","E","M","R","T","M","$","E","M","M","R","BOSS"],"build_version":"2018-01-18-PROD4","purchased_purges":1,"victory":false,"master_deck":["Strike_R","Strike_R","Strike_R","Defend_R","Defend_R","Defend_R","Defend_R","Bash","Heavy Blade","Shockwave","Rupture","Spot Weakness","Demon Form","Infernal Blade","Flex","Double Tap","Inflame","Iron Wave","Whirlwind","Flex"],"max_hp_per_floor":[72,72,72,72,72,72,72,72,72,72,72,72,72,72,72],"relics":["Burning Blood","Strange Spoon","Golden Idol","Prayer Wheel","Torii","Unceasing Top"],"campfire_meditates":0,"card_choices":[{"not_picked":["Shrug It Off","Anger"],"picked":"Heavy Blade"},{"not_picked":["Clothesline","Metallicize"],"picked":"Spot Weakness"},{"not_picked":["Dual Wield","Thunderclap"],"picked":"Demon Form"},{"not_picked":["Wild Strike","Pommel Strike"],"picked":"Infernal Blade"},{"not_picked":["Armaments","Burning Pact"],"picked":"Flex"},{"not_picked":["Perfected Strike","Pommel Strike"],"picked":"Double Tap"},{"not_picked":["Hemokinesis","Flex"],"picked":"Iron Wave"},{"not_picked":["Dropkick","Blood for Blood"],"picked":"Whirlwind"},{"not_picked":["Warcry","Corruption"],"picked":"Flex"}],"player_experience":33012,"potions_floor_usage":[10,16,16,16],"damage_taken":[{"damage":6,"enemies":"Jaw Worm","floor":1,"turns":5},{"damage":3,"enemies":"2 Louse","floor":5,"turns":4},{"damage":30,"enemies":"Lagavulin","floor":6,"turns":7},{"damage":0,"enemies":"Cultist","floor":7,"turns":3},{"damage":2,"enemies":"3 Louse","floor":10,"turns":4},{"damage":20,"enemies":"Gremlin Nob","floor":12,"turns":4},{"damage":11,"enemies":"2 Fungi Beasts","floor":13,"turns":5},{"damage":11,"enemies":"Looter","floor":14,"turns":3},{"damage":48,"enemies":"The Guardian","floor":16,"turns":9}],"event_choices":[{"event_name":"Golden Idol","player_choice":"Take Damage","floor":3,"damage_taken":0},{"event_name":"Living Wall","player_choice":"Forget","floor":4,"damage_taken":0}],"boss_relics":[],"potions_floor_spawned":[6,10,12,13],"seed_played":"-3687189926785963860","killed_by":"The Guardian","is_trial":false}