{"gold_per_floor":[118,118,132,132,147,173,173,185,185,198,198,209,209,221,221,299,299,317,232,232,24,44,44,44],"floor_reached":24,"playtime":1304,"items_purged":["Strike_B"],"score":386,"play_id":"304c3f1d-94eb-4d15-8c0c-4fb429680e5f","local_time":"20190510180725","is_ascension_mode":true,"campfire_choices":[{"data":"Stack","floor":7,"key":"SMITH"},{"floor":13,"key":"REST"},{"data":"Defragment","floor":15,"key":"SMITH"},{"floor":23,"key":"REST"}],"neow_cost":"NONE","seed_source_timestamp":1654990927846011,"circlet_count":0,"master_deck":["AscendersBane","Strike_B","Defend_B","Defend_B","Defend_B","Defend_B","Zap","Dualcast","Ball Lightning","Echo Form","Sunder+1","Defragment+1","Stack+1","Defragment","Undo","Genetic Algorithm","Electrodynamics","Ball Lightning","Self Repair","Ball Lightning","Doom and Gloom"],"relics":["Orichalcum","Oddly Smooth Stone","Sozu","Pantograph","Nloth\u0027s Gift"],"potions_floor_usage":[12,16,16],"damage_taken":[{"damage":2,"enemies":"Jaw Worm","floor":1,"turns":3},{"damage":2,"enemies":"Cultist","floor":3,"turns":4},{"damage":6,"enemies":"Small Slimes","floor":5,"turns":2},{"damage":30,"enemies":"3 Sentries","floor":6,"turns":9},{"damage":3,"enemies":"Blue Slaver","floor":8,"turns":2},{"damage":5,"enemies":"Exordium Wildlife","floor":10,"turns":3},{"damage":6,"enemies":"Exordium Thugs","floor":12,"turns":3},{"damage":0,"enemies":"Blue Slaver","floor":14,"turns":4},{"damage":24,"enemies":"Slime Boss","floor":16,"turns":8},{"damage":17,"enemies":"2 Thieves","floor":18,"turns":3},{"damage":14,"enemies":"3 Byrds","floor":22,"turns":3},{"damage":63,"enemies":"Gremlin Leader","floor":24,"turns":4}],"seed_played":"-1425716939166016","potions_obtained":[{"floor":5,"key":"FearPotion"},{"floor":6,"key":"EssenceOfSteel"},{"floor":12,"key":"AttackPotion"}],"is_trial":false,"path_per_floor":["M","?","M","?","M","E","R","M","T","M","?","M","R","M","R","B",null,"M","?","?","$","M","R","E"],"character_chosen":"DEFECT","items_purchased":["Self Repair","Ball Lightning"],"campfire_rested":2,"item_purchase_floors":[21,21],"current_hp_per_floor":[62,62,60,60,54,24,24,21,21,16,21,15,37,37,37,13,60,43,43,43,43,36,58,0],"gold":44,"neow_bonus":"REMOVE_CARD","is_prod":false,"is_daily":false,"chose_seed":false,"campfire_upgraded":2,"win_rate":0,"timestamp":1557504445,"path_taken":["M","?","?","?","M","E","R","M","T","M","?","M","R","M","R","BOSS","M","?","?","$","?","R","E"],"build_version":"2019-05-07","purchased_purges":1,"victory":false,"max_hp_per_floor":[71,71,71,71,71,71,71,71,71,71,76,76,76,76,76,76,76,76,76,76,76,76,76,76],"card_choices":[{"not_picked":["Scrape","Turbo"],"picked":"Ball Lightning","floor":1},{"not_picked":["Chaos","White Noise"],"picked":"Sunder","floor":3},{"not_picked":["Streamline","Glacier"],"picked":"Defragment","floor":5},{"not_picked":["Storm","Lockon"],"picked":"Stack","floor":6},{"not_picked":["Beam Cell","Chaos"],"picked":"Defragment","floor":8},{"not_picked":["Hologram","Static Discharge","Reprogram"],"picked":"SKIP","floor":10},{"not_picked":["Beam Cell","Skim"],"picked":"Undo","floor":12},{"not_picked":["Compile Driver","Loop"],"picked":"Genetic Algorithm","floor":14},{"not_picked":["All For One","Creative AI"],"picked":"Electrodynamics","floor":16},{"not_picked":["Hologram","Rebound"],"picked":"Ball Lightning","floor":18},{"not_picked":["Turbo","Leap"],"picked":"Doom and Gloom","floor":22}],"player_experience":1715816,"relics_obtained":[{"floor":6,"key":"Orichalcum"},{"floor":9,"key":"Oddly Smooth Stone"}],"event_choices":[{"damage_healed":0,"gold_gain":0,"cards_transformed":["Strike_B"],"player_choice":"Transformed","damage_taken":0,"max_hp_gain":0,"max_hp_loss":0,"event_name":"Transmorgrifier","floor":2,"gold_loss":0,"cards_obtained":["Echo Form"]},{"damage_healed":0,"gold_gain":0,"player_choice":"Grow","damage_taken":0,"max_hp_gain":0,"max_hp_loss":0,"event_name":"Living Wall","floor":4,"gold_loss":0,"cards_upgraded":["Sunder"]},{"damage_healed":0,"gold_gain":0,"player_choice":"Donut","damage_taken":0,"max_hp_gain":5,"max_hp_loss":0,"event_name":"Big Fish","floor":11,"gold_loss":0},{"damage_healed":0,"gold_gain":0,"player_choice":"Obtained Relic","damage_taken":0,"relics_obtained":["Pantograph"],"max_hp_gain":0,"max_hp_loss":0,"event_name":"Addict","floor":19,"gold_loss":85},{"damage_healed":0,"gold_gain":0,"player_choice":"Traded Relic","damage_taken":0,"relics_obtained":["Nloth\u0027s Gift"],"max_hp_gain":0,"max_hp_loss":0,"event_name":"N\u0027loth","floor":20,"relics_lost":["Cracked Core"],"gold_loss":0}],"is_beta":true,"boss_relics":[{"not_picked":["Eternal Feather","Philosopher\u0027s Stone"],"picked":"Sozu"}],"items_purged_floors":[21],"is_endless":false,"potions_floor_spawned":[5,6,10,12],"killed_by":"Gremlin Leader","ascension_level":19}