{"gold_per_floor":[119,119,7,7,22,356,376,376,376,395,78,96,131,141,141,236,236,250,266,282,297,397,397,397],"floor_reached":24,"playtime":1490,"items_purged":["Strike_G"],"score":282,"play_id":"21a6ffe2-15b9-4f9e-b856-64992fb5f523","local_time":"20190518191049","is_ascension_mode":true,"campfire_choices":[{"data":"Noxious Fumes","floor":8,"key":"SMITH"},{"floor":15,"key":"REST"},{"floor":23,"key":"REST"}],"neow_cost":"NONE","seed_source_timestamp":7716769766660,"circlet_count":0,"master_deck":["Defend_G","Defend_G","Defend_G","Defend_G","Defend_G","Strike_G","Strike_G","Strike_G","Survivor","Neutralize","Cloak And Dagger","Skewer","Accuracy","PiercingWail","Footwork","Noxious Fumes+1","Blur","Infinite Blades","Accuracy","Transmutation","Infinite Blades","Corpse Explosion","Cloak And Dagger+1","A Thousand Cuts","Poisoned Stab+1"],"relics":["Ring of the Snake","NeowsBlessing","Blue Candle","Old Coin","Meat on the Bone","Ancient Tea Set","WristBlade"],"potions_floor_usage":[12,13,13,20,21],"damage_taken":[{"damage":0,"enemies":"Jaw Worm","floor":1,"turns":1},{"damage":0,"enemies":"Cultist","floor":5,"turns":1},{"damage":0,"enemies":"Gremlin Nob","floor":6,"turns":1},{"damage":0,"enemies":"2 Louse","floor":7,"turns":4},{"damage":0,"enemies":"Red Slaver","floor":10,"turns":6},{"damage":14,"enemies":"Large Slime","floor":12,"turns":8},{"damage":28,"enemies":"3 Sentries","floor":13,"turns":7},{"damage":13,"enemies":"Exordium Wildlife","floor":14,"turns":3},{"damage":25,"enemies":"Slime Boss","floor":16,"turns":10},{"damage":21,"enemies":"Shell Parasite","floor":18,"turns":7},{"damage":28,"enemies":"3 Byrds","floor":19,"turns":6},{"damage":19,"enemies":"Snake Plant","floor":20,"turns":4},{"damage":25,"enemies":"Centurion and Healer","floor":21,"turns":4},{"damage":49,"enemies":"Book of Stabbing","floor":24,"turns":6}],"seed_played":"7785263764826473469","potions_obtained":[{"floor":1,"key":"SteroidPotion"},{"floor":5,"key":"Energy Potion"},{"floor":6,"key":"EssenceOfSteel"},{"floor":10,"key":"Fire Potion"},{"floor":16,"key":"FearPotion"},{"floor":20,"key":"AttackPotion"}],"is_trial":false,"path_per_floor":["M","?","$","?","M","E","M","R","T","M","$","M","E","M","R","B",null,"M","M","M","M","?","R","E"],"character_chosen":"THE_SILENT","items_purchased":["Accuracy","PiercingWail","Accuracy","Transmutation"],"campfire_rested":2,"item_purchase_floors":[3,3,11,11],"current_hp_per_floor":[70,70,70,70,70,70,70,70,70,70,70,56,40,39,60,47,70,49,33,26,13,13,34,0],"gold":397,"neow_bonus":"THREE_ENEMY_KILL","is_prod":false,"is_daily":false,"chose_seed":false,"campfire_upgraded":1,"win_rate":0,"timestamp":1558199449,"path_taken":["M","?","$","?","?","E","?","R","T","M","$","M","E","M","R","BOSS","M","?","?","M","?","R","E"],"build_version":"2019-05-07","purchased_purges":1,"victory":false,"max_hp_per_floor":[70,70,70,70,70,70,70,70,70,70,70,70,70,70,70,70,70,70,70,70,70,70,70,70],"card_choices":[{"not_picked":["Masterful Stab","Riddle With Holes"],"picked":"Cloak And Dagger","floor":1},{"not_picked":["Choke","Prepared"],"picked":"Footwork","floor":5},{"not_picked":["Bane","Deadly Poison"],"picked":"Noxious Fumes","floor":6},{"not_picked":["Backflip","Flying Knee"],"picked":"Blur","floor":7},{"not_picked":["Dagger Throw","Acrobatics"],"picked":"Infinite Blades","floor":10},{"not_picked":["Poisoned Stab","Flying Knee","Tactician"],"picked":"SKIP","floor":12},{"not_picked":["Dodge and Roll","Concentrate"],"picked":"Infinite Blades","floor":13},{"not_picked":["Acrobatics","Prepared","Outmaneuver"],"picked":"SKIP","floor":14},{"not_picked":["Wraith Form v2","Tools of the Trade"],"picked":"Corpse Explosion","floor":16},{"not_picked":["Sucker Punch","Prepared","Outmaneuver+1"],"picked":"SKIP","floor":18},{"not_picked":["Flying Knee","Bane+1"],"picked":"Cloak And Dagger+1","floor":19},{"not_picked":["Blade Dance","Setup"],"picked":"A Thousand Cuts","floor":20},{"not_picked":["Quick Slash+1","Dash"],"picked":"Poisoned Stab+1","floor":21}],"player_experience":291740,"relics_obtained":[{"floor":6,"key":"Old Coin"},{"floor":9,"key":"Meat on the Bone"},{"floor":13,"key":"Ancient Tea Set"}],"event_choices":[{"damage_healed":0,"gold_gain":0,"cards_transformed":["Strike_G"],"player_choice":"Change","damage_taken":0,"max_hp_gain":0,"max_hp_loss":0,"event_name":"Living Wall","floor":2,"gold_loss":0,"cards_obtained":["Skewer"]},{"damage_healed":0,"gold_gain":0,"player_choice":"Gave Potion","damage_taken":0,"relics_obtained":["Blue Candle"],"max_hp_gain":0,"max_hp_loss":0,"event_name":"WeMeetAgain","floor":4,"gold_loss":0},{"damage_healed":0,"gold_gain":100,"player_choice":"Pray","damage_taken":0,"max_hp_gain":0,"max_hp_loss":0,"event_name":"Golden Shrine","floor":22,"gold_loss":0}],"is_beta":true,"boss_relics":[{"not_picked":["Black Star","Velvet Choker"],"picked":"WristBlade"}],"items_purged_floors":[11],"is_endless":false,"potions_floor_spawned":[1,5,6,10,16,20],"killed_by":"Book of Stabbing","ascension_level":4}