{"gold_per_floor":[111,111,261,261,273,300,300,333,333,394,409,435,445,445],"floor_reached":14,"playtime":496,"items_purged":[],"score":246,"play_id":"a758dcd2-43c5-4c07-8d9a-c32163db76a5","local_time":"20190504121124","is_ascension_mode":true,"campfire_choices":[{"floor":7,"key":"REST"}],"neow_cost":"NONE","seed_source_timestamp":1116037438340247,"circlet_count":0,"master_deck":["AscendersBane","Defend_G","Defend_G","Defend_G","Defend_G","Defend_G","Strike_G","Strike_G","Strike_G","Strike_G","Strike_G","Survivor","Neutralize","Sucker Punch","Doubt","Caltrops","Well Laid Plans","Blade Dance","Outmaneuver","Dagger Spray","Blur"],"relics":["Ring of the Snake","NeowsBlessing","The Courier","Happy Flower","Shuriken","Tingsha","Tiny Chest","Dream Catcher"],"potions_floor_usage":[8,8,13,14],"damage_taken":[{"damage":0,"enemies":"Small Slimes","floor":1,"turns":1},{"damage":0,"enemies":"2 Louse","floor":5,"turns":1},{"damage":0,"enemies":"Lagavulin","floor":6,"turns":1},{"damage":14,"enemies":"3 Sentries","floor":8,"turns":8},{"damage":47,"enemies":"Gremlin Nob","floor":10,"turns":6},{"damage":0,"enemies":"Cultist","floor":11,"turns":4},{"damage":3,"enemies":"Large Slime","floor":13,"turns":7},{"damage":16,"enemies":"Exordium Wildlife","floor":14,"turns":1}],"seed_played":"6714252282310393218","potions_obtained":[{"floor":1,"key":"Explosive Potion"},{"floor":5,"key":"GhostInAJar"},{"floor":8,"key":"Energy Potion"},{"floor":13,"key":"Fruit Juice"}],"is_trial":false,"path_per_floor":["M","?","?","?","M","E","R","E","T","E","M","T","M","M"],"character_chosen":"THE_SILENT","items_purchased":[],"campfire_rested":1,"item_purchase_floors":[],"current_hp_per_floor":[59,64,64,46,46,46,67,53,53,6,6,6,3,0],"gold":445,"neow_bonus":"THREE_ENEMY_KILL","is_prod":false,"is_daily":false,"chose_seed":false,"campfire_upgraded":0,"win_rate":0,"timestamp":1556964684,"path_taken":["M","?","?","?","M","E","R","E","T","E","M","?","M","?"],"build_version":"2019-04-23","purchased_purges":0,"victory":false,"max_hp_per_floor":[66,71,71,71,71,71,71,71,71,71,71,71,71,76],"card_choices":[{"not_picked":["Escape Plan","Bane"],"picked":"Sucker Punch","floor":1},{"not_picked":["Well Laid Plans","Catalyst"],"picked":"Caltrops","floor":5},{"not_picked":["Bane","Storm of Steel"],"picked":"Well Laid Plans","floor":6},{"not_picked":["Flechettes","Reflex"],"picked":"Blade Dance","floor":8},{"not_picked":["Accuracy","Masterful Stab"],"picked":"Outmaneuver","floor":10},{"not_picked":["Dodge and Roll","Acrobatics"],"picked":"Dagger Spray","floor":11},{"not_picked":["Tactician","Underhanded Strike"],"picked":"Blur","floor":13}],"player_experience":1484699,"relics_obtained":[{"floor":6,"key":"Happy Flower"},{"floor":8,"key":"Shuriken"},{"floor":9,"key":"Tingsha"},{"floor":10,"key":"Tiny Chest"},{"floor":12,"key":"Dream Catcher"}],"event_choices":[{"damage_healed":0,"gold_gain":0,"player_choice":"Donut","damage_taken":0,"max_hp_gain":5,"max_hp_loss":0,"event_name":"Big Fish","floor":2,"gold_loss":0},{"damage_healed":0,"gold_gain":150,"player_choice":"AGREE","damage_taken":0,"max_hp_gain":0,"max_hp_loss":0,"event_name":"Liars Game","floor":3,"gold_loss":0,"cards_obtained":["Doubt"]},{"damage_healed":0,"gold_gain":0,"player_choice":"Success","damage_taken":18,"relics_obtained":["The Courier"],"max_hp_gain":0,"max_hp_loss":0,"event_name":"Scrap Ooze","floor":4,"gold_loss":0}],"is_beta":true,"boss_relics":[],"items_purged_floors":[],"is_endless":false,"potions_floor_spawned":[1,5,8,13],"killed_by":"Exordium Wildlife","ascension_level":17}