{"gold_per_floor":[109,70,88,66,79,79,99,99,152,178,178,190,190,190,190,190],"floor_reached":16,"playtime":550,"items_purged":[],"score":125,"play_id":"cb419894-0d2b-4221-a455-aa36eac8b7d3","local_time":"20180926001956","is_ascension_mode":true,"campfire_choices":[{"data":"Inflame","floor":6,"key":"SMITH"},{"data":"Flex","floor":11,"key":"SMITH"},{"data":"Flex","floor":13,"key":"SMITH"},{"data":"Inflame","floor":15,"key":"SMITH"}],"neow_cost":"PERCENT_DAMAGE","seed_source_timestamp":606533257755369,"circlet_count":0,"master_deck":["Strike_R","Strike_R","Defend_R","Defend_R","Defend_R","Defend_R","Bash","Thunderclap","Anger","Whirlwind","Inflame+1","Combust","Flex+1","Flex+1","Inflame+1","Evolve"],"relics":["Burning Blood","Juzu Bracelet","Art of War"],"potions_floor_usage":[10,12,16],"damage_taken":[{"damage":2,"enemies":"Jaw Worm","floor":1,"turns":3},{"damage":1,"enemies":"Cultist","floor":3,"turns":3},{"damage":0,"enemies":"2 Louse","floor":5,"turns":1},{"damage":0,"enemies":"Lots of Slimes","floor":7,"turns":1},{"damage":22,"enemies":"3 Sentries","floor":10,"turns":4},{"damage":19,"enemies":"Large Slime","floor":12,"turns":4},{"damage":66,"enemies":"The Guardian","floor":16,"turns":8}],"seed_played":"-7132171833463938990","potions_obtained":[{"floor":1,"key":"Regen Potion"},{"floor":3,"key":"PowerPotion"},{"floor":12,"key":"PowerPotion"}],"is_trial":false,"path_per_floor":["M","$","M","$","M","R","M","?","T","E","R","M","R","?","R"],"character_chosen":"IRONCLAD","items_purchased":["Inflame","Flex"],"campfire_rested":0,"item_purchase_floors":[2,4],"current_hp_per_floor":[60,60,65,65,71,71,77,77,77,61,61,60,60,65,65,0],"gold":190,"neow_bonus":"TRANSFORM_TWO_CARDS","is_prod":false,"is_daily":false,"chose_seed":false,"campfire_upgraded":4,"win_rate":0,"timestamp":1537935596,"path_taken":["M","$","M","$","M","R","M","?","T","E","R","M","R","?","R","BOSS"],"build_version":"2018-09-20","purchased_purges":0,"victory":false,"max_hp_per_floor":[80,80,80,80,80,80,80,80,80,80,80,80,80,85,85,85],"card_choices":[{"not_picked":["Blood for Blood","Flex"],"picked":"Whirlwind","floor":1},{"not_picked":["Entrench","Perfected Strike"],"picked":"Combust","floor":3},{"not_picked":["Clash","Shrug It Off"],"picked":"Flex","floor":5},{"not_picked":["Pommel Strike","Body Slam"],"picked":"Inflame","floor":7},{"not_picked":["Cleave","Thunderclap"],"picked":"Evolve","floor":10},{"not_picked":["Intimidate","Burning Pact","Anger"],"picked":"SKIP","floor":12}],"player_experience":913121,"relics_obtained":[{"floor":9,"key":"Juzu Bracelet"},{"floor":10,"key":"Art of War"}],"event_choices":[{"event_name":"Purifier","player_choice":"One Purge","floor":8,"damage_taken":0},{"event_name":"Big Fish","player_choice":"Donut","floor":14,"damage_taken":0}],"is_beta":false,"boss_relics":[],"items_purged_floors":[],"is_endless":false,"potions_floor_spawned":[1,3,12],"killed_by":"The Guardian","ascension_level":5}