{"gold_per_floor":[114,39,39,39,114,141,141,74,149,163,113,133,133,149,149,247,247,258,258,82,101,113,113,113],"floor_reached":24,"playtime":1233,"items_purged":["Strike_B","Normality"],"score":223,"play_id":"7b6232b4-dbf8-42c3-9694-a51dc8e2523b","local_time":"20180831194141","is_ascension_mode":true,"campfire_choices":[{"floor":7,"key":"REST"},{"data":"Capacitor","floor":13,"key":"SMITH"},{"data":"Defragment","floor":15,"key":"SMITH"},{"floor":23,"key":"REST"}],"neow_cost":"NONE","seed_source_timestamp":70419058061472,"circlet_count":0,"master_deck":["Zap","Dualcast","Glacier","Hologram","Streamline","Defragment+1","Stack","Capacitor+1","Coolheaded","Creative AI","Steam","BootSequence","Redo","Turbo","Glacier","White Noise","Defragment","Glacier","Tempest"],"relics":["Cracked Core","Pantograph","DataDisk","Matryoshka","Pandora\u0027s Box","Question Card"],"potions_floor_usage":[16,16,21],"damage_taken":[{"damage":1,"enemies":"Cultist","floor":1,"turns":5},{"damage":39,"enemies":"Gremlin Nob","floor":6,"turns":5},{"damage":0,"enemies":"Jaw Worm","floor":10,"turns":3},{"damage":0,"enemies":"2 Louse","floor":12,"turns":3},{"damage":2,"enemies":"Large Slime","floor":14,"turns":8},{"damage":5,"enemies":"Slime Boss","floor":16,"turns":14},{"damage":2,"enemies":"Spheric Guardian","floor":18,"turns":6},{"damage":33,"enemies":"3 Byrds","floor":21,"turns":4},{"damage":0,"enemies":"Snecko","floor":22,"turns":8},{"damage":65,"enemies":"Gremlin Leader","floor":24,"turns":8}],"seed_played":"-8184442228763174914","potions_obtained":[{"floor":1,"key":"SpeedPotion"},{"floor":12,"key":"Block Potion"},{"floor":14,"key":"Energy Potion"},{"floor":18,"key":"Explosive Potion"},{"floor":21,"key":"Ancient Potion"}],"is_trial":false,"path_per_floor":["M","$","T","?","?","E","R","$","T","M","?","M","R","M","R","B",null,"M","?","$","M","M","R"],"character_chosen":"DEFECT","items_purchased":["Defragment","Defragment"],"campfire_rested":2,"item_purchase_floors":[8,20],"current_hp_per_floor":[74,74,74,74,67,28,50,50,50,50,50,50,50,48,48,68,75,73,73,73,40,40,62,0],"gold":113,"neow_bonus":"THREE_CARDS","is_prod":false,"is_daily":false,"chose_seed":false,"campfire_upgraded":2,"win_rate":0,"timestamp":1535758901,"path_taken":["M","$","?","?","?","E","R","$","T","?","?","M","R","M","R","BOSS","M","?","$","M","M","R","E"],"build_version":"2018-08-30","purchased_purges":2,"victory":false,"max_hp_per_floor":[75,75,75,75,75,75,75,75,75,75,75,75,75,75,75,75,75,75,75,75,75,75,75,75],"card_choices":[{"not_picked":["Barrage","Sweeping Beam"],"picked":"Glacier","floor":0},{"not_picked":["Genetic Algorithm","Turbo"],"picked":"Hologram","floor":1},{"not_picked":["Double Energy","Streamline","Sweeping Beam"],"picked":"SKIP","floor":6},{"not_picked":["Go for the Eyes","Conserve Battery"],"picked":"Stack","floor":10},{"not_picked":["Hologram","Beam Cell"],"picked":"Capacitor","floor":12},{"not_picked":["Steam","Rainbow"],"picked":"Coolheaded","floor":14},{"not_picked":["Core Surge","Multi-Cast"],"picked":"Creative AI","floor":16},{"not_picked":["Rip and Tear","Rebound"],"picked":"White Noise","floor":18},{"not_picked":["Self Repair","Leap","Steam Power"],"picked":"Glacier","floor":21},{"not_picked":["Steam","Steam Power","Beam Cell"],"picked":"Tempest","floor":22}],"player_experience":696163,"relics_obtained":[{"floor":3,"key":"Pantograph"},{"floor":6,"key":"DataDisk"},{"floor":9,"key":"Matryoshka"}],"event_choices":[{"event_name":"Transmorgrifier","player_choice":"Transform","floor":4,"damage_taken":0},{"event_name":"FaceTrader","player_choice":"Touch","floor":5,"damage_taken":0},{"event_name":"The Cleric","player_choice":"Card Removal","floor":11,"damage_taken":0},{"event_name":"Accursed Blacksmith","player_choice":"Rummage","floor":19,"damage_taken":0}],"is_beta":false,"boss_relics":[{"not_picked":["Snecko Eye","Busted Crown"],"picked":"Pandora\u0027s Box"}],"items_purged_floors":[2,20],"is_endless":false,"potions_floor_spawned":[1,12,14,18,21],"killed_by":"Gremlin Leader","ascension_level":3}