{"gold_per_floor":[214,226,236,92,105,132,9,9,9,44,44,44,54,65,65,137,137,47,8,8,8,8,8,8,8,8,8,8,8,8,8,8,8,8,8,0,0,0,0,0,0,0,0,0,0,0,0,0,0,0,0,0,0,0,0],"floor_reached":55,"playtime":3686,"items_purged":["Strike_G"],"score":1341,"play_id":"46aa687c-abd9-4469-8db2-72d31a071cfa","local_time":"20190430171617","is_ascension_mode":true,"campfire_choices":[{"data":"Noxious Fumes","floor":8,"key":"SMITH"},{"floor":11,"key":"REST"},{"data":"Adrenaline","floor":15,"key":"SMITH"},{"data":"Catalyst","floor":24,"key":"SMITH"},{"floor":29,"key":"REST"},{"data":"Footwork","floor":32,"key":"SMITH"},{"data":"Adrenaline","floor":40,"key":"SMITH"},{"data":"Leg Sweep","floor":42,"key":"SMITH"},{"data":"Leg Sweep","floor":44,"key":"SMITH"},{"data":"Acrobatics","floor":46,"key":"SMITH"},{"floor":49,"key":"RECALL"},{"data":"Dodge and Roll","floor":52,"key":"SMITH"}],"neow_cost":"NONE","seed_source_timestamp":785538201059635,"circlet_count":0,"master_deck":["AscendersBane","Defend_G+1","Defend_G+1","Defend_G+1","Defend_G+1","Defend_G+1","Strike_G+1","Strike_G+1","Strike_G+1","Survivor","Neutralize","Noxious Fumes+1","Backflip","Cloak And Dagger","Well Laid Plans","Dodge and Roll+1","Leg Sweep+1","Leg Sweep+1","Acrobatics+1","Adrenaline+1","Footwork+1","Adrenaline+1","Catalyst+1","Well Laid Plans","After Image","Deadly Poison+1","Backflip","Corpse Explosion","PiercingWail+1","PiercingWail","PiercingWail+1","Noxious Fumes"],"relics":["Ring of the Snake","Vajra","Omamori","Bottled Lightning","Ectoplasm","Snake Skull","Ornamental Fan","Kunai","Sozu","Red Mask","Tingsha","Blue Candle","Mango","Gremlin Horn"],"potions_floor_usage":[16,23,33,33,50],"damage_taken":[{"damage":0,"enemies":"Cultist","floor":1,"turns":4},{"damage":4,"enemies":"Jaw Worm","floor":2,"turns":5},{"damage":0,"enemies":"2 Louse","floor":3,"turns":3},{"damage":4,"enemies":"Red Slaver","floor":5,"turns":6},{"damage":18,"enemies":"Lagavulin","floor":6,"turns":12},{"damage":24,"enemies":"Gremlin Nob","floor":10,"turns":6},{"damage":0,"enemies":"Blue Slaver","floor":13,"turns":6},{"damage":0,"enemies":"Large Slime","floor":14,"turns":10},{"damage":13,"enemies":"Hexaghost","floor":16,"turns":14},{"damage":1,"enemies":"2 Thieves","floor":18,"turns":5},{"damage":0,"enemies":"3 Byrds","floor":21,"turns":5},{"damage":4,"enemies":"Centurion and Healer","floor":22,"turns":9},{"damage":0,"enemies":"Book of Stabbing","floor":23,"turns":11},{"damage":28,"enemies":"Slavers","floor":28,"turns":6},{"damage":35,"enemies":"Collector","floor":33,"turns":10},{"damage":0,"enemies":"Orb Walker","floor":35,"turns":4},{"damage":0,"enemies":"3 Shapes","floor":38,"turns":3},{"damage":0,"enemies":"Spire Growth","floor":39,"turns":7},{"damage":1,"enemies":"Mind Bloom Boss Battle","floor":41,"turns":7},{"damage":0,"enemies":"Maw","floor":45,"turns":7},{"damage":0,"enemies":"Nemesis","floor":47,"turns":7},{"damage":9,"enemies":"Awakened One","floor":50,"turns":16},{"damage":53,"enemies":"Shield and Spear","floor":54,"turns":4},{"damage":30,"enemies":"The Heart","floor":55,"turns":3}],"seed_played":"872588500944093956","potions_obtained":[{"floor":2,"key":"SmokeBomb"},{"floor":5,"key":"SneckoOil"},{"floor":6,"key":"Dexterity Potion"},{"floor":10,"key":"GamblersBrew"},{"floor":16,"key":"Fire Potion"},{"floor":28,"key":"Dexterity Potion"},{"floor":33,"key":"SkillPotion"}],"is_trial":false,"path_per_floor":["M","M","M","$","M","E","$","R","T","E","R","?","M","M","R","B",null,"M","$","?","M","M","E","R","$","T","?","E","R","$","?","R","B",null,"M","?","T","M","M","R","?","R","T","R","M","R","E","$","R","B",null,"R","$","E","B"],"character_chosen":"THE_SILENT","items_purchased":["Well Laid Plans","Leg Sweep","Acrobatics","Catalyst"],"campfire_rested":2,"item_purchase_floors":[4,7,7,19],"current_hp_per_floor":[59,55,55,55,51,33,33,33,33,9,28,28,28,28,28,15,53,52,52,52,52,48,48,48,48,48,48,20,39,39,39,39,4,51,51,51,51,51,51,51,50,50,50,50,50,50,64,64,64,55,74,74,74,21,0],"gold":0,"neow_bonus":"HUNDRED_GOLD","is_prod":false,"is_daily":false,"chose_seed":false,"campfire_upgraded":9,"win_rate":0,"timestamp":1556637377,"path_taken":["M","M","M","$","M","E","?","R","T","E","R","?","M","?","R","BOSS","M","$","?","M","?","E","R","$","T","?","E","R","$","?","R","BOSS","M","?","?","M","M","R","?","R","T","R","?","R","E","$","R","BOSS","R","$","E","BOSS"],"build_version":"2019-04-23","purchased_purges":1,"victory":false,"max_hp_per_floor":[66,66,66,66,66,66,66,66,66,66,66,66,66,66,66,66,66,66,66,66,66,66,66,66,66,66,66,66,66,66,66,66,66,66,66,66,66,66,66,66,66,66,66,66,66,66,80,80,80,80,80,80,80,80,80],"card_choices":[{"not_picked":["Deflect","Flying Knee"],"picked":"Noxious Fumes","floor":1},{"not_picked":["Slice","Flying Knee"],"picked":"Backflip","floor":2},{"not_picked":["Setup","Acrobatics"],"picked":"Cloak And Dagger","floor":3},{"not_picked":["Bane","Outmaneuver"],"picked":"Dodge and Roll","floor":5},{"not_picked":["Predator","Outmaneuver"],"picked":"Leg Sweep","floor":6},{"not_picked":["Dash","Crippling Poison"],"picked":"Adrenaline","floor":10},{"not_picked":["Dodge and Roll","Deadly Poison"],"picked":"Footwork","floor":13},{"not_picked":["Terror","Flechettes","Accuracy"],"picked":"SKIP","floor":14},{"not_picked":["Die Die Die","Unload"],"picked":"Adrenaline","floor":16},{"not_picked":["Deadly Poison","Heel Hook","Riddle With Holes"],"picked":"SKIP","floor":18},{"not_picked":["Sucker Punch","Deadly Poison"],"picked":"Well Laid Plans","floor":21},{"not_picked":["Expertise","Dagger Spray"],"picked":"After Image","floor":22},{"not_picked":["Flying Knee","Accuracy"],"picked":"Deadly Poison+1","floor":23},{"not_picked":["Dodge and Roll","Setup"],"picked":"Backflip","floor":28},{"not_picked":["Glass Knife","Envenom"],"picked":"Corpse Explosion","floor":33},{"not_picked":["Flying Knee","Prepared","Sucker Punch+1"],"picked":"SKIP","floor":35},{"not_picked":["Masterful Stab","Backflip"],"picked":"PiercingWail+1","floor":38},{"not_picked":["Crippling Poison","Expertise"],"picked":"PiercingWail","floor":39},{"not_picked":["Sucker Punch","Setup+1"],"picked":"PiercingWail+1","floor":41},{"not_picked":["Skewer","Concentrate+1","Blade Dance"],"picked":"SKIP","floor":45},{"not_picked":["Quick Slash","Setup","Poisoned Stab"],"picked":"SKIP","floor":47},{"not_picked":["Poisoned Stab","Quick Slash"],"picked":"Noxious Fumes","floor":54}],"player_experience":1359407,"relics_obtained":[{"floor":6,"key":"Vajra"},{"floor":9,"key":"Omamori"},{"floor":10,"key":"Bottled Lightning"},{"floor":23,"key":"Snake Skull"},{"floor":26,"key":"Ornamental Fan"},{"floor":28,"key":"Kunai"},{"floor":41,"key":"Tingsha"},{"floor":43,"key":"Blue Candle"},{"floor":47,"key":"Mango"},{"floor":54,"key":"Gremlin Horn"}],"event_choices":[{"cards_removed":["Strike_G"],"damage_healed":0,"gold_gain":0,"player_choice":"Purged","damage_taken":0,"max_hp_gain":0,"max_hp_loss":0,"event_name":"Purifier","floor":12,"gold_loss":0},{"damage_healed":0,"gold_gain":0,"player_choice":"Ignored","damage_taken":0,"max_hp_gain":0,"max_hp_loss":0,"event_name":"N\u0027loth","floor":20,"gold_loss":0},{"damage_healed":0,"gold_gain":0,"player_choice":"Simplicity","damage_taken":0,"max_hp_gain":0,"max_hp_loss":0,"event_name":"Back to Basics","floor":27,"gold_loss":0,"cards_upgraded":["Defend_G","Defend_G","Defend_G","Defend_G","Defend_G","Strike_G","Strike_G","Strike_G"]},{"damage_healed":0,"gold_gain":0,"player_choice":"Paid","damage_taken":0,"relics_obtained":["Red Mask"],"max_hp_gain":0,"max_hp_loss":0,"event_name":"Tomb of Lord Red Mask","floor":36,"gold_loss":8},{"damage_healed":0,"gold_gain":0,"player_choice":"Fight","damage_taken":0,"max_hp_gain":0,"max_hp_loss":0,"event_name":"MindBloom","floor":41,"gold_loss":0}],"is_beta":true,"boss_relics":[{"not_picked":["Philosopher\u0027s Stone","Coffee Dripper"],"picked":"Ectoplasm"},{"not_picked":["Pandora\u0027s Box","Runic Dome"],"picked":"Sozu"}],"items_purged_floors":[4],"is_endless":false,"potions_floor_spawned":[2,5,6,10,16,28,33,35,38,41,45,54],"killed_by":"The Heart","ascension_level":15}