{"gold_per_floor":[113,42,42,52,227,252,270,270,270,282,282,282,313,326,326,398,398,410,350,130,145,145,159,159,190,190,190],"floor_reached":27,"playtime":882,"items_purged":[],"score":431,"play_id":"44d9e85e-91ff-4651-a550-07ea06df42b2","local_time":"20190429181206","is_ascension_mode":true,"campfire_choices":[{"data":"Coolheaded","floor":11,"key":"SMITH"},{"data":"Auto Shields","floor":15,"key":"SMITH"},{"data":"Fission","floor":24,"key":"SMITH"}],"neow_cost":"NONE","seed_source_timestamp":705292632254100,"circlet_count":0,"master_deck":["AscendersBane","Defend_B","Defend_B","Defend_B","Defend_B","Zap","Dualcast","Gash","Gash","Coolheaded+1","Sweeping Beam","Redo","Auto Shields+1","All For One","Gash","Fission+1","BootSequence+1","Reinforced Body+1","Go for the Eyes+1","Coolheaded+1","Defragment","Go for the Eyes","Gash"],"relics":["Cracked Core","NeowsBlessing","Thread and Needle","Regal Pillow","StoneCalendar","Letter Opener","Astrolabe","Oddly Smooth Stone","Red Mask"],"potions_floor_usage":[13,13,16,27,27],"damage_taken":[{"damage":0,"enemies":"Jaw Worm","floor":1,"turns":1},{"damage":0,"enemies":"Cultist","floor":4,"turns":1},{"damage":0,"enemies":"3 Sentries","floor":6,"turns":1},{"damage":0,"enemies":"Small Slimes","floor":7,"turns":2},{"damage":1,"enemies":"3 Louse","floor":10,"turns":3},{"damage":7,"enemies":"Lagavulin","floor":13,"turns":6},{"damage":0,"enemies":"Looter","floor":14,"turns":3},{"damage":40,"enemies":"The Guardian","floor":16,"turns":8},{"damage":2,"enemies":"3 Byrds","floor":18,"turns":5},{"damage":0,"enemies":"Chosen","floor":21,"turns":6},{"damage":20,"enemies":"Snecko","floor":23,"turns":9},{"damage":11,"enemies":"Masked Bandits","floor":25,"turns":3},{"damage":28,"enemies":"Slavers","floor":27,"turns":3}],"seed_played":"-1885204720421820597","potions_obtained":[{"floor":4,"key":"FocusPotion"},{"floor":6,"key":"SteroidPotion"},{"floor":14,"key":"EssenceOfSteel"},{"floor":16,"key":"LiquidBronze"},{"floor":18,"key":"Dexterity Potion"}],"is_trial":false,"path_per_floor":["M","$","?","M","?","E","M","?","T","M","R","?","E","M","R","B",null,"M","?","$","M","?","M","R","?","T","E"],"character_chosen":"DEFECT","items_purchased":["Gash","Coolheaded","Defragment","Oddly Smooth Stone"],"campfire_rested":0,"item_purchase_floors":[2,2,20,20],"current_hp_per_floor":[68,68,68,68,68,68,68,65,65,64,64,57,50,50,50,10,59,57,57,57,57,57,37,37,26,26,0],"gold":190,"neow_bonus":"THREE_ENEMY_KILL","is_prod":false,"is_daily":false,"chose_seed":false,"campfire_upgraded":3,"win_rate":0,"timestamp":1556554326,"path_taken":["M","$","?","?","?","E","M","?","T","M","R","?","E","M","R","BOSS","M","?","?","?","?","M","R","?","T","E"],"build_version":"2019-04-23","purchased_purges":0,"victory":false,"max_hp_per_floor":[75,75,75,75,75,75,75,75,75,75,75,75,75,75,75,75,75,75,75,75,75,75,75,75,75,75,75],"card_choices":[{"not_picked":["Redo","Stack"],"picked":"Gash","floor":1},{"not_picked":["Static Discharge","Leap"],"picked":"Sweeping Beam","floor":4},{"not_picked":["Turbo","Rip and Tear"],"picked":"Redo","floor":6},{"not_picked":["Static Discharge","Rebound","Aggregate"],"picked":"SKIP","floor":7},{"not_picked":["Reboot","Hologram"],"picked":"Auto Shields","floor":10},{"not_picked":["Storm","Conserve Battery"],"picked":"All For One","floor":13},{"not_picked":["Self Repair","Hologram"],"picked":"Gash","floor":14},{"not_picked":["Reboot","Thunder Strike"],"picked":"Fission","floor":16},{"not_picked":["Steam","Glacier"],"picked":"Coolheaded+1","floor":18},{"not_picked":["Capacitor","Turbo"],"picked":"Go for the Eyes","floor":21},{"not_picked":["Defragment","Tempest"],"picked":"Gash","floor":23}],"player_experience":1326453,"relics_obtained":[{"floor":6,"key":"Thread and Needle"},{"floor":9,"key":"StoneCalendar"},{"floor":13,"key":"Letter Opener"},{"floor":25,"key":"Red Mask"}],"event_choices":[{"damage_healed":0,"gold_gain":0,"player_choice":"0 cards matched","damage_taken":0,"max_hp_gain":0,"max_hp_loss":0,"event_name":"Match and Keep!","floor":3,"gold_loss":0,"cards_obtained":[]},{"damage_healed":0,"gold_gain":175,"player_choice":"AGREE","damage_taken":0,"max_hp_gain":0,"max_hp_loss":0,"event_name":"Liars Game","floor":5,"gold_loss":0,"cards_obtained":["Doubt"]},{"damage_healed":0,"gold_gain":0,"player_choice":"Success","damage_taken":3,"relics_obtained":["Regal Pillow"],"max_hp_gain":0,"max_hp_loss":0,"event_name":"Scrap Ooze","floor":8,"gold_loss":0},{"cards_removed":["Strike_B"],"damage_healed":0,"gold_gain":0,"player_choice":"Card Removal","damage_taken":7,"max_hp_gain":0,"max_hp_loss":0,"event_name":"Golden Wing","floor":12,"gold_loss":0},{"cards_removed":["Doubt"],"damage_healed":0,"gold_gain":0,"player_choice":"Single Remove","damage_taken":0,"max_hp_gain":0,"max_hp_loss":0,"event_name":"Designer","floor":19,"gold_loss":60},{"damage_healed":0,"gold_gain":0,"player_choice":"Ignored","damage_taken":0,"max_hp_gain":0,"max_hp_loss":0,"event_name":"Ghosts","floor":22,"gold_loss":0},{"damage_healed":0,"gold_gain":0,"player_choice":"Fought Bandits","damage_taken":0,"max_hp_gain":0,"max_hp_loss":0,"event_name":"Masked Bandits","floor":25,"gold_loss":0}],"is_beta":true,"boss_relics":[{"not_picked":["Eternal Feather","Busted Crown"],"picked":"Astrolabe"}],"items_purged_floors":[],"is_endless":false,"potions_floor_spawned":[4,6,14,16,18,23],"killed_by":"Slavers","ascension_level":13}