{"gold_per_floor":[118,2,14,33,52,83,83,117,117,117,145,145,160,177,177,249,249,267,283,17,28,28,28,28,28],"floor_reached":25,"playtime":732,"items_purged":["Strike_B"],"score":435,"play_id":"a497e3a8-98bd-43bf-bc6e-da4a50b294c4","local_time":"20190509205059","is_ascension_mode":true,"campfire_choices":[{"floor":10,"key":"REST"},{"floor":12,"key":"REST"},{"data":"Rip and Tear","floor":15,"key":"SMITH"},{"data":"Self Repair","floor":24,"key":"SMITH"}],"neow_cost":"NONE","seed_source_timestamp":1578976108549998,"circlet_count":0,"master_deck":["AscendersBane","Strike_B","Strike_B","Strike_B","Defend_B","Defend_B","Defend_B","Defend_B","Zap+1","Dualcast+1","Ball Lightning","Self Repair+1","Rip and Tear+1","Conserve Battery","Ball Lightning","BootSequence","White Noise","Coolheaded","Leap","Electrodynamics","Steam","Sweeping Beam+1","Compile Driver+1","White Noise+1"],"relics":["Cracked Core","NeowsBlessing","Juzu Bracelet","War Paint","Shovel","Molten Egg 2","Boot","Sozu","Membership Card","MutagenicStrength"],"potions_floor_usage":[8,11,14,19],"damage_taken":[{"damage":0,"enemies":"Cultist","floor":1,"turns":1},{"damage":0,"enemies":"2 Louse","floor":3,"turns":1},{"damage":0,"enemies":"Jaw Worm","floor":4,"turns":1},{"damage":4,"enemies":"Blue Slaver","floor":5,"turns":3},{"damage":33,"enemies":"Lagavulin","floor":6,"turns":5},{"damage":7,"enemies":"Gremlin Nob","floor":8,"turns":3},{"damage":27,"enemies":"3 Sentries","floor":11,"turns":8},{"damage":6,"enemies":"Looter","floor":13,"turns":3},{"damage":3,"enemies":"Large Slime","floor":14,"turns":2},{"damage":19,"enemies":"Slime Boss","floor":16,"turns":8},{"damage":11,"enemies":"2 Thieves","floor":18,"turns":4},{"damage":25,"enemies":"Shell Parasite","floor":19,"turns":4},{"damage":9,"enemies":"Centurion and Healer","floor":21,"turns":4},{"damage":41,"enemies":"Book of Stabbing","floor":25,"turns":4}],"seed_played":"-8986296932536763547","potions_obtained":[{"floor":4,"key":"Dexterity Potion"},{"floor":6,"key":"SkillPotion"},{"floor":13,"key":"Fire Potion"},{"floor":14,"key":"Swift Potion"}],"is_trial":false,"path_per_floor":["M","$","M","M","M","E","?","E","T","R","E","R","M","M","R","B",null,"M","M","$","M","?","?","R","E"],"character_chosen":"DEFECT","items_purchased":["Self Repair","Rip and Tear","Membership Card","Compile Driver+1"],"campfire_rested":2,"item_purchase_floors":[2,2,20,20],"current_hp_per_floor":[64,64,64,64,60,34,16,16,16,37,17,38,39,43,43,31,61,57,39,39,37,37,37,37,0],"gold":28,"neow_bonus":"THREE_ENEMY_KILL","is_prod":false,"is_daily":false,"chose_seed":false,"campfire_upgraded":2,"win_rate":0,"timestamp":1557427859,"path_taken":["M","?","?","M","?","E","?","E","T","R","E","R","M","M","R","BOSS","M","M","$","M","?","?","R","E"],"build_version":"2019-05-07","purchased_purges":1,"victory":false,"max_hp_per_floor":[71,71,71,71,71,71,71,71,71,71,71,71,71,71,71,71,71,71,71,71,71,71,71,71,71],"card_choices":[{"not_picked":["Gash","Cold Snap"],"picked":"Ball Lightning","floor":1},{"not_picked":["Sweeping Beam","Coolheaded"],"picked":"Conserve Battery","floor":3},{"not_picked":["Cold Snap","Hologram"],"picked":"Ball Lightning","floor":4},{"not_picked":["Static Discharge","Redo","Streamline"],"picked":"SKIP","floor":5},{"not_picked":["Hyperbeam","Rebound"],"picked":"BootSequence","floor":6},{"not_picked":["Darkness","Barrage","Cold Snap"],"picked":"SKIP","floor":8},{"not_picked":["Amplify","Force Field"],"picked":"White Noise","floor":11},{"not_picked":["Hologram","Skim"],"picked":"Coolheaded","floor":13},{"not_picked":["Hello World","Turbo"],"picked":"Leap","floor":14},{"not_picked":["Fission","Reboot"],"picked":"Electrodynamics","floor":16},{"not_picked":["Gash+1","Beam Cell+1"],"picked":"Steam","floor":18},{"not_picked":["Turbo","Barrage+1"],"picked":"Sweeping Beam+1","floor":19},{"not_picked":["Sunder+1","Coolheaded"],"picked":"White Noise+1","floor":21}],"player_experience":1682340,"relics_obtained":[{"floor":6,"key":"Juzu Bracelet"},{"floor":8,"key":"Shovel"},{"floor":9,"key":"Molten Egg 2"},{"floor":11,"key":"Boot"}],"event_choices":[{"damage_healed":0,"gold_gain":0,"player_choice":"Success","damage_taken":18,"relics_obtained":["War Paint"],"max_hp_gain":0,"max_hp_loss":0,"event_name":"Scrap Ooze","floor":7,"gold_loss":0},{"damage_healed":0,"gold_gain":0,"player_choice":"Ignored","damage_taken":0,"max_hp_gain":0,"max_hp_loss":0,"event_name":"Beggar","floor":22,"gold_loss":0},{"damage_healed":0,"gold_gain":0,"player_choice":"Inject Mutagens","damage_taken":0,"relics_obtained":["MutagenicStrength"],"max_hp_gain":0,"max_hp_loss":0,"event_name":"Drug Dealer","floor":23,"gold_loss":0}],"is_beta":true,"boss_relics":[{"not_picked":["Busted Crown","Runic Pyramid"],"picked":"Sozu"}],"items_purged_floors":[20],"is_endless":false,"potions_floor_spawned":[4,6,13,14,18],"killed_by":"Book of Stabbing","ascension_level":19}