{"path_per_floor":["M","M","?","?","?","R","T","M","T","M","R","M","M","M","R","B",null,"M","?","M","M","$","R","E","M","T","M","$","?","?","M","R"],"character_chosen":"IRONCLAD","items_purchased":["Blue Candle","Feel No Pain","Armaments"],"gold_per_floor":[119,138,138,138,138,138,138,148,194,212,212,226,236,249,249,352,352,365,365,377,387,72,72,107,124,148,159,62,62,62,78,78],"floor_reached":33,"campfire_rested":1,"playtime":2764,"current_hp_per_floor":[73,72,56,49,49,49,49,51,51,55,55,60,65,67,67,59,80,76,61,68,52,52,52,22,22,22,25,25,25,25,24,49],"items_purged":["Decay"],"gold":78,"play_id":"ee82943f-a006-4426-bba3-2bfb0e853d8d","is_prod":false,"is_daily":false,"campfire_rituals":0,"campfire_upgraded":4,"is_hardmode":false,"path_taken":["M","?","?","?","?","R","?","?","T","M","R","M","M","M","R","BOSS","M","?","M","M","$","R","E","M","T","M","$","?","?","M","R","BOSS"],"build_version":"2018-01-18-PROD4","purchased_purges":1,"victory":false,"master_deck":["Strike_R","Strike_R","Strike_R","Strike_R","Defend_R","Defend_R","Defend_R","Defend_R","Bash","Offering","Anger","Demon Form","Heavy Blade","Shockwave","Iron Wave","Double Tap","Flex","Fiend Fire","Injury","Writhe","Iron Wave","Thunderclap","Combust","Feel No Pain","Sword Boomerang","Blood for Blood","Headbutt","Armaments","Offering","Spot Weakness"],"max_hp_per_floor":[80,80,80,80,80,80,80,80,80,80,80,80,80,80,80,80,80,80,85,85,85,85,85,85,85,85,85,85,85,85,85,85],"relics":["Burning Blood","Bag of Marbles","Kunai","Magic Flower","Prayer Wheel","Calling Bell","Pen Nib","Anchor","Centennial Puzzle","Blue Candle","Self Forming Clay","Ancient Tea Set"],"campfire_meditates":0,"card_choices":[{"not_picked":["Flex","Feel No Pain"],"picked":"Anger"},{"not_picked":["Clothesline","Rage"],"picked":"Demon Form"},{"not_picked":["Warcry","Thunderclap"],"picked":"Heavy Blade"},{"not_picked":["Rage","Havoc"],"picked":"Shockwave"},{"not_picked":["Rupture","Anger"],"picked":"Iron Wave"},{"not_picked":["Searing Blow","Wild Strike"],"picked":"Double Tap"},{"not_picked":["Warcry","Bloodletting"],"picked":"Flex"},{"not_picked":["Impervious","Bludgeon"],"picked":"Fiend Fire"},{"not_picked":["Wild Strike","Impervious"],"picked":"Iron Wave"},{"not_picked":["Havoc","Warcry"],"picked":"Thunderclap"},{"not_picked":["Clash","Heavy Blade"],"picked":"Combust"},{"not_picked":["Armaments","Disarm"],"picked":"Sword Boomerang"},{"not_picked":["Rage","Corruption"],"picked":"Blood for Blood"},{"not_picked":["Juggernaut","Thunderclap"],"picked":"Headbutt"},{"not_picked":["Combust","Clothesline"],"picked":"Spot Weakness"}],"player_experience":84347,"potions_floor_usage":[14,16,16,24,24],"damage_taken":[{"damage":13,"enemies":"Blue Slaver","floor":1,"turns":3},{"damage":7,"enemies":"Small Slimes","floor":2,"turns":3},{"damage":7,"enemies":"Jaw Worm","floor":8,"turns":3},{"damage":5,"enemies":"Exordium Thugs","floor":10,"turns":3},{"damage":4,"enemies":"3 Louse","floor":12,"turns":3},{"damage":4,"enemies":"Looter","floor":13,"turns":2},{"damage":7,"enemies":"Lots of Slimes","floor":14,"turns":4},{"damage":17,"enemies":"Hexaghost","floor":16,"turns":6},{"damage":13,"enemies":"3 Byrds","floor":18,"turns":5},{"damage":2,"enemies":"Shell Parasite","floor":20,"turns":3},{"damage":25,"enemies":"Snake Plant","floor":21,"turns":4},{"damage":39,"enemies":"Book of Stabbing","floor":24,"turns":4},{"damage":9,"enemies":"Centurion and Healer","floor":25,"turns":4},{"damage":6,"enemies":"Chosen and Byrds","floor":27,"turns":4},{"damage":10,"enemies":"Snecko","floor":31,"turns":3},{"damage":57,"enemies":"Automaton","floor":33,"turns":6}],"event_choices":[{"event_name":"Shining Light","player_choice":"Entered Light","floor":3,"damage_taken":0},{"event_name":"Scrap Ooze","player_choice":"success","floor":4,"damage_taken":7},{"event_name":"Accursed Blacksmith","player_choice":"Rummage","floor":5,"damage_taken":0},{"event_name":"Forgotten Altar","player_choice":"Shed Blood","floor":19,"damage_taken":0},{"event_name":"Duplicator","player_choice":"One dupe","floor":29,"damage_taken":0},{"event_name":"Back to Basics","player_choice":"Simplicity","floor":30,"damage_taken":0}],"boss_relics":[{"not_picked":["Runic Pyramid","Lizard Tail"],"picked":"Calling Bell"}],"potions_floor_spawned":[10,12,14,20,21],"seed_played":"-6396993453961855888","killed_by":"Automaton","is_trial":false}