{"gold_per_floor":[20,20,31,48,68,68,93,93,93,120,133,133,133,168,168,168],"floor_reached":16,"playtime":768,"items_purged":[],"score":240,"play_id":"ff6ebcf2-8342-4059-b8c8-9c2b3c369d32","local_time":"20190516184145","is_ascension_mode":true,"campfire_choices":[{"data":"Footwork","floor":6,"key":"SMITH"},{"floor":8,"key":"REST"},{"floor":12,"key":"REST"},{"floor":15,"key":"REST"}],"neow_cost":"NO_GOLD","seed_source_timestamp":2175987294715025,"circlet_count":0,"master_deck":["AscendersBane","Defend_G","Defend_G","Defend_G","Defend_G","Defend_G","Strike_G","Strike_G","Strike_G","Strike_G","Strike_G","Survivor","Neutralize","Night Terror","Backstab+1","Footwork+1","Leg Sweep","Heel Hook","Backflip","Backflip","PiercingWail","Finisher"],"relics":["Ring of the Snake","Smiling Mask","Boot","Ninja Scroll","Kunai","Tingsha"],"potions_floor_usage":[7,10,11,16],"damage_taken":[{"damage":2,"enemies":"Small Slimes","floor":1,"turns":5},{"damage":2,"enemies":"Jaw Worm","floor":3,"turns":5},{"damage":0,"enemies":"2 Louse","floor":4,"turns":3},{"damage":3,"enemies":"Looter","floor":5,"turns":5},{"damage":45,"enemies":"Gremlin Nob","floor":7,"turns":7},{"damage":25,"enemies":"Lagavulin","floor":10,"turns":11},{"damage":4,"enemies":"Large Slime","floor":11,"turns":6},{"damage":30,"enemies":"Gremlin Nob","floor":14,"turns":6},{"damage":20,"enemies":"Hexaghost","floor":16,"turns":19}],"seed_played":"3676726039047081328","potions_obtained":[{"floor":1,"key":"Weak Potion"},{"floor":5,"key":"Strength Potion"},{"floor":10,"key":"Regen Potion"},{"floor":14,"key":"GamblersBrew"}],"is_trial":false,"path_per_floor":["M","?","M","M","M","R","E","R","T","E","M","R","T","E","R","B"],"character_chosen":"THE_SILENT","items_purchased":[],"campfire_rested":3,"item_purchase_floors":[],"current_hp_per_floor":[57,57,55,55,52,52,7,26,26,1,12,31,31,1,20,0],"gold":168,"neow_bonus":"THREE_RARE_CARDS","is_prod":false,"is_daily":false,"chose_seed":false,"campfire_upgraded":1,"win_rate":0,"timestamp":1558024905,"path_taken":["M","?","M","M","M","R","E","R","T","E","M","R","?","E","R","BOSS"],"build_version":"2019-05-07","purchased_purges":0,"victory":false,"max_hp_per_floor":[66,66,66,66,66,66,66,66,66,66,66,66,66,66,66,66],"card_choices":[{"not_picked":["Venomology","Phantasmal Killer"],"picked":"Night Terror","floor":0},{"not_picked":["Predator","Quick Slash"],"picked":"Backstab","floor":1},{"not_picked":["Dagger Throw","Dodge and Roll"],"picked":"Footwork","floor":3},{"not_picked":["PiercingWail","Concentrate"],"picked":"Leg Sweep","floor":4},{"not_picked":["Prepared","Eviscerate"],"picked":"Heel Hook","floor":5},{"not_picked":["Heel Hook","Cloak And Dagger"],"picked":"Backflip","floor":7},{"not_picked":["Heel Hook","Expertise"],"picked":"Backflip","floor":10},{"not_picked":["Envenom","Choke"],"picked":"PiercingWail","floor":11},{"not_picked":["Dagger Throw","PiercingWail"],"picked":"Finisher","floor":14}],"player_experience":1993464,"relics_obtained":[{"floor":7,"key":"Smiling Mask"},{"floor":9,"key":"Boot"},{"floor":10,"key":"Ninja Scroll"},{"floor":13,"key":"Kunai"},{"floor":14,"key":"Tingsha"}],"event_choices":[{"damage_healed":0,"gold_gain":0,"player_choice":"Grow","damage_taken":0,"max_hp_gain":0,"max_hp_loss":0,"event_name":"Living Wall","floor":2,"gold_loss":0,"cards_upgraded":["Backstab"]}],"is_beta":true,"boss_relics":[],"items_purged_floors":[],"is_endless":false,"potions_floor_spawned":[1,5,10,14],"killed_by":"Hexaghost","ascension_level":20}