{"gold_per_floor":[117,92,92,92,167,211,211,211,211,211,225,264,264,118,118,118],"floor_reached":16,"playtime":473,"items_purged":["Strike_B"],"score":231,"play_id":"812fcf5c-9c1d-4acf-a97d-9e05e78e75b7","local_time":"20190429135329","is_ascension_mode":true,"campfire_choices":[{"data":"Leap","floor":10,"key":"SMITH"},{"data":"Self Repair","floor":13,"key":"SMITH"},{"data":"Fusion","floor":15,"key":"SMITH"}],"neow_cost":"NONE","seed_source_timestamp":690185462498089,"circlet_count":0,"master_deck":["AscendersBane","Strike_B","Strike_B","Defend_B","Defend_B","Defend_B","Defend_B","Zap","Dualcast","FTL","Hologram","Leap+1","Fusion+1","Self Repair+1","Doom and Gloom"],"relics":["Cracked Core","NeowsBlessing","Golden Idol","Pear","PreservedInsect","Pen Nib"],"potions_floor_usage":[12],"damage_taken":[{"damage":0,"enemies":"Cultist","floor":1,"turns":1},{"damage":0,"enemies":"Lagavulin","floor":6,"turns":1},{"damage":0,"enemies":"Small Slimes","floor":11,"turns":1},{"damage":6,"enemies":"Gremlin Nob","floor":12,"turns":3},{"damage":45,"enemies":"Hexaghost","floor":16,"turns":9}],"seed_played":"-3422104869818508388","potions_obtained":[{"floor":11,"key":"AttackPotion"},{"floor":12,"key":"SmokeBomb"}],"is_trial":false,"path_per_floor":["M","$","$","?","?","E","?","?","T","R","M","E","R","$","R","B"],"character_chosen":"DEFECT","items_purchased":["Hologram","Doom and Gloom"],"campfire_rested":0,"item_purchase_floors":[2,14],"current_hp_per_floor":[68,68,68,50,39,49,42,47,47,47,47,41,41,41,41,0],"gold":118,"neow_bonus":"THREE_ENEMY_KILL","is_prod":false,"is_daily":false,"chose_seed":false,"campfire_upgraded":3,"win_rate":0,"timestamp":1556538809,"path_taken":["M","?","$","?","?","E","?","?","T","R","?","E","R","$","R","BOSS"],"build_version":"2019-04-23","purchased_purges":1,"victory":false,"max_hp_per_floor":[75,75,75,75,75,85,85,90,90,90,90,90,90,90,90,90],"card_choices":[{"not_picked":["Streamline","Force Field"],"picked":"FTL","floor":1},{"not_picked":["Stack","Steam"],"picked":"Leap","floor":6},{"not_picked":["Double Energy","Hologram"],"picked":"Fusion","floor":11},{"not_picked":["Lockon","Glacier"],"picked":"Self Repair","floor":12}],"player_experience":1314848,"relics_obtained":[{"floor":6,"key":"Pear"},{"floor":9,"key":"PreservedInsect"},{"floor":12,"key":"Pen Nib"}],"event_choices":[{"damage_healed":0,"gold_gain":0,"player_choice":"Take Damage","damage_taken":18,"relics_obtained":["Golden Idol"],"max_hp_gain":0,"max_hp_loss":0,"event_name":"Golden Idol","floor":4,"gold_loss":0},{"damage_healed":0,"gold_gain":75,"player_choice":"Gather Gold","damage_taken":11,"max_hp_gain":0,"max_hp_loss":0,"event_name":"World of Goop","floor":5,"gold_loss":0},{"cards_removed":["Strike_B"],"damage_healed":0,"gold_gain":0,"player_choice":"Card Removal","damage_taken":7,"max_hp_gain":0,"max_hp_loss":0,"event_name":"Golden Wing","floor":7,"gold_loss":0},{"damage_healed":0,"gold_gain":0,"player_choice":"Donut","damage_taken":0,"max_hp_gain":5,"max_hp_loss":0,"event_name":"Big Fish","floor":8,"gold_loss":0}],"is_beta":true,"boss_relics":[],"items_purged_floors":[14],"is_endless":false,"potions_floor_spawned":[11,12],"killed_by":"Hexaghost","ascension_level":12}