{"gold_per_floor":[115,115,115,133,133,133,158,158,158,158],"floor_reached":10,"playtime":177,"items_purged":[],"score":178,"play_id":"ed0baa99-a2cb-4d4f-8852-3900865d7985","local_time":"20190519164324","is_ascension_mode":true,"campfire_choices":[{"floor":6,"key":"REST"},{"data":"Dash","floor":8,"key":"SMITH"}],"neow_cost":"NONE","seed_source_timestamp":2428675916799046,"circlet_count":0,"master_deck":["AscendersBane","Defend_G+1","Defend_G","Defend_G","Defend_G","Defend_G","Strike_G","Strike_G","Strike_G","Strike_G","Strike_G+1","Survivor","Neutralize","Dodge and Roll","Dash+1"],"relics":["Ring of the Snake","NeowsBlessing","Ancient Tea Set","Strawberry","Girya"],"potions_floor_usage":[10],"damage_taken":[{"damage":0,"enemies":"Small Slimes","floor":1,"turns":1},{"damage":0,"enemies":"Jaw Worm","floor":4,"turns":1},{"damage":0,"enemies":"Gremlin Nob","floor":7,"turns":1},{"damage":55,"enemies":"Lagavulin","floor":10,"turns":9}],"seed_played":"-2233562292262191852","potions_obtained":[{"floor":4,"key":"AttackPotion"}],"is_trial":false,"path_per_floor":["M","?","?","M","?","R","E","R","T","E"],"character_chosen":"THE_SILENT","items_purchased":[],"campfire_rested":1,"item_purchase_floors":[],"current_hp_per_floor":[59,64,38,38,17,38,45,45,45,0],"gold":158,"neow_bonus":"THREE_ENEMY_KILL","is_prod":false,"is_daily":false,"chose_seed":false,"campfire_upgraded":1,"win_rate":0,"timestamp":1558277004,"path_taken":["M","?","?","M","?","R","E","R","T","E"],"build_version":"2019-05-07","purchased_purges":0,"victory":false,"max_hp_per_floor":[66,71,71,71,71,71,78,78,78,78],"card_choices":[{"not_picked":["Bane","Quick Slash"],"picked":"Dodge and Roll","floor":1},{"not_picked":["Slice","Sucker Punch"],"picked":"Dash","floor":4},{"not_picked":["Tactician","Prepared","Catalyst"],"picked":"SKIP","floor":7}],"player_experience":2047057,"relics_obtained":[{"floor":7,"key":"Strawberry"},{"floor":9,"key":"Girya"}],"event_choices":[{"damage_healed":0,"gold_gain":0,"player_choice":"Donut","damage_taken":0,"max_hp_gain":5,"max_hp_loss":0,"event_name":"Big Fish","floor":2,"gold_loss":0},{"damage_healed":0,"gold_gain":0,"player_choice":"Success","damage_taken":26,"relics_obtained":["Ancient Tea Set"],"max_hp_gain":0,"max_hp_loss":0,"event_name":"Scrap Ooze","floor":3,"gold_loss":0},{"damage_healed":0,"gold_gain":0,"player_choice":"Entered Light","damage_taken":21,"max_hp_gain":0,"max_hp_loss":0,"event_name":"Shining Light","floor":5,"gold_loss":0,"cards_upgraded":["Strike_G","Defend_G"]}],"is_beta":true,"boss_relics":[],"items_purged_floors":[],"is_endless":false,"potions_floor_spawned":[4],"killed_by":"Lagavulin","ascension_level":20}