{"gold_per_floor":[214,228,228,16,31,59,59,59,59,59,73,73,15,34,34,111,161,177,102,122,68,86,86],"floor_reached":23,"playtime":944,"items_purged":["Strike_R"],"score":315,"play_id":"b90a3d76-27f2-47f3-81e8-40421955fe1a","local_time":"20190428110116","is_ascension_mode":true,"campfire_choices":[{"data":"Uppercut","floor":7,"key":"SMITH"},{"data":"Iron Wave","floor":12,"key":"SMITH"},{"data":"Clothesline","floor":15,"key":"SMITH"}],"neow_cost":"NONE","seed_source_timestamp":592981894012613,"circlet_count":0,"master_deck":["AscendersBane","Strike_R","Defend_R","Defend_R","Defend_R","Defend_R+1","Bash","Iron Wave+1","Metallicize","Uppercut+1","Combust","Wild Strike","Clothesline+1","Rage+1","Spot Weakness+1","Spot Weakness+1","Feed","Seeing Red+1","Shrug It Off+1","Armaments+1","Rupture","Rupture"],"relics":["Burning Blood","Calipers","Toxic Egg 2","The Courier","Tiny House"],"potions_floor_usage":[18,23],"damage_taken":[{"damage":2,"enemies":"Jaw Worm","floor":1,"turns":3},{"damage":6,"enemies":"Cultist","floor":2,"turns":5},{"damage":11,"enemies":"2 Louse","floor":5,"turns":2},{"damage":21,"enemies":"3 Sentries","floor":6,"turns":6},{"damage":12,"enemies":"2 Fungi Beasts","floor":11,"turns":3},{"damage":11,"enemies":"Lots of Slimes","floor":14,"turns":3},{"damage":19,"enemies":"Hexaghost","floor":16,"turns":9},{"damage":16,"enemies":"Spheric Guardian","floor":18,"turns":4},{"damage":0,"enemies":"Shell Parasite","floor":20,"turns":9},{"damage":33,"enemies":"Chosen and Byrds","floor":22,"turns":8},{"damage":58,"enemies":"Slavers","floor":23,"turns":4}],"seed_played":"7599713080154045881","potions_obtained":[{"floor":6,"key":"Fire Potion"},{"floor":11,"key":"Weak Potion"},{"floor":20,"key":"Block Potion"}],"is_trial":false,"path_per_floor":["M","M","?","$","M","E","R","?","T","?","M","R","$","M","R","B",null,"M","?","M","$","M","E"],"character_chosen":"IRONCLAD","items_purchased":["Uppercut","Combust","Spot Weakness+1","Rupture"],"campfire_rested":0,"item_purchase_floors":[4,4,13,21],"current_hp_per_floor":[76,76,76,76,71,56,56,49,49,49,43,43,43,38,38,25,71,64,64,73,73,46,0],"gold":86,"neow_bonus":"HUNDRED_GOLD","is_prod":false,"is_daily":false,"chose_seed":false,"campfire_upgraded":3,"win_rate":0,"timestamp":1556442076,"path_taken":["M","M","?","$","?","E","R","?","T","?","?","R","$","M","R","BOSS","M","?","M","$","M","E"],"build_version":"2019-04-23","purchased_purges":1,"victory":false,"max_hp_per_floor":[80,80,80,80,80,80,80,80,80,80,80,80,80,80,80,80,85,88,88,91,91,91,91],"card_choices":[{"not_picked":["Disarm","Bloodletting"],"picked":"Iron Wave","floor":1},{"not_picked":["Sever Soul","Heavy Blade"],"picked":"Metallicize","floor":2},{"not_picked":["Corruption","Anger"],"picked":"Wild Strike","floor":5},{"not_picked":["Sever Soul","Perfected Strike","Clash"],"picked":"SKIP","floor":6},{"not_picked":["Headbutt","Havoc+1"],"picked":"Rage+1","floor":11},{"not_picked":["Anger","Searing Blow"],"picked":"Spot Weakness+1","floor":14},{"not_picked":["Dark Embrace","Berserk"],"picked":"Feed","floor":16},{"not_picked":["Searing Blow","Feel No Pain"],"picked":"Seeing Red+1","floor":17},{"not_picked":["Battle Trance+1","Second Wind+1"],"picked":"Shrug It Off+1","floor":18},{"not_picked":["Perfected Strike","Twin Strike"],"picked":"Armaments+1","floor":20},{"not_picked":["Feel No Pain","Second Wind+1"],"picked":"Rupture","floor":22}],"player_experience":1267173,"relics_obtained":[{"floor":6,"key":"Calipers"},{"floor":9,"key":"The Courier"}],"event_choices":[{"cards_removed":["Strike_R"],"damage_healed":0,"gold_gain":0,"player_choice":"Offered Basic","damage_taken":0,"max_hp_gain":0,"max_hp_loss":0,"event_name":"Bonfire Elementals","floor":3,"gold_loss":0},{"damage_healed":0,"gold_gain":0,"player_choice":"Success","damage_taken":7,"relics_obtained":["Toxic Egg 2"],"max_hp_gain":0,"max_hp_loss":0,"event_name":"Scrap Ooze","floor":8,"gold_loss":0},{"damage_healed":0,"gold_gain":0,"cards_transformed":["Strike_R"],"player_choice":"Transformed","damage_taken":0,"max_hp_gain":0,"max_hp_loss":0,"event_name":"Transmorgrifier","floor":10,"gold_loss":0,"cards_obtained":["Clothesline"]},{"cards_removed":["Strike_R"],"damage_healed":0,"gold_gain":0,"player_choice":"Gave Gold","damage_taken":0,"max_hp_gain":0,"max_hp_loss":0,"event_name":"Beggar","floor":19,"gold_loss":75}],"is_beta":true,"boss_relics":[{"not_picked":["Empty Cage","Lizard Tail"],"picked":"Tiny House"}],"items_purged_floors":[4],"is_endless":false,"potions_floor_spawned":[6,11,14,20,22],"killed_by":"Slavers","ascension_level":13}