{"gold_per_floor":[363,380,380,380,6,34,46,46,46,121,121,137,117,143,143,143],"floor_reached":16,"playtime":480,"items_purged":[],"score":216,"play_id":"5b151be0-89b9-4130-99c2-ddc6b67a761c","local_time":"20190514170836","is_ascension_mode":true,"campfire_choices":[{"data":"Bludgeon","floor":8,"key":"SMITH"},{"data":"Disarm","floor":11,"key":"SMITH"},{"data":"Clothesline","floor":15,"key":"SMITH"}],"neow_cost":"PERCENT_DAMAGE","seed_source_timestamp":1997886280957580,"circlet_count":0,"master_deck":["AscendersBane","Strike_R","Strike_R","Strike_R","Strike_R","Strike_R","Defend_R","Defend_R","Defend_R","Defend_R","Bash+1","Anger","Clothesline+1","Disarm+1","Shrug It Off","Bludgeon+1","Shrug It Off"],"relics":["Burning Blood","OrangePellets","Unceasing Top","Singing Bowl","Magic Flower"],"potions_floor_usage":[6,12,14],"damage_taken":[{"damage":4,"enemies":"2 Louse","floor":1,"turns":3},{"damage":8,"enemies":"Small Slimes","floor":2,"turns":5},{"damage":49,"enemies":"3 Sentries","floor":6,"turns":10},{"damage":1,"enemies":"Cultist","floor":7,"turns":3},{"damage":9,"enemies":"Exordium Thugs","floor":12,"turns":4},{"damage":8,"enemies":"Lagavulin","floor":14,"turns":5},{"damage":17,"enemies":"Hexaghost","floor":16,"turns":8}],"seed_played":"2678847427598353210","potions_obtained":[{"floor":1,"key":"Fire Potion"},{"floor":2,"key":"Energy Potion"},{"floor":6,"key":"SpeedPotion"},{"floor":13,"key":"AttackPotion"}],"is_trial":false,"path_per_floor":["M","M","?","?","$","E","M","R","T","?","R","M","?","E","R","B"],"character_chosen":"IRONCLAD","items_purchased":["Disarm","OrangePellets","Shrug It Off"],"campfire_rested":0,"item_purchase_floors":[5,5,5],"current_hp_per_floor":[52,50,50,55,55,12,17,17,17,17,17,16,16,16,16,0],"gold":143,"neow_bonus":"TWO_FIFTY_GOLD","is_prod":false,"is_daily":false,"chose_seed":false,"campfire_upgraded":3,"win_rate":0,"timestamp":1557846516,"path_taken":["M","M","?","?","$","E","M","R","T","?","R","M","?","E","R","BOSS"],"build_version":"2019-05-07","purchased_purges":0,"victory":false,"max_hp_per_floor":[75,75,75,80,80,80,80,80,80,80,80,82,82,84,84,84],"card_choices":[{"not_picked":["Sever Soul","Burning Pact"],"picked":"Anger","floor":1},{"not_picked":["Havoc","Feel No Pain"],"picked":"Clothesline","floor":2},{"not_picked":["Metallicize","Flex"],"picked":"Bludgeon","floor":6},{"not_picked":["Fire Breathing","Ghostly Armor"],"picked":"Shrug It Off","floor":7},{"not_picked":["Cleave","Twin Strike","Sword Boomerang"],"picked":"Singing Bowl","floor":12},{"not_picked":["Bloodletting","Anger","Dark Embrace"],"picked":"Singing Bowl","floor":14}],"player_experience":1891753,"relics_obtained":[{"floor":6,"key":"Unceasing Top"},{"floor":9,"key":"Singing Bowl"},{"floor":14,"key":"Magic Flower"}],"event_choices":[{"damage_healed":0,"gold_gain":0,"player_choice":"Grow","damage_taken":0,"max_hp_gain":0,"max_hp_loss":0,"event_name":"Living Wall","floor":3,"gold_loss":0,"cards_upgraded":["Bash"]},{"damage_healed":0,"gold_gain":0,"player_choice":"Donut","damage_taken":0,"max_hp_gain":5,"max_hp_loss":0,"event_name":"Big Fish","floor":4,"gold_loss":0},{"damage_healed":0,"gold_gain":75,"player_choice":"Gained Gold","damage_taken":0,"max_hp_gain":0,"max_hp_loss":0,"event_name":"Golden Wing","floor":10,"gold_loss":0},{"damage_healed":0,"gold_gain":0,"player_choice":"Bought 1 Potion","damage_taken":0,"max_hp_gain":0,"max_hp_loss":0,"event_name":"The Woman in Blue","floor":13,"gold_loss":0}],"is_beta":true,"boss_relics":[],"items_purged_floors":[],"is_endless":false,"potions_floor_spawned":[1,2,6],"killed_by":"Hexaghost","ascension_level":20}