{"gold_per_floor":[114,131,131,56,72,72,101,101,101,101],"floor_reached":10,"playtime":366,"items_purged":[],"score":129,"play_id":"afe97e5d-6018-4154-ae4e-dfbbeafb984a","local_time":"20190511102131","is_ascension_mode":true,"campfire_choices":[{"data":"Defragment","floor":6,"key":"SMITH"}],"neow_cost":"CURSE","seed_source_timestamp":1714374815146974,"circlet_count":0,"master_deck":["AscendersBane","Strike_B","Defend_B","Defend_B","Defend_B","Defend_B","Zap","Dualcast","Defragment+1","Reprogram","Conserve Battery","Glacier","Self Repair","Stack","Self Repair"],"relics":["Cracked Core","Unceasing Top","Turnip"],"potions_floor_usage":[],"damage_taken":[{"damage":5,"enemies":"Small Slimes","floor":1,"turns":3},{"damage":0,"enemies":"2 Louse","floor":2,"turns":3},{"damage":5,"enemies":"Cultist","floor":5,"turns":4},{"damage":16,"enemies":"3 Sentries","floor":7,"turns":17},{"damage":82,"enemies":"Gremlin Nob","floor":10,"turns":6}],"seed_played":"-6794458768243308850","potions_obtained":[{"floor":7,"key":"LiquidBronze"}],"is_trial":false,"path_per_floor":["M","M","?","?","M","R","E","?","T","E"],"character_chosen":"DEFECT","items_purchased":[],"campfire_rested":0,"item_purchase_floors":[],"current_hp_per_floor":[59,59,64,64,59,59,50,50,50,0],"gold":101,"neow_bonus":"TRANSFORM_TWO_CARDS","is_prod":false,"is_daily":false,"chose_seed":false,"campfire_upgraded":1,"win_rate":0,"timestamp":1557562891,"path_taken":["M","M","?","?","M","R","E","?","T","E"],"build_version":"2019-05-07","purchased_purges":0,"victory":false,"max_hp_per_floor":[71,71,76,76,76,76,76,76,76,76],"card_choices":[{"not_picked":["Go for the Eyes","Gash"],"picked":"Conserve Battery","floor":1},{"not_picked":["Conserve Battery","Streamline"],"picked":"Glacier","floor":2},{"not_picked":["Gash","Static Discharge"],"picked":"Self Repair","floor":5},{"not_picked":["Barrage","Leap"],"picked":"Stack","floor":7}],"player_experience":1772342,"relics_obtained":[{"floor":7,"key":"Unceasing Top"},{"floor":9,"key":"Turnip"}],"event_choices":[{"damage_healed":0,"gold_gain":0,"player_choice":"Donut","damage_taken":0,"max_hp_gain":5,"max_hp_loss":0,"event_name":"Big Fish","floor":3,"gold_loss":0},{"cards_removed":["Decay"],"damage_healed":0,"gold_gain":0,"player_choice":"Card Removal","damage_taken":0,"max_hp_gain":0,"max_hp_loss":0,"event_name":"The Cleric","floor":4,"gold_loss":75},{"damage_healed":0,"gold_gain":0,"cards_transformed":["Strike_B"],"player_choice":"Transformed","damage_taken":0,"max_hp_gain":0,"max_hp_loss":0,"event_name":"Transmorgrifier","floor":8,"gold_loss":0,"cards_obtained":["Self Repair"]}],"is_beta":true,"boss_relics":[],"items_purged_floors":[],"is_endless":false,"potions_floor_spawned":[7],"killed_by":"Gremlin Nob","ascension_level":19}