{"gold_per_floor":[112,129,129,129,147,147,167,167,167,185,198,227,40,51,51,128,128,146,157,176,89,105,105,131,146,146,146,177,177,193,208,208,279,279,293,138,152,164,180,180,180,180,207,226,240,240,265,287,299,311,323,335,69,94,94],"floor_reached":55,"playtime":9947,"items_purged":["Strike_G","Strike_G"],"score":1555,"play_id":"e585062e-29e9-474c-ad96-fb9e3cc28134","local_time":"20190510160223","is_ascension_mode":true,"campfire_choices":[{"data":"Noxious Fumes","floor":6,"key":"SMITH"},{"data":"PiercingWail","floor":8,"key":"SMITH"},{"floor":15,"key":"REST"},{"data":"Dash","floor":23,"key":"SMITH"},{"data":"Footwork","floor":27,"key":"SMITH"},{"data":"Caltrops","floor":29,"key":"SMITH"},{"data":"Noxious Fumes","floor":32,"key":"SMITH"},{"floor":40,"key":"RECALL"},{"data":"Noxious Fumes","floor":42,"key":"SMITH"},{"data":"Neutralize","floor":49,"key":"SMITH"},{"data":"Well Laid Plans","floor":52,"key":"SMITH"}],"neow_cost":"NONE","seed_source_timestamp":1638777920975959,"circlet_count":0,"master_deck":["AscendersBane","Defend_G","Defend_G","Defend_G","Defend_G","Defend_G","Survivor","Neutralize+1","PiercingWail+1","Noxious Fumes+1","Expertise","Deflect+1","Crippling Poison+1","Poisoned Stab","Well Laid Plans+1","Noxious Fumes+1","Cloak And Dagger+1","Noxious Fumes+1","Malaise+1","Blur+1","Die Die Die+1","Footwork+1","Dash+1","Cloak And Dagger+1","Well Laid Plans","Cloak And Dagger+1","Footwork+1","Caltrops+1","Dodge and Roll+1","Well Laid Plans","Cloak And Dagger+1","Backflip+1","Escape Plan+1","Parasite","Acrobatics+1","Outmaneuver+1","Leg Sweep+1","Acrobatics+1","Leg Sweep+1","Bouncing Flask+1","Prepared+1"],"relics":["Ring of the Snake","Toxic Egg 2","Mummified Hand","Bird Faced Urn","Astrolabe","Boot","Sundial","Sozu","Vajra","MawBank","Bag of Marbles","Centennial Puzzle"],"potions_floor_usage":[30,33],"damage_taken":[{"damage":1,"enemies":"Cultist","floor":1,"turns":4},{"damage":9,"enemies":"Small Slimes","floor":2,"turns":5},{"damage":3,"enemies":"2 Louse","floor":5,"turns":4},{"damage":3,"enemies":"Blue Slaver","floor":7,"turns":6},{"damage":7,"enemies":"Large Slime","floor":10,"turns":6},{"damage":8,"enemies":"2 Fungi Beasts","floor":11,"turns":4},{"damage":26,"enemies":"3 Sentries","floor":12,"turns":7},{"damage":0,"enemies":"Red Slaver","floor":14,"turns":3},{"damage":32,"enemies":"The Guardian","floor":16,"turns":10},{"damage":0,"enemies":"3 Byrds","floor":18,"turns":3},{"damage":16,"enemies":"2 Thieves","floor":19,"turns":4},{"damage":10,"enemies":"Snecko","floor":20,"turns":6},{"damage":7,"enemies":"Snake Plant","floor":22,"turns":4},{"damage":20,"enemies":"Gremlin Leader","floor":24,"turns":8},{"damage":15,"enemies":"Centurion and Healer","floor":25,"turns":6},{"damage":7,"enemies":"Book of Stabbing","floor":28,"turns":6},{"damage":8,"enemies":"Snecko","floor":30,"turns":6},{"damage":1,"enemies":"Chosen and Byrds","floor":31,"turns":7},{"damage":0,"enemies":"Automaton","floor":33,"turns":11},{"damage":0,"enemies":"Orb Walker","floor":35,"turns":5},{"damage":0,"enemies":"3 Shapes","floor":37,"turns":3},{"damage":2,"enemies":"Writhing Mass","floor":38,"turns":7},{"damage":0,"enemies":"Maw","floor":39,"turns":9},{"damage":7,"enemies":"Sphere and 2 Shapes","floor":44,"turns":6},{"damage":0,"enemies":"4 Shapes","floor":45,"turns":5},{"damage":0,"enemies":"Nemesis","floor":47,"turns":8},{"damage":10,"enemies":"Maw","floor":48,"turns":9},{"damage":15,"enemies":"Donu and Deca","floor":50,"turns":12},{"damage":42,"enemies":"Shield and Spear","floor":54,"turns":8},{"damage":65,"enemies":"The Heart","floor":55,"turns":5}],"seed_played":"1514133838068258636","potions_obtained":[{"floor":1,"key":"Weak Potion"},{"floor":4,"key":"Ancient Potion"},{"floor":30,"key":"Strength Potion"},{"floor":31,"key":"Dexterity Potion"}],"is_trial":false,"path_per_floor":["M","M","T","?","M","R","M","R","T","M","M","E","$","M","R","B",null,"M","M","M","$","M","R","E","M","T","R","E","R","M","M","R","B",null,"M","$","M","M","M","R","?","R","T","M","M","?","E","M","R","B",null,"R","$","E","B"],"character_chosen":"THE_SILENT","items_purchased":["Noxious Fumes","Cloak And Dagger+1","Well Laid Plans","Backflip+1","Leg Sweep+1","Bag of Marbles","Bouncing Flask+1"],"campfire_rested":1,"item_purchase_floors":[13,13,21,36,53,53,53],"current_hp_per_floor":[58,49,49,49,46,46,43,43,43,36,28,2,2,6,25,1,50,56,46,46,46,51,51,43,40,40,40,45,45,53,64,64,66,66,66,66,66,66,66,66,66,66,66,61,66,66,66,66,66,59,64,64,64,40,0],"gold":94,"neow_bonus":"THREE_CARDS","is_prod":false,"is_daily":false,"chose_seed":false,"campfire_upgraded":9,"win_rate":0,"timestamp":1557496943,"path_taken":["M","M","?","?","M","R","M","R","T","M","M","E","$","?","R","BOSS","M","M","M","$","M","R","E","M","T","R","E","R","?","M","R","BOSS","M","$","M","M","M","R","?","R","T","M","M","?","E","M","R","BOSS","R","$","E","BOSS"],"build_version":"2019-05-07","purchased_purges":2,"victory":false,"max_hp_per_floor":[66,66,66,66,66,66,66,66,66,66,66,66,66,66,66,66,66,66,66,66,66,66,66,66,66,66,66,66,66,66,66,66,66,66,66,66,66,66,66,66,66,66,66,66,66,66,66,66,66,66,66,66,66,66,66],"card_choices":[{"not_picked":["Slice","Poisoned Stab"],"picked":"PiercingWail","floor":0},{"not_picked":["Caltrops","Poisoned Stab"],"picked":"Noxious Fumes","floor":1},{"not_picked":["Setup","Endless Agony"],"picked":"Expertise","floor":2},{"not_picked":["Slice","Well Laid Plans"],"picked":"Deflect+1","floor":5},{"not_picked":["Terror+1","PiercingWail+1"],"picked":"Crippling Poison+1","floor":7},{"not_picked":["Reflex+1","Doppelganger+1"],"picked":"Poisoned Stab","floor":10},{"not_picked":["PiercingWail+1","Dagger Throw"],"picked":"Bane","floor":11},{"not_picked":["Outmaneuver+1","Endless Agony"],"picked":"Well Laid Plans","floor":12},{"not_picked":["Dagger Spray","Flying Knee"],"picked":"Noxious Fumes","floor":14},{"not_picked":["A Thousand Cuts","Night Terror+1"],"picked":"Malaise+1","floor":16},{"not_picked":["Sucker Punch","Choke"],"picked":"Dash","floor":18},{"not_picked":["Expertise+1","Catalyst+1"],"picked":"Cloak And Dagger+1","floor":19},{"not_picked":["Underhanded Strike+1","Masterful Stab","Poisoned Stab"],"picked":"SKIP","floor":20},{"not_picked":["Bane","Dagger Spray","Flechettes"],"picked":"SKIP","floor":22},{"not_picked":["Calculated Gamble+1","Die Die Die"],"picked":"Cloak And Dagger+1","floor":24},{"not_picked":["Distraction+1","Calculated Gamble+1"],"picked":"Footwork","floor":25},{"not_picked":["Slice","PiercingWail+1"],"picked":"Caltrops","floor":28},{"not_picked":["Cloak And Dagger+1","Bouncing Flask+1"],"picked":"Dodge and Roll+1","floor":30},{"not_picked":["Catalyst+1","Skewer"],"picked":"Well Laid Plans","floor":31},{"not_picked":["Eviscerate","Sucker Punch"],"picked":"Cloak And Dagger+1","floor":35},{"not_picked":["Prepared+1","Backflip+1"],"picked":"Escape Plan+1","floor":37},{"not_picked":["Sucker Punch","Bane"],"picked":"Acrobatics+1","floor":38},{"not_picked":["Poisoned Stab","Backstab+1"],"picked":"Outmaneuver+1","floor":39},{"not_picked":["Deadly Poison+1","Blur+1"],"picked":"Leg Sweep+1","floor":44},{"not_picked":["Outmaneuver+1","Deflect+1","Setup+1"],"picked":"SKIP","floor":45},{"not_picked":["Outmaneuver+1","Bouncing Flask+1","Concentrate+1"],"picked":"SKIP","floor":47},{"not_picked":["Deflect+1","Cloak And Dagger+1"],"picked":"Acrobatics+1","floor":48},{"not_picked":["Concentrate+1","Dagger Spray"],"picked":"Prepared+1","floor":54}],"player_experience":1699890,"relics_obtained":[{"floor":3,"key":"Toxic Egg 2"},{"floor":9,"key":"Mummified Hand"},{"floor":12,"key":"Bird Faced Urn"},{"floor":24,"key":"Boot"},{"floor":28,"key":"Sundial"},{"floor":43,"key":"Vajra"},{"floor":47,"key":"MawBank"},{"floor":54,"key":"Centennial Puzzle"}],"event_choices":[{"damage_healed":0,"gold_gain":0,"player_choice":"Got Potions","damage_taken":0,"max_hp_gain":0,"max_hp_loss":0,"event_name":"Lab","floor":4,"gold_loss":0},{"cards_removed":["Bane"],"damage_healed":0,"gold_gain":0,"player_choice":"Removed Attack","damage_taken":0,"max_hp_gain":0,"max_hp_loss":0,"event_name":"Falling","floor":41,"gold_loss":0},{"damage_healed":0,"gold_gain":0,"player_choice":"Ignored","damage_taken":0,"max_hp_gain":0,"max_hp_loss":0,"event_name":"Tomb of Lord Red Mask","floor":46,"gold_loss":0}],"is_beta":true,"boss_relics":[{"not_picked":["Empty Cage","Velvet Choker"],"picked":"Astrolabe"},{"not_picked":["Snecko Eye","Busted Crown"],"picked":"Sozu"}],"items_purged_floors":[13,36],"is_endless":false,"potions_floor_spawned":[1,7,10,12,18,20,30,31,35,38,44,48],"killed_by":"The Heart","ascension_level":19}