{"path_per_floor":["M","M","M","M","M","E","M","M","T","?","M","M","R","M","R","B",null,"M","$","?","?","M","E","M","R","T","?","M","M","E","M","R","B",null,"M","?","?","M","T","R","E","M","T","M","R","M","M","M","R"],"character_chosen":"IRONCLAD","items_purchased":["Spot Weakness","Flex","Blood for Blood"],"gold_per_floor":[15,26,45,59,71,99,117,133,187,187,198,209,209,222,222,319,319,319,41,41,41,41,41,41,41,41,41,41,41,41,41,41,41,41,41,41,41,41,41,41,41,41,41,41,41,41,41,41,41],"floor_reached":50,"campfire_rested":2,"playtime":5441,"current_hp_per_floor":[80,80,80,80,80,80,80,80,80,73,74,80,80,80,80,72,80,80,80,80,80,80,80,80,80,80,65,67,77,78,80,80,62,85,55,45,45,60,60,60,29,60,60,38,78,65,31,26,66],"items_purged":["Strike_R"],"gold":41,"play_id":"53a454df-9fb0-4885-b734-8782c96e9b8d","is_prod":false,"is_daily":false,"campfire_rituals":0,"campfire_upgraded":5,"is_hardmode":false,"path_taken":["M","M","M","M","M","E","M","M","T","?","M","M","R","M","R","BOSS","M","$","?","?","M","E","M","R","T","?","?","M","E","?","R","BOSS","M","?","?","M","?","R","E","M","T","?","R","M","?","M","R","BOSS"],"build_version":"2018-01-18-PROD4","purchased_purges":1,"victory":false,"master_deck":["Strike_R","Strike_R","Defend_R","Defend_R","Bash","Shrug It Off","Twin Strike","Sword Boomerang","Flex","Reaper","Flex","Pommel Strike","Headbutt","Iron Wave","Rampage","Shockwave","Offering","Spot Weakness","Flex","Blood for Blood","Twin Strike","Dropkick","Thunderclap","Heavy Blade","Battle Trance","Blood for Blood","Fiend Fire","Sever Soul","Madness","Madness","Reaper","Pommel Strike","Headbutt","Double Tap","Anger","Seeing Red","Bludgeon"],"max_hp_per_floor":[80,80,80,80,80,80,80,80,80,80,80,80,80,80,80,80,80,80,80,80,80,80,80,80,80,80,85,85,85,85,85,85,85,85,85,85,85,85,85,85,85,85,85,85,85,85,85,85,85],"relics":["Burning Blood","Self Forming Clay","Lantern","Ectoplasm","Pantograph","Bag of Preparation","Darkstone Periapt","Philosopher\u0027s Stone","Unceasing Top","Regal Pillow","Old Coin"],"campfire_meditates":0,"card_choices":[{"not_picked":["Anger","Pommel Strike"],"picked":"Shrug It Off"},{"not_picked":["Dual Wield","Warcry"],"picked":"Twin Strike"},{"not_picked":["Fire Breathing","Twin Strike"],"picked":"Sword Boomerang"},{"not_picked":["Havoc","Pommel Strike"],"picked":"Flex"},{"not_picked":["Inflame","Twin Strike"],"picked":"Reaper"},{"not_picked":["Shrug It Off","Feel No Pain"],"picked":"Flex"},{"not_picked":["Hemokinesis","Perfected Strike"],"picked":"Pommel Strike"},{"not_picked":["Havoc","Armaments"],"picked":"Headbutt"},{"not_picked":["Corruption","Berserk"],"picked":"Iron Wave"},{"not_picked":["Iron Wave","Blood for Blood"],"picked":"Rampage"},{"not_picked":["True Grit","Headbutt"],"picked":"Shockwave"},{"not_picked":["Bludgeon","Barricade"],"picked":"Offering"},{"not_picked":["Perfected Strike","True Grit"],"picked":"Twin Strike"},{"not_picked":["Searing Blow","Rage"],"picked":"Dropkick"},{"not_picked":["Clash","Shrug It Off"],"picked":"Thunderclap"},{"not_picked":["Battle Trance","Clothesline"],"picked":"Heavy Blade"},{"not_picked":["Shrug It Off","True Grit"],"picked":"Battle Trance"},{"not_picked":["Clothesline","Thunderclap"],"picked":"Blood for Blood"},{"not_picked":["Immolate","Offering"],"picked":"Fiend Fire"},{"not_picked":["Armaments","Power Through"],"picked":"Sever Soul"},{"not_picked":["Iron Wave","Blood for Blood"],"picked":"Pommel Strike"},{"not_picked":["Rage","Flex"],"picked":"Headbutt"},{"not_picked":["Sentinel","Body Slam"],"picked":"Double Tap"},{"not_picked":["Perfected Strike","Havoc"],"picked":"Anger"},{"not_picked":["Sword Boomerang","Infernal Blade"],"picked":"Seeing Red"},{"not_picked":["Rage","Clash"],"picked":"Bludgeon"}],"player_experience":67599,"potions_floor_usage":[6,14,16,30,30,33,38,41,48,50],"damage_taken":[{"damage":6,"enemies":"Cultist","floor":1,"turns":3},{"damage":3,"enemies":"Jaw Worm","floor":2,"turns":3},{"damage":0,"enemies":"2 Louse","floor":3,"turns":2},{"damage":0,"enemies":"2 Fungi Beasts","floor":4,"turns":3},{"damage":0,"enemies":"Exordium Wildlife","floor":5,"turns":2},{"damage":0,"enemies":"Gremlin Nob","floor":6,"turns":2},{"damage":4,"enemies":"Looter","floor":7,"turns":3},{"damage":5,"enemies":"Gremlin Gang","floor":8,"turns":3},{"damage":5,"enemies":"Red Slaver","floor":11,"turns":2},{"damage":0,"enemies":"2 Fungi Beasts","floor":12,"turns":2},{"damage":0,"enemies":"Gremlin Gang","floor":14,"turns":3},{"damage":14,"enemies":"Slime Boss","floor":16,"turns":7},{"damage":4,"enemies":"Chosen","floor":18,"turns":3},{"damage":4,"enemies":"Spheric Guardian","floor":22,"turns":3},{"damage":6,"enemies":"Slavers","floor":23,"turns":5},{"damage":4,"enemies":"Snake Plant","floor":24,"turns":1},{"damage":4,"enemies":"Snecko","floor":28,"turns":2},{"damage":14,"enemies":"Centurion and Healer","floor":29,"turns":3},{"damage":17,"enemies":"Gremlin Leader","floor":30,"turns":3},{"damage":4,"enemies":"Snake Plant","floor":31,"turns":1},{"damage":29,"enemies":"Collector","floor":33,"turns":3},{"damage":36,"enemies":"3 Shapes","floor":35,"turns":2},{"damage":0,"enemies":"Orb Walker","floor":38,"turns":1},{"damage":45,"enemies":"2 Orb Walkers","floor":41,"turns":3},{"damage":11,"enemies":"3 Darklings","floor":42,"turns":4},{"damage":50,"enemies":"Maw","floor":44,"turns":6},{"damage":25,"enemies":"Sphere and 2 Shapes","floor":46,"turns":4},{"damage":40,"enemies":"3 Darklings","floor":47,"turns":3},{"damage":28,"enemies":"Maw","floor":48,"turns":5},{"damage":93,"enemies":"Time Eater","floor":50,"turns":7}],"event_choices":[{"event_name":"Golden Wing","player_choice":"Card Removal","floor":10,"damage_taken":0},{"event_name":"Addict","player_choice":"Ignored","floor":20,"damage_taken":0},{"event_name":"Bonfire Elementals","player_choice":"BASIC","floor":21,"damage_taken":0},{"event_name":"Forgotten Altar","player_choice":"Shed Blood","floor":27,"damage_taken":0},{"event_name":"Winding Halls","player_choice":"Embrace Madness","floor":36,"damage_taken":0},{"event_name":"Duplicator","player_choice":"One dupe","floor":37,"damage_taken":0}],"boss_relics":[{"not_picked":["Question Card","Tiny House"],"picked":"Ectoplasm"},{"not_picked":["Snecko Eye","Orrery"],"picked":"Philosopher\u0027s Stone"}],"potions_floor_spawned":[2,3,7,8,12,14,18,23,28,35,38,41,47,48],"seed_played":"8505963133052029719","killed_by":"Time Eater","is_trial":false}