{"gold_per_floor":[115,115,134,146,157,157,172,172,172,192,192,117,132,150,150,250,250,261,261,261,274,73,108,108,123,171,171,171],"floor_reached":28,"playtime":17812,"items_purged":["Strike_B"],"score":302,"play_id":"f6c5e63a-32ad-403c-91c6-efed9a980af6","local_time":"20181030193413","is_ascension_mode":true,"campfire_choices":[{"data":"Dualcast","floor":6,"key":"SMITH"},{"data":"Zap","floor":8,"key":"SMITH"},{"data":"Hologram","floor":11,"key":"SMITH"},{"data":"Skim","floor":15,"key":"SMITH"},{"floor":24,"key":"REST"}],"neow_cost":"NONE","seed_source_timestamp":46695775759400,"circlet_count":0,"master_deck":["Zap+1","Dualcast+1","Gash","BootSequence","Rebound","Hologram+1","Conserve Battery","White Noise","Ball Lightning","Gash","Skim+1","Buffer","Redo","Beam Cell","Hologram","Steam","Compile Driver","Steam Power","Redo","Rebound+1","Go for the Eyes+1","Hologram"],"relics":["Cracked Core","Darkstone Periapt","Pandora\u0027s Box","MutagenicStrength","Boot","Medical Kit","Bird Faced Urn","Omamori"],"potions_floor_usage":[23,25],"damage_taken":[{"damage":7,"enemies":"Jaw Worm","floor":1,"turns":3},{"damage":0,"enemies":"Cultist","floor":3,"turns":3},{"damage":7,"enemies":"Small Slimes","floor":4,"turns":3},{"damage":1,"enemies":"3 Louse","floor":5,"turns":3},{"damage":6,"enemies":"Exordium Wildlife","floor":7,"turns":6},{"damage":0,"enemies":"Looter","floor":10,"turns":2},{"damage":0,"enemies":"Blue Slaver","floor":13,"turns":2},{"damage":12,"enemies":"Exordium Wildlife","floor":14,"turns":3},{"damage":29,"enemies":"Hexaghost","floor":16,"turns":9},{"damage":0,"enemies":"Chosen","floor":18,"turns":4},{"damage":5,"enemies":"Spheric Guardian","floor":21,"turns":3},{"damage":41,"enemies":"Slavers","floor":23,"turns":5},{"damage":23,"enemies":"Snecko","floor":25,"turns":6},{"damage":25,"enemies":"Snake Plant","floor":28,"turns":2}],"seed_played":"8207588326881324027","potions_obtained":[{"floor":1,"key":"Swift Potion"},{"floor":3,"key":"SpeedPotion"},{"floor":10,"key":"Dexterity Potion"},{"floor":21,"key":"Regen Potion"}],"is_trial":false,"path_per_floor":["M","?","M","M","M","R","M","R","T","M","R","$","M","M","R","B",null,"M","?","?","M","$","E","R","M","T","?"],"character_chosen":"DEFECT","items_purchased":["Medical Kit"],"campfire_rested":1,"item_purchase_floors":[22],"current_hp_per_floor":[61,61,61,54,53,53,47,47,47,47,47,47,47,35,35,6,58,58,58,58,53,53,21,43,24,24,24,0],"gold":171,"neow_bonus":"THREE_CARDS","is_prod":false,"is_daily":false,"chose_seed":false,"campfire_upgraded":4,"win_rate":0,"timestamp":1540942453,"path_taken":["M","?","M","M","M","R","?","R","T","M","R","?","M","M","R","BOSS","M","?","?","M","$","E","R","M","T","?","?"],"build_version":"2018-10-25v2","purchased_purges":1,"victory":false,"max_hp_per_floor":[75,75,75,75,75,75,75,75,75,75,75,75,75,75,75,75,75,75,75,75,75,75,75,75,75,75,75,75],"card_choices":[{"not_picked":["Static Discharge","Cold Snap"],"picked":"Gash","floor":0},{"not_picked":["Steam Power","Leap"],"picked":"BootSequence","floor":1},{"not_picked":["Cold Snap","Compile Driver"],"picked":"Rebound","floor":3},{"not_picked":["Streamline","Undo"],"picked":"Hologram","floor":4},{"not_picked":["Streamline","Sweeping Beam"],"picked":"Conserve Battery","floor":5},{"not_picked":["Static Discharge","FTL"],"picked":"White Noise","floor":7},{"not_picked":["Auto Shields","Barrage"],"picked":"Ball Lightning","floor":10},{"not_picked":["Beam Cell","Steam"],"picked":"Gash","floor":13},{"not_picked":["Cold Snap","Stack"],"picked":"Skim","floor":14},{"not_picked":["Multi-Cast","Reboot"],"picked":"Buffer","floor":16},{"not_picked":["Stack","Conserve Battery"],"picked":"Rebound+1","floor":18},{"not_picked":["Streamline","Static Discharge"],"picked":"Go for the Eyes+1","floor":21},{"not_picked":["Sweeping Beam","Rip and Tear","Coolheaded"],"picked":"SKIP","floor":23},{"not_picked":["Beam Cell","Force Field"],"picked":"Hologram","floor":25}],"player_experience":1521275,"relics_obtained":[{"floor":9,"key":"Darkstone Periapt"},{"floor":23,"key":"Bird Faced Urn"},{"floor":26,"key":"Omamori"}],"event_choices":[{"damage_healed":0,"gold_gain":0,"player_choice":"Bought 0 Potions","damage_taken":0,"max_hp_gain":0,"max_hp_loss":0,"event_name":"The Woman in Blue","floor":2,"gold_loss":0},{"damage_healed":0,"gold_gain":0,"player_choice":"Inject Mutagens","damage_taken":0,"relics_obtained":["MutagenicStrength"],"max_hp_gain":0,"max_hp_loss":0,"event_name":"Drug Dealer","floor":19,"gold_loss":0},{"damage_healed":0,"gold_gain":0,"player_choice":"Opened","damage_taken":0,"relics_obtained":["Boot"],"max_hp_gain":0,"max_hp_loss":0,"event_name":"The Mausoleum","floor":20,"gold_loss":0},{"damage_healed":0,"gold_gain":0,"player_choice":"Smashed Altar","damage_taken":0,"max_hp_gain":0,"max_hp_loss":0,"event_name":"Forgotten Altar","floor":27,"gold_loss":0,"cards_obtained":["Decay"]}],"is_beta":false,"boss_relics":[{"not_picked":["Snecko Eye","Astrolabe"],"picked":"Pandora\u0027s Box"}],"items_purged_floors":[12],"is_endless":false,"potions_floor_spawned":[1,3,10,21],"killed_by":"Snake Plant","ascension_level":6}