{"gold_per_floor":[110,130,79,98,98,132,132,165,204,216,239,251,263,255,267,356,368,395,390,402,433,455,467,479],"floor_reached":24,"playtime":980,"items_purged":[],"score":361,"play_id":"f3eb9c40-3b68-4502-9100-2a7cd750460c","local_time":"20190501155025","is_ascension_mode":true,"campfire_choices":[{"data":"Bash","floor":7,"key":"SMITH"},{"floor":13,"key":"REST"},{"data":"True Grit","floor":15,"key":"SMITH"},{"floor":23,"key":"REST"}],"neow_cost":"NONE","seed_source_timestamp":869409682798748,"circlet_count":0,"master_deck":["AscendersBane","Strike_R","Strike_R","Strike_R","Defend_R","Defend_R","Defend_R","Defend_R","Bash+1","Headbutt","Cleave","True Grit+1","Rampage","Dropkick","Iron Wave","Limit Break","Havoc+1","Shrug It Off","Flex","Reaper"],"special_seed":0,"relics":["Burning Blood","Orichalcum","MawBank","Bag of Marbles","Philosopher\u0027s Stone"],"potions_floor_usage":[16,16,22,22],"damage_taken":[{"damage":4.0,"enemies":"Jaw Worm","floor":1.0,"turns":4.0},{"damage":5,"enemies":"Small Slimes","floor":2,"turns":4},{"damage":7,"enemies":"2 Louse","floor":4,"turns":2},{"damage":35,"enemies":"Gremlin Nob","floor":6,"turns":5},{"damage":25,"enemies":"Lagavulin","floor":8,"turns":6},{"damage":0,"enemies":"Large Slime","floor":11,"turns":4},{"damage":38,"enemies":"Hexaghost","floor":16,"turns":9},{"damage":23,"enemies":"Shell Parasite","floor":18,"turns":5},{"damage":24,"enemies":"2 Thieves","floor":19,"turns":4},{"damage":16,"enemies":"Centurion and Healer","floor":21,"turns":6},{"damage":23,"enemies":"Chosen and Byrds","floor":22,"turns":4},{"damage":53,"enemies":"Cultist and Chosen","floor":24,"turns":6}],"seed_played":"8777915034224373570","potions_obtained":[{"floor":1,"key":"SteroidPotion"},{"floor":2,"key":"EntropicBrew"},{"floor":14,"key":"Regen Potion"},{"floor":16,"key":"EssenceOfSteel"},{"floor":19,"key":"Strength Potion"},{"floor":22,"key":"LiquidBronze"}],"is_trial":false,"path_per_floor":["M","M","$","M","?","E","R","E","T","?","M","?","R","?","R","B",null,"M","M","?","M","M","R","M"],"character_chosen":"IRONCLAD","items_purchased":["True Grit"],"campfire_rested":2,"item_purchase_floors":[3],"current_hp_per_floor":[77,78,78,77,70,41,41,22,22,22,28,28,52,52,52,35,70,53,35,35,25,8,32,0],"gold":479,"neow_bonus":"TEN_PERCENT_HP_BONUS","is_prod":false,"is_daily":false,"chose_seed":false,"campfire_upgraded":2,"win_rate":0,"timestamp":1556718625,"path_taken":["M","M","$","M","?","E","R","E","T","?","M","?","R","?","R","BOSS","M","M","?","M","M","R","?"],"build_version":"2019-04-23","purchased_purges":0,"victory":false,"max_hp_per_floor":[82,82,82,82,82,82,82,82,82,82,82,82,82,82,82,82,82,82,82,82,82,82,82,82],"card_choices":[{"not_picked":["Feel No Pain","Twin Strike"],"picked":"Headbutt","floor":1},{"not_picked":["Infernal Blade","Havoc"],"picked":"Cleave","floor":2},{"not_picked":["Pommel Strike","Anger"],"picked":"Rampage","floor":4},{"not_picked":["Cleave","Armaments"],"picked":"Dropkick","floor":6},{"not_picked":["Clothesline","Exhume"],"picked":"Iron Wave","floor":8},{"not_picked":["Perfected Strike","Body Slam","Twin Strike"],"picked":"SKIP","floor":11},{"not_picked":["Dark Embrace","Barricade"],"picked":"Limit Break","floor":16},{"not_picked":["Pommel Strike","Twin Strike"],"picked":"Havoc+1","floor":18},{"not_picked":["Twin Strike","Clothesline"],"picked":"Shrug It Off","floor":19},{"not_picked":["Hemokinesis","True Grit"],"picked":"Flex","floor":21},{"not_picked":["Thunderclap+1","Flex"],"picked":"Reaper","floor":22}],"player_experience":1397853,"relics_obtained":[{"floor":6,"key":"Orichalcum"},{"floor":8,"key":"MawBank"},{"floor":9,"key":"Bag of Marbles"}],"event_choices":[{"cards_removed":["Strike_R"],"damage_healed":0,"gold_gain":0,"player_choice":"Card Removal","damage_taken":7,"max_hp_gain":0,"max_hp_loss":0,"event_name":"Golden Wing","floor":5,"gold_loss":0},{"damage_healed":0,"gold_gain":0,"player_choice":"Ignored","damage_taken":0,"max_hp_gain":0,"max_hp_loss":0,"event_name":"Liars Game","floor":10,"gold_loss":0},{"damage_healed":0,"gold_gain":0,"player_choice":"Fled","damage_taken":0,"max_hp_gain":0,"max_hp_loss":0,"event_name":"Scrap Ooze","floor":12,"gold_loss":0},{"damage_healed":0,"gold_gain":0,"player_choice":"Bought 1 Potion","damage_taken":0,"max_hp_gain":0,"max_hp_loss":0,"event_name":"The Woman in Blue","floor":14,"gold_loss":0},{"cards_removed":["Strike_R"],"damage_healed":0,"gold_gain":0,"player_choice":"Offered Basic","damage_taken":0,"max_hp_gain":0,"max_hp_loss":0,"event_name":"Bonfire Elementals","floor":20,"gold_loss":0}],"is_beta":true,"boss_relics":[{"not_picked":["Astrolabe","Black Blood"],"picked":"Philosopher\u0027s Stone"}],"items_purged_floors":[],"is_endless":false,"potions_floor_spawned":[1,2,16,19,22],"killed_by":"Cultist and Chosen","ascension_level":15}