{"gold_per_floor":[211,361,114,130,144,144,156,169,169,169,195,195,222,237,237,237],"floor_reached":16,"playtime":442,"items_purged":["Doubt"],"score":213,"play_id":"89261714-657e-4d13-8b66-c256b711b0f4","local_time":"20190506182546","is_ascension_mode":true,"campfire_choices":[{"data":"Immolate","floor":6,"key":"SMITH"},{"data":"Pommel Strike","floor":12,"key":"SMITH"},{"data":"True Grit","floor":15,"key":"SMITH"}],"neow_cost":"NONE","seed_source_timestamp":1311353714712811,"circlet_count":0,"master_deck":["AscendersBane","Strike_R","Strike_R","Strike_R","Strike_R","Strike_R","Defend_R","Defend_R","Defend_R","Defend_R","Bash+1","Rampage","Immolate+1","Headbutt","Iron Wave","Iron Wave","Pommel Strike+1","True Grit+1","Disarm","Burning Pact"],"relics":["Burning Blood","Torii","Mercury Hourglass","Prayer Wheel"],"potions_floor_usage":[11,16],"damage_taken":[{"damage":6,"enemies":"2 Louse","floor":1,"turns":3},{"damage":10,"enemies":"Small Slimes","floor":4,"turns":2},{"damage":7,"enemies":"Jaw Worm","floor":5,"turns":3},{"damage":19,"enemies":"3 Louse","floor":7,"turns":3},{"damage":0,"enemies":"2 Fungi Beasts","floor":8,"turns":1},{"damage":19,"enemies":"Gremlin Nob","floor":11,"turns":4},{"damage":2,"enemies":"3 Sentries","floor":13,"turns":3},{"damage":6,"enemies":"Looter","floor":14,"turns":2},{"damage":58,"enemies":"The Guardian","floor":16,"turns":12}],"seed_played":"-8893485762764019357","potions_obtained":[{"floor":4,"key":"Strength Potion"},{"floor":5,"key":"Weak Potion"},{"floor":13,"key":"EssenceOfSteel"}],"is_trial":false,"path_per_floor":["M","?","$","M","M","R","M","M","T","?","E","R","E","M","R","B"],"character_chosen":"IRONCLAD","items_purchased":["Immolate"],"campfire_rested":0,"item_purchase_floors":[3],"current_hp_per_floor":[68,68,68,64,63,63,50,56,56,56,43,43,47,47,47,0],"gold":237,"neow_bonus":"HUNDRED_GOLD","is_prod":false,"is_daily":false,"chose_seed":false,"campfire_upgraded":3,"win_rate":0,"timestamp":1557159946,"path_taken":["M","?","$","M","M","R","M","M","T","?","E","R","E","M","R","BOSS"],"build_version":"2019-04-23","purchased_purges":1,"victory":false,"max_hp_per_floor":[75,75,75,75,75,75,75,75,75,75,75,75,75,75,75,75],"card_choices":[{"not_picked":["Thunderclap","Searing Blow"],"picked":"Rampage","floor":1},{"not_picked":["Cleave","Anger"],"picked":"Headbutt","floor":4},{"not_picked":["Bludgeon","Carnage"],"picked":"Iron Wave","floor":5},{"not_picked":["Twin Strike","Carnage","Cleave"],"picked":"SKIP","floor":7},{"not_picked":["Dropkick","Power Through"],"picked":"Iron Wave","floor":8},{"not_picked":["Havoc","Rampage"],"picked":"Pommel Strike","floor":11},{"not_picked":["Thunderclap","Clash"],"picked":"True Grit","floor":13},{"not_picked":["Body Slam","Flex"],"picked":"Disarm","floor":14},{"not_picked":["Havoc","Cleave"],"picked":"Burning Pact","floor":14}],"player_experience":1542008,"relics_obtained":[{"floor":9,"key":"Torii"},{"floor":11,"key":"Mercury Hourglass"},{"floor":13,"key":"Prayer Wheel"}],"event_choices":[{"damage_healed":0,"gold_gain":150,"player_choice":"AGREE","damage_taken":0,"max_hp_gain":0,"max_hp_loss":0,"event_name":"Liars Game","floor":2,"gold_loss":0,"cards_obtained":["Doubt"]},{"damage_healed":0,"gold_gain":0,"player_choice":"Grow","damage_taken":0,"max_hp_gain":0,"max_hp_loss":0,"event_name":"Living Wall","floor":10,"gold_loss":0,"cards_upgraded":["Bash"]}],"is_beta":true,"boss_relics":[],"items_purged_floors":[3],"is_endless":false,"potions_floor_spawned":[4,5,8,13],"killed_by":"The Guardian","ascension_level":18}