{"gold_per_floor":[118,131,161,161,179,179,208,208,279,279,279,30,54,88,88,163,163,179,79,79],"floor_reached":20,"playtime":613,"items_purged":["Strike_B"],"score":347,"play_id":"8f1f5e5c-2347-45bd-9a34-d86bcf05a4c1","local_time":"20190510181748","is_ascension_mode":true,"campfire_choices":[{"data":"Stack","floor":6,"key":"SMITH"},{"floor":8,"key":"REST"},{"data":"Ball Lightning","floor":11,"key":"SMITH"},{"data":"Glacier","floor":15,"key":"SMITH"}],"neow_cost":"NONE","seed_source_timestamp":1656304451111618,"circlet_count":0,"master_deck":["AscendersBane","Strike_B","Strike_B","Defend_B+1","Defend_B","Defend_B","Defend_B","Zap+1","Dualcast","Ball Lightning+1","Sweeping Beam","Stack+1","Core Surge","Glacier+1","Rip and Tear","Core Surge","Echo Form+1","Conserve Battery","Ball Lightning"],"relics":["Cracked Core","Tiny Chest","War Paint","Frozen Egg 2","PreservedInsect","Strawberry","Inserter"],"potions_floor_usage":[7,16],"damage_taken":[{"damage":0,"enemies":"Small Slimes","floor":1,"turns":2},{"damage":1,"enemies":"2 Louse","floor":2,"turns":3},{"damage":0,"enemies":"Cultist","floor":5,"turns":3},{"damage":32,"enemies":"Gremlin Nob","floor":7,"turns":5},{"damage":1,"enemies":"Lagavulin","floor":14,"turns":5},{"damage":51,"enemies":"Hexaghost","floor":16,"turns":9},{"damage":36,"enemies":"Shell Parasite","floor":18,"turns":5},{"damage":10,"enemies":"2 Thieves","floor":19,"turns":5},{"damage":22,"enemies":"Centurion and Healer","floor":20,"turns":3}],"seed_played":"4234112660052221232","potions_obtained":[{"floor":2,"key":"Ancient Potion"},{"floor":5,"key":"SteroidPotion"}],"is_trial":false,"path_per_floor":["M","M","?","?","M","R","E","R","T","?","R","$","T","E","R","B",null,"M","M","M"],"character_chosen":"DEFECT","items_purchased":["Glacier","Rip and Tear"],"campfire_rested":1,"item_purchase_floors":[12,12],"current_hp_per_floor":[64,63,58,58,58,58,26,47,47,47,47,47,47,53,53,2,59,23,13,0],"gold":79,"neow_bonus":"UPGRADE_CARD","is_prod":false,"is_daily":false,"chose_seed":false,"campfire_upgraded":3,"win_rate":0,"timestamp":1557505068,"path_taken":["M","M","?","?","?","R","E","R","T","?","R","$","?","E","R","BOSS","M","M","M"],"build_version":"2019-05-07","purchased_purges":1,"victory":false,"max_hp_per_floor":[71,71,71,71,71,71,71,71,71,71,71,71,71,78,78,78,78,78,78,78],"card_choices":[{"not_picked":["Steam","Streamline"],"picked":"Ball Lightning","floor":1},{"not_picked":["Conserve Battery","Gash"],"picked":"Sweeping Beam","floor":2},{"not_picked":["Go for the Eyes","Steam"],"picked":"Stack","floor":5},{"not_picked":["Compile Driver","Ball Lightning"],"picked":"Core Surge","floor":7},{"not_picked":["Hologram","Static Discharge+1"],"picked":"Core Surge","floor":14},{"not_picked":["Fission","Core Surge"],"picked":"Echo Form+1","floor":16},{"not_picked":["Stack","Compile Driver"],"picked":"Conserve Battery","floor":18},{"not_picked":["Cold Snap","Turbo"],"picked":"Ball Lightning","floor":19}],"player_experience":1717120,"relics_obtained":[{"floor":7,"key":"War Paint"},{"floor":9,"key":"Frozen Egg 2"},{"floor":13,"key":"PreservedInsect"},{"floor":14,"key":"Strawberry"}],"event_choices":[{"damage_healed":0,"gold_gain":0,"player_choice":"Success","damage_taken":5,"relics_obtained":["Tiny Chest"],"max_hp_gain":0,"max_hp_loss":0,"event_name":"Scrap Ooze","floor":3,"gold_loss":0},{"damage_healed":0,"gold_gain":0,"cards_transformed":["Strike_B"],"player_choice":"Transformed","damage_taken":0,"max_hp_gain":0,"max_hp_loss":0,"event_name":"Transmorgrifier","floor":4,"gold_loss":0,"cards_obtained":["Steam Power"]},{"cards_removed":["Steam Power"],"damage_healed":0,"gold_gain":0,"player_choice":"Purged","damage_taken":0,"max_hp_gain":0,"max_hp_loss":0,"event_name":"Purifier","floor":10,"gold_loss":0}],"is_beta":true,"boss_relics":[{"not_picked":["Lizard Tail","Eternal Feather"],"picked":"Inserter"}],"items_purged_floors":[12],"is_endless":false,"potions_floor_spawned":[2,5],"killed_by":"Centurion and Healer","ascension_level":19}