{"gold_per_floor":[118,17,17,17,30,57,57,69,119,135,3,29,45,57,57,131,131,142,157,157,174,185,185,185,185],"floor_reached":25,"playtime":1866,"items_purged":[],"score":456,"play_id":"58f4f590-531b-465f-aa4a-ffdf146302b6","local_time":"20190505122455","is_ascension_mode":true,"campfire_choices":[{"data":"Accuracy","floor":7,"key":"SMITH"},{"floor":15,"key":"REST"},{"floor":24,"key":"REST"}],"neow_cost":"NONE","seed_source_timestamp":1201878544046704,"circlet_count":0,"master_deck":["AscendersBane","Defend_G","Defend_G","Defend_G","Defend_G","Defend_G","Strike_G","Strike_G","Strike_G","Survivor","Neutralize","Blade Dance","Accuracy+1","Outmaneuver","Footwork","Blade Dance","Choke","Deflect","Cloak And Dagger","PiercingWail","Well Laid Plans","Burst","Caltrops","Cloak And Dagger","A Thousand Cuts","Prepared+1","Blade Dance","Setup","Footwork","RitualDagger"],"relics":["Ring of the Snake","NeowsBlessing","Bronze Scales","Bag of Preparation","Boot","Runic Pyramid"],"potions_floor_usage":[16,16,18,25],"damage_taken":[{"damage":0,"enemies":"2 Louse","floor":1,"turns":1},{"damage":0,"enemies":"Cultist","floor":5,"turns":1},{"damage":0,"enemies":"Lagavulin","floor":6,"turns":1},{"damage":0,"enemies":"Jaw Worm","floor":8,"turns":2},{"damage":11,"enemies":"Lots of Slimes","floor":10,"turns":5},{"damage":12,"enemies":"3 Sentries","floor":12,"turns":8},{"damage":11,"enemies":"Large Slime","floor":13,"turns":8},{"damage":0,"enemies":"Blue Slaver","floor":14,"turns":2},{"damage":22,"enemies":"Slime Boss","floor":16,"turns":8},{"damage":0,"enemies":"Chosen","floor":18,"turns":4},{"damage":11,"enemies":"2 Thieves","floor":19,"turns":4},{"damage":8,"enemies":"Centurion and Healer","floor":21,"turns":7},{"damage":17,"enemies":"Snake Plant","floor":22,"turns":4},{"damage":32,"enemies":"Book of Stabbing","floor":25,"turns":6}],"seed_played":"-8514911556586389111","potions_obtained":[{"floor":6,"key":"SneckoOil"},{"floor":8,"key":"FearPotion"},{"floor":10,"key":"Fire Potion"},{"floor":12,"key":"Fire Potion"},{"floor":16,"key":"Energy Potion"},{"floor":18,"key":"GamblersBrew"},{"floor":21,"key":"Explosive Potion"}],"is_trial":false,"path_per_floor":["M","$","?","$","M","E","R","M","T","M","$","E","M","M","R","B",null,"M","M","?","M","M","?","R","E"],"character_chosen":"THE_SILENT","items_purchased":["Accuracy","Outmaneuver","PiercingWail","Well Laid Plans"],"campfire_rested":2,"item_purchase_floors":[2,2,11,11],"current_hp_per_floor":[59,59,59,59,59,59,59,59,59,48,48,36,25,25,44,22,55,55,44,44,36,19,13,32,0],"gold":185,"neow_bonus":"THREE_ENEMY_KILL","is_prod":false,"is_daily":false,"chose_seed":false,"campfire_upgraded":1,"win_rate":0,"timestamp":1557051895,"path_taken":["M","$","?","$","?","E","R","M","T","M","?","E","M","M","R","BOSS","M","M","?","M","?","?","R","E"],"build_version":"2019-04-23","purchased_purges":0,"victory":false,"max_hp_per_floor":[66,66,66,66,66,66,66,66,66,66,66,66,66,66,66,66,66,66,66,66,66,66,66,66,66],"card_choices":[{"not_picked":["Catalyst","Deflect"],"picked":"Blade Dance","floor":1},{"not_picked":["Crippling Poison","Flechettes"],"picked":"Blade Dance","floor":5},{"not_picked":["Riddle With Holes","Skewer"],"picked":"Choke","floor":6},{"not_picked":["Underhanded Strike","Poisoned Stab"],"picked":"Deflect","floor":8},{"not_picked":["Dagger Throw","Blade Dance"],"picked":"Cloak And Dagger","floor":10},{"not_picked":["Poisoned Stab","Grand Finale"],"picked":"Burst","floor":12},{"not_picked":["Terror","Dagger Spray"],"picked":"Caltrops","floor":13},{"not_picked":["Dagger Throw","Blur"],"picked":"Cloak And Dagger","floor":14},{"not_picked":["Wraith Form v2","Night Terror"],"picked":"A Thousand Cuts","floor":16},{"not_picked":["Endless Agony+1","Masterful Stab"],"picked":"Prepared+1","floor":18},{"not_picked":["Terror","Underhanded Strike"],"picked":"Blade Dance","floor":19},{"not_picked":["Quick Slash","Sucker Punch"],"picked":"Setup","floor":21},{"not_picked":["Underhanded Strike","Bouncing Flask"],"picked":"Footwork","floor":22}],"player_experience":1511282,"relics_obtained":[{"floor":6,"key":"Bronze Scales"},{"floor":9,"key":"Bag of Preparation"},{"floor":12,"key":"Boot"}],"event_choices":[{"damage_healed":0,"gold_gain":0,"cards_transformed":["Strike_G"],"player_choice":"Transformed","damage_taken":0,"max_hp_gain":0,"max_hp_loss":0,"event_name":"Transmorgrifier","floor":3,"gold_loss":0,"cards_obtained":["Footwork"]},{"cards_removed":["Strike_G"],"damage_healed":0,"gold_gain":0,"player_choice":"Purged","damage_taken":0,"max_hp_gain":0,"max_hp_loss":0,"event_name":"Purifier","floor":20,"gold_loss":0},{"damage_healed":0,"gold_gain":0,"player_choice":"Joined the Cult","damage_taken":6,"max_hp_gain":0,"max_hp_loss":0,"event_name":"Nest","floor":23,"gold_loss":0,"cards_obtained":["RitualDagger"]}],"is_beta":true,"boss_relics":[{"not_picked":["Snecko Eye","Black Star"],"picked":"Runic Pyramid"}],"items_purged_floors":[],"is_endless":false,"potions_floor_spawned":[6,8,10,12,16,18,21],"killed_by":"Book of Stabbing","ascension_level":18}