{"gold_per_floor":[216,366,386,31,47,79,79,79,79,79,79,114,1,1,1,1],"floor_reached":16,"playtime":484,"items_purged":["Doubt"],"score":186,"play_id":"fb8bd08d-4c28-4e8d-8573-ac45e73aa1cf","local_time":"20190430183021","is_ascension_mode":true,"campfire_choices":[{"data":"Loop","floor":7,"key":"SMITH"},{"floor":10,"key":"REST"},{"floor":15,"key":"REST"}],"neow_cost":"NONE","seed_source_timestamp":793187186181221,"circlet_count":0,"master_deck":["AscendersBane","Strike_B","Strike_B","Strike_B","Strike_B","Defend_B","Defend_B","Defend_B","Defend_B","Zap","Dualcast","Sweeping Beam","Leap","Go for the Eyes","Double Energy+1","Loop+1","Fusion+1","Redo+1","Loop","BootSequence+1"],"relics":["Cracked Core","Vajra","Toxic Egg 2","Matryoshka","Bottled Lightning"],"potions_floor_usage":[16],"damage_taken":[{"damage":7,"enemies":"Small Slimes","floor":1,"turns":4},{"damage":0,"enemies":"2 Louse","floor":3,"turns":2},{"damage":0,"enemies":"Jaw Worm","floor":5,"turns":2},{"damage":22,"enemies":"3 Sentries","floor":6,"turns":5},{"damage":29,"enemies":"Lagavulin","floor":12,"turns":7},{"damage":23,"enemies":"Hexaghost","floor":16,"turns":9}],"seed_played":"1904065692461783470","potions_obtained":[{"floor":3,"key":"LiquidBronze"},{"floor":12,"key":"Energy Potion"}],"is_trial":false,"path_per_floor":["M","?","M","$","M","E","R","?","T","R","?","E","$","$","R","B"],"character_chosen":"DEFECT","items_purchased":["Vajra","Go for the Eyes","Double Energy","Loop","BootSequence+1"],"campfire_rested":2,"item_purchase_floors":[4,4,4,13,13],"current_hp_per_floor":[57,57,57,57,57,35,35,9,9,30,30,1,1,1,22,0],"gold":1,"neow_bonus":"HUNDRED_GOLD","is_prod":false,"is_daily":false,"chose_seed":false,"campfire_upgraded":1,"win_rate":0,"timestamp":1556641821,"path_taken":["M","?","M","$","M","E","R","?","T","R","?","E","?","$","R","BOSS"],"build_version":"2019-04-23","purchased_purges":1,"victory":false,"max_hp_per_floor":[71,71,71,71,71,71,71,71,71,71,71,71,71,71,71,71],"card_choices":[{"not_picked":["Leap","Cold Snap"],"picked":"Sweeping Beam","floor":1},{"not_picked":["Hologram","Multi-Cast"],"picked":"Leap","floor":3},{"not_picked":["Blizzard","Hello World"],"picked":"Loop","floor":5},{"not_picked":["Hologram","Force Field"],"picked":"Fusion","floor":6},{"not_picked":["Streamline","Double Energy+1"],"picked":"Redo+1","floor":12}],"player_experience":1366989,"relics_obtained":[{"floor":6,"key":"Toxic Egg 2"},{"floor":9,"key":"Matryoshka"},{"floor":12,"key":"Bottled Lightning"}],"event_choices":[{"damage_healed":0,"gold_gain":150,"player_choice":"AGREE","damage_taken":0,"max_hp_gain":0,"max_hp_loss":0,"event_name":"Liars Game","floor":2,"gold_loss":0,"cards_obtained":["Doubt"]},{"damage_healed":0,"gold_gain":0,"player_choice":"Fled","damage_taken":26,"max_hp_gain":0,"max_hp_loss":0,"event_name":"Scrap Ooze","floor":8,"gold_loss":0},{"damage_healed":0,"gold_gain":0,"player_choice":"Grow","damage_taken":0,"max_hp_gain":0,"max_hp_loss":0,"event_name":"Living Wall","floor":11,"gold_loss":0,"cards_upgraded":["Double Energy"]}],"is_beta":true,"boss_relics":[],"items_purged_floors":[4],"is_endless":false,"potions_floor_spawned":[3,12],"killed_by":"Hexaghost","ascension_level":15}