{"gold_per_floor":[119,134,147,159,159,159,221,21,67,124,124,124,124],"floor_reached":13,"playtime":413,"items_purged":[],"score":100,"play_id":"990e2861-0db2-4bf6-81d2-e156c61dd9db","local_time":"20190422132717","is_ascension_mode":true,"campfire_choices":[{"data":"Zap","floor":6,"key":"SMITH"}],"neow_cost":"NONE","seed_source_timestamp":83874069788577,"circlet_count":0,"master_deck":["Strike_B","Strike_B","Strike_B","Strike_B","Defend_B","Defend_B","Defend_B","Defend_B","Zap+1","Dualcast","Darkness+1","Steam","Hologram+1","Auto Shields"],"relics":["Cracked Core","Bronze Scales","Runic Capacitor","Anchor","Tiny Chest","Turnip"],"potions_floor_usage":[7,13],"damage_taken":[{"damage":1,"enemies":"2 Louse","floor":1,"turns":2},{"damage":4,"enemies":"Jaw Worm","floor":2,"turns":3},{"damage":1,"enemies":"Cultist","floor":3,"turns":3},{"damage":4,"enemies":"Large Slime","floor":4,"turns":5},{"damage":27,"enemies":"3 Sentries","floor":7,"turns":8},{"damage":22,"enemies":"Lagavulin","floor":10,"turns":8},{"damage":28,"enemies":"Gremlin Nob","floor":13,"turns":3}],"seed_played":"-5393660209682131507","potions_obtained":[{"floor":1,"key":"Block Potion"},{"floor":4,"key":"Dexterity Potion"}],"is_trial":false,"path_per_floor":["M","M","M","M","?","R","?","$","T","E","?","T","E"],"character_chosen":"DEFECT","items_purchased":["Runic Capacitor"],"campfire_rested":0,"item_purchase_floors":[8],"current_hp_per_floor":[81,77,76,72,77,77,50,50,50,28,11,11,0],"gold":124,"neow_bonus":"TEN_PERCENT_HP_BONUS","is_prod":false,"is_daily":false,"chose_seed":false,"campfire_upgraded":1,"win_rate":0,"timestamp":1555932437,"path_taken":["M","M","M","M","?","R","?","$","T","E","?","?","E"],"build_version":"2019-04-21","purchased_purges":0,"victory":false,"max_hp_per_floor":[82,82,82,82,87,87,87,87,87,87,87,87,87],"card_choices":[{"not_picked":["Hello World","Conserve Battery"],"picked":"Darkness","floor":1},{"not_picked":["Stack","Chill","Go for the Eyes"],"picked":"SKIP","floor":2},{"not_picked":["Compile Driver","Turbo"],"picked":"Steam","floor":3},{"not_picked":["Force Field","Turbo","BootSequence"],"picked":"SKIP","floor":4},{"not_picked":["Steam","Gash"],"picked":"Hologram","floor":7},{"not_picked":["Turbo","Scrape"],"picked":"Auto Shields","floor":10}],"player_experience":1159676,"relics_obtained":[{"floor":7,"key":"Bronze Scales"},{"floor":9,"key":"Anchor"},{"floor":10,"key":"Tiny Chest"},{"floor":12,"key":"Turnip"}],"event_choices":[{"damage_healed":0,"gold_gain":0,"player_choice":"Donut","damage_taken":0,"max_hp_gain":5,"max_hp_loss":0,"event_name":"Big Fish","floor":5,"gold_loss":0},{"damage_healed":0,"gold_gain":0,"player_choice":"Searched \u00272\u0027 times","damage_taken":0,"max_hp_gain":0,"max_hp_loss":0,"event_name":"Dead Adventurer","floor":7,"gold_loss":0},{"damage_healed":0,"gold_gain":0,"player_choice":"Entered Light","damage_taken":17,"max_hp_gain":0,"max_hp_loss":0,"event_name":"Shining Light","floor":11,"gold_loss":0,"cards_upgraded":["Darkness","Hologram"]}],"is_beta":true,"boss_relics":[],"items_purged_floors":[],"is_endless":false,"potions_floor_spawned":[1,4],"killed_by":"Gremlin Nob","ascension_level":4}