{"gold_per_floor":[119,194,194,204,224,224,235,235,260,280,280,298,360,109,109,212,212,231,242,104,116,127,127,140,174,186,230,242,254,283,312,324,435,447,471,583,595,617,644,656,682,694,751,816,828],"floor_reached":45,"playtime":2242,"items_purged":["Strike_R"],"score":699,"play_id":"0ed4cc92-57d1-498f-a04c-11d4804b8ee1","local_time":"20190105190357","is_ascension_mode":true,"campfire_choices":[{"data":"Bash","floor":6,"key":"SMITH"},{"data":"Clothesline","floor":11,"key":"SMITH"},{"floor":15,"key":"REST"},{"data":"Apotheosis","floor":23,"key":"SMITH"},{"floor":29,"key":"REST"},{"floor":32,"key":"REST"},{"floor":40,"key":"REST"}],"neow_cost":"NONE","seed_source_timestamp":503831914625500,"circlet_count":0,"master_deck":["AscendersBane","Strike_R","Strike_R","Strike_R","Strike_R+1","Defend_R","Defend_R+1","Defend_R","Defend_R","Bash+1","Metallicize","Flame Barrier","Shrug It Off","Clothesline+1","Infernal Blade","Feel No Pain","Apotheosis+1","Immolate","True Grit+1","Evolve","Demon Form","Shrug It Off+1","Pommel Strike","Rage+1","Impervious","Thunderclap+1","Shrug It Off+1","Ghostly Armor"],"relics":["Burning Blood","Regal Pillow","Lantern","Sozu","MawBank","Shuriken","Omamori","Philosopher\u0027s Stone","Du-Vu Doll","Darkstone Periapt","Dream Catcher","PreservedInsect"],"potions_floor_usage":[27,27,45],"damage_taken":[{"damage":7,"enemies":"Jaw Worm","floor":1,"turns":3},{"damage":0,"enemies":"2 Louse","floor":4,"turns":4},{"damage":10,"enemies":"Small Slimes","floor":5,"turns":4},{"damage":6,"enemies":"Looter","floor":7,"turns":4},{"damage":3,"enemies":"Red Slaver","floor":10,"turns":5},{"damage":7,"enemies":"3 Louse","floor":12,"turns":6},{"damage":23,"enemies":"3 Sentries","floor":13,"turns":11},{"damage":18,"enemies":"The Guardian","floor":16,"turns":15},{"damage":12,"enemies":"2 Thieves","floor":18,"turns":4},{"damage":15,"enemies":"Spheric Guardian","floor":19,"turns":5},{"damage":1,"enemies":"Cultist and Chosen","floor":21,"turns":7},{"damage":19,"enemies":"Snecko","floor":22,"turns":5},{"damage":5,"enemies":"3 Cultists","floor":24,"turns":5},{"damage":41,"enemies":"Slavers","floor":25,"turns":6},{"damage":18,"enemies":"Book of Stabbing","floor":27,"turns":7},{"damage":8,"enemies":"Shelled Parasite and Fungi","floor":30,"turns":8},{"damage":9,"enemies":"Snake Plant","floor":31,"turns":5},{"damage":39,"enemies":"Champ","floor":33,"turns":13},{"damage":36,"enemies":"3 Darklings","floor":35,"turns":7},{"damage":25,"enemies":"Mind Bloom Boss Battle","floor":36,"turns":9},{"damage":4,"enemies":"Orb Walker","floor":38,"turns":4},{"damage":20,"enemies":"3 Darklings","floor":39,"turns":8},{"damage":48,"enemies":"Writhing Mass","floor":41,"turns":9},{"damage":27,"enemies":"Jaw Worm Horde","floor":45,"turns":1}],"seed_played":"-1540245788782350153","potions_obtained":[{"floor":7,"key":"Explosive Potion"},{"floor":10,"key":"Swift Potion"},{"floor":16,"key":"FearPotion"}],"is_trial":false,"path_per_floor":["M","?","?","M","M","R","M","?","T","M","R","M","?","$","R","B",null,"M","M","$","M","M","R","M","E","T","E","?","R","M","M","R","B",null,"M","?","T","M","M","R","M","?","T","T","M"],"character_chosen":"IRONCLAD","items_purchased":["Apotheosis","Demon Form"],"campfire_rested":4,"item_purchase_floors":[14,20],"current_hp_per_floor":[79,68,50,56,52,52,52,52,52,55,55,54,37,37,78,66,83,77,68,68,73,60,60,61,26,26,14,14,55,53,50,88,55,80,50,31,31,33,19,60,18,18,18,18,0],"gold":828,"neow_bonus":"TEN_PERCENT_HP_BONUS","is_prod":false,"is_daily":false,"chose_seed":false,"campfire_upgraded":3,"win_rate":0,"timestamp":1546733037,"path_taken":["M","?","?","M","?","R","M","?","T","M","R","M","?","?","R","BOSS","M","M","$","M","M","R","M","E","T","E","?","R","M","M","R","BOSS","M","?","?","M","M","R","M","?","T","?","?"],"build_version":"2019-01-03v4","purchased_purges":1,"victory":false,"max_hp_per_floor":[88,88,88,88,88,88,88,88,88,88,88,88,88,88,88,88,88,88,88,88,88,88,88,88,88,88,88,88,88,88,88,88,88,88,88,88,88,88,88,88,88,88,88,88,88],"card_choices":[{"not_picked":["Wild Strike","Sword Boomerang"],"picked":"Metallicize","floor":1},{"not_picked":["True Grit","Anger"],"picked":"Flame Barrier","floor":4},{"not_picked":["Wild Strike","Body Slam","Clash"],"picked":"SKIP","floor":5},{"not_picked":["Inflame","Brutality"],"picked":"Shrug It Off","floor":7},{"not_picked":["Entrench","Wild Strike"],"picked":"Clothesline","floor":10},{"not_picked":["Bloodletting","Anger"],"picked":"Infernal Blade","floor":12},{"not_picked":["Anger","Warcry"],"picked":"Feel No Pain","floor":13},{"not_picked":["Exhume","Barricade"],"picked":"Immolate","floor":16},{"not_picked":["Armaments+1","Clash+1"],"picked":"True Grit+1","floor":18},{"not_picked":["Twin Strike","Armaments+1"],"picked":"Evolve","floor":19},{"not_picked":["Iron Wave+1","Clash","Cleave"],"picked":"SKIP","floor":21},{"not_picked":["Pummel","Clothesline"],"picked":"Metallicize","floor":22},{"not_picked":["Second Wind","Perfected Strike","Rupture"],"picked":"SKIP","floor":24},{"not_picked":["Iron Wave+1","Disarm","Demon Form"],"picked":"SKIP","floor":25},{"not_picked":["Brutality","Uppercut+1"],"picked":"Shrug It Off+1","floor":27},{"not_picked":["Burning Pact","Carnage"],"picked":"Pommel Strike","floor":30},{"not_picked":["Pommel Strike","Hemokinesis+1"],"picked":"Rage+1","floor":31},{"not_picked":["Fiend Fire","Exhume"],"picked":"Impervious","floor":33},{"not_picked":["Rage","Headbutt","Cleave+1"],"picked":"SKIP","floor":35},{"not_picked":["Warcry","Carnage+1"],"picked":"Thunderclap+1","floor":36},{"not_picked":["Rupture","Blood for Blood+1"],"picked":"Shrug It Off+1","floor":38},{"not_picked":["Anger","Perfected Strike","Armaments+1"],"picked":"SKIP","floor":39},{"not_picked":["Sword Boomerang+1","Feel No Pain"],"picked":"Ghostly Armor","floor":41}],"player_experience":1714140,"relics_obtained":[{"floor":9,"key":"Regal Pillow"},{"floor":13,"key":"Lantern"},{"floor":25,"key":"MawBank"},{"floor":26,"key":"Shuriken"},{"floor":27,"key":"Omamori"},{"floor":36,"key":"Du-Vu Doll"},{"floor":37,"key":"Darkstone Periapt"},{"floor":43,"key":"Dream Catcher"},{"floor":44,"key":"PreservedInsect"}],"event_choices":[{"damage_healed":0,"gold_gain":75,"player_choice":"Gather Gold","damage_taken":11,"max_hp_gain":0,"max_hp_loss":0,"event_name":"World of Goop","floor":2,"gold_loss":0},{"damage_healed":0,"gold_gain":0,"player_choice":"Entered Light","damage_taken":18,"max_hp_gain":0,"max_hp_loss":0,"event_name":"Shining Light","floor":3,"gold_loss":0,"cards_upgraded":["Defend_R","Strike_R"]},{"damage_healed":0,"gold_gain":0,"player_choice":"Ignored","damage_taken":0,"max_hp_gain":0,"max_hp_loss":0,"event_name":"Golden Idol","floor":8,"gold_loss":0},{"damage_healed":0,"gold_gain":0,"player_choice":"Searched \u00271\u0027 times","damage_taken":0,"max_hp_gain":0,"max_hp_loss":0,"event_name":"Dead Adventurer","floor":13,"gold_loss":0},{"damage_healed":0,"gold_gain":0,"player_choice":"Ignored","damage_taken":0,"max_hp_gain":0,"max_hp_loss":0,"event_name":"Ghosts","floor":28,"gold_loss":0},{"damage_healed":0,"gold_gain":0,"player_choice":"Fight","damage_taken":0,"max_hp_gain":0,"max_hp_loss":0,"event_name":"MindBloom","floor":36,"gold_loss":0},{"cards_removed":["Metallicize"],"damage_healed":0,"gold_gain":0,"player_choice":"Removed Power","damage_taken":0,"max_hp_gain":0,"max_hp_loss":0,"event_name":"Falling","floor":42,"gold_loss":0}],"is_beta":false,"boss_relics":[{"not_picked":["Ectoplasm","Snecko Eye"],"picked":"Sozu"},{"not_picked":["Pandora\u0027s Box","Busted Crown"],"picked":"Philosopher\u0027s Stone"}],"items_purged_floors":[14],"is_endless":false,"potions_floor_spawned":[7,10,16,18,22,24,25,27,33,35,36],"killed_by":"Jaw Worm Horde","ascension_level":10}