{"gold_per_floor":[116,116,116,130,149,149,184,196,235,260,272,300,346,373,385,468,480,510,154,69,81,101,131,131,162,162,162,162,175,175,191,191,265,265,279,290,112,112,2,29,29,63,63,63],"floor_reached":44,"playtime":6698,"items_purged":["Strike_G","Strike_G"],"score":1082,"play_id":"f63cfdc3-c16c-47ec-b0ef-e6049e9c4813","local_time":"20190516134551","is_ascension_mode":true,"campfire_choices":[{"data":"Deadly Poison","floor":6,"key":"SMITH"},{"floor":8,"key":"REST"},{"data":"Well Laid Plans","floor":11,"key":"SMITH"},{"floor":15,"key":"REST"},{"floor":24,"key":"REST"},{"floor":27,"key":"REST"},{"data":"Footwork","floor":30,"key":"SMITH"},{"floor":32,"key":"REST"},{"data":"Adrenaline","floor":41,"key":"SMITH"}],"neow_cost":"NONE","seed_source_timestamp":2152270180468198,"circlet_count":0,"master_deck":["AscendersBane","Defend_G","Defend_G","Defend_G","Defend_G","Defend_G","Strike_G","Strike_G","Survivor","Neutralize+1","Well Laid Plans+1","Deadly Poison+1","Backflip+1","Corpse Explosion","Dodge and Roll","Footwork+1","Acrobatics","After Image","Crippling Poison","Noxious Fumes+1","PiercingWail","Bouncing Flask","Noxious Fumes","Adrenaline+1","Bouncing Flask","Flying Knee+1","Dodge and Roll+1","PiercingWail","Leg Sweep","Heel Hook","Catalyst+1"],"relics":["Ring of the Snake","MawBank","Happy Flower","Regal Pillow","Runic Pyramid","Bronze Scales","Bag of Preparation","Boot","PreservedInsect","Paper Crane","Orrery","Blue Candle","Unceasing Top"],"potions_floor_usage":[7,13,13,33,33,42,44],"damage_taken":[{"damage":1,"enemies":"Cultist","floor":1,"turns":4},{"damage":2,"enemies":"Jaw Worm","floor":4,"turns":7},{"damage":8,"enemies":"Small Slimes","floor":5,"turns":4},{"damage":36,"enemies":"Gremlin Nob","floor":7,"turns":4},{"damage":5,"enemies":"Gremlin Gang","floor":10,"turns":3},{"damage":23,"enemies":"Exordium Thugs","floor":12,"turns":4},{"damage":0,"enemies":"3 Sentries","floor":13,"turns":4},{"damage":0,"enemies":"2 Fungi Beasts","floor":14,"turns":2},{"damage":10,"enemies":"The Guardian","floor":16,"turns":12},{"damage":4,"enemies":"Spheric Guardian","floor":18,"turns":6},{"damage":12,"enemies":"Shell Parasite","floor":21,"turns":5},{"damage":7,"enemies":"Snake Plant","floor":22,"turns":6},{"damage":27,"enemies":"Book of Stabbing","floor":23,"turns":8},{"damage":22,"enemies":"Slavers","floor":25,"turns":4},{"damage":13,"enemies":"Centurion and Healer","floor":29,"turns":6},{"damage":29,"enemies":"Shelled Parasite and Fungi","floor":31,"turns":5},{"damage":32,"enemies":"Automaton","floor":33,"turns":12},{"damage":0,"enemies":"3 Shapes","floor":35,"turns":4},{"damage":2,"enemies":"Orb Walker","floor":36,"turns":4},{"damage":9,"enemies":"Nemesis","floor":40,"turns":9},{"damage":51,"enemies":"Giant Head","floor":42,"turns":10},{"damage":7,"enemies":"Spire Growth","floor":44,"turns":3}],"seed_played":"9139625946692535122","potions_obtained":[{"floor":1,"key":"SkillPotion"},{"floor":3,"key":"Weak Potion"},{"floor":4,"key":"SteroidPotion"},{"floor":7,"key":"Weak Potion"},{"floor":10,"key":"Regen Potion"},{"floor":18,"key":"PowerPotion"},{"floor":21,"key":"Swift Potion"},{"floor":25,"key":"Fire Potion"},{"floor":31,"key":"Regen Potion"},{"floor":33,"key":"GamblersBrew"},{"floor":35,"key":"Energy Potion"}],"is_trial":false,"path_per_floor":["M","?","?","M","M","R","E","R","T","M","R","M","E","M","R","B",null,"M","$","?","M","M","E","R","E","T","R","?","M","R","M","R","B",null,"M","M","$","?","?","E","R","E","T","M"],"character_chosen":"THE_SILENT","items_purchased":["Noxious Fumes","Bronze Scales","PiercingWail","Heel Hook"],"campfire_rested":5,"item_purchase_floors":[19,19,19,37],"current_hp_per_floor":[64,64,64,62,54,54,18,39,39,34,34,11,25,25,61,51,67,63,63,63,51,44,17,53,31,31,67,67,54,54,25,61,40,64,64,62,62,62,62,53,53,2,2,0],"gold":63,"neow_bonus":"TEN_PERCENT_HP_BONUS","is_prod":false,"is_daily":false,"chose_seed":false,"campfire_upgraded":4,"win_rate":0,"timestamp":1558007151,"path_taken":["M","?","?","M","M","R","E","R","T","M","R","?","E","M","R","BOSS","M","$","?","M","M","E","R","E","T","R","?","M","R","M","R","BOSS","M","M","$","?","?","E","R","E","T","M"],"build_version":"2019-05-07","purchased_purges":2,"victory":false,"max_hp_per_floor":[72,72,72,72,72,72,72,72,72,72,72,72,72,72,72,72,72,72,72,72,72,72,72,72,72,72,72,72,72,72,72,72,72,72,72,72,72,72,72,72,72,72,72,72],"card_choices":[{"not_picked":["Dagger Throw","Riddle With Holes"],"picked":"Well Laid Plans","floor":1},{"not_picked":["Terror","Poisoned Stab"],"picked":"Deadly Poison","floor":4},{"not_picked":["Flying Knee","PiercingWail"],"picked":"Backflip","floor":5},{"not_picked":["Quick Slash","Terror"],"picked":"Corpse Explosion","floor":7},{"not_picked":["Eviscerate","Blade Dance"],"picked":"Dodge and Roll","floor":10},{"not_picked":["Distraction","Caltrops"],"picked":"Footwork","floor":12},{"not_picked":["Backflip","Underhanded Strike"],"picked":"Acrobatics","floor":13},{"not_picked":["Endless Agony","Slice","Predator"],"picked":"SKIP","floor":14},{"not_picked":["Envenom","A Thousand Cuts"],"picked":"After Image","floor":16},{"not_picked":["Prepared","Deadly Poison"],"picked":"Crippling Poison","floor":18},{"not_picked":["Distraction+1","Tactician","Quick Slash"],"picked":"SKIP","floor":21},{"not_picked":["Dagger Throw","Underhanded Strike+1","Tactician"],"picked":"SKIP","floor":22},{"not_picked":["Cloak And Dagger","Dagger Throw"],"picked":"Bouncing Flask","floor":23},{"not_picked":["Deflect","Calculated Gamble"],"picked":"Noxious Fumes","floor":25},{"not_picked":["PiercingWail","Quick Slash","Blade Dance"],"picked":"SKIP","floor":29},{"not_picked":["Backflip","Setup","Flechettes"],"picked":"SKIP","floor":31},{"not_picked":["Die Die Die","Envenom"],"picked":"Adrenaline","floor":33},{"not_picked":["Dagger Throw","Dagger Spray"],"picked":"Bouncing Flask","floor":34},{"not_picked":["Deflect","Blade Dance+1"],"picked":"Flying Knee+1","floor":34},{"not_picked":["Blade Dance","Bouncing Flask"],"picked":"Dodge and Roll+1","floor":34},{"not_picked":["Finisher","Choke+1"],"picked":"PiercingWail","floor":34},{"not_picked":["Blur","Blade Dance"],"picked":"Leg Sweep","floor":35},{"not_picked":["Outmaneuver+1","Distraction","Noxious Fumes"],"picked":"SKIP","floor":36},{"not_picked":["Unload","Slice","Terror"],"picked":"SKIP","floor":40},{"not_picked":["Deflect","Blur"],"picked":"Catalyst+1","floor":42}],"player_experience":1970685,"relics_obtained":[{"floor":7,"key":"MawBank"},{"floor":9,"key":"Happy Flower"},{"floor":13,"key":"Regal Pillow"},{"floor":23,"key":"Boot"},{"floor":25,"key":"PreservedInsect"},{"floor":26,"key":"Paper Crane"},{"floor":40,"key":"Blue Candle"},{"floor":42,"key":"Unceasing Top"}],"event_choices":[{"damage_healed":0,"gold_gain":0,"player_choice":"Grow","damage_taken":0,"max_hp_gain":0,"max_hp_loss":0,"event_name":"Living Wall","floor":2,"gold_loss":0,"cards_upgraded":["Neutralize"]},{"damage_healed":0,"gold_gain":0,"player_choice":"Got Potions","damage_taken":0,"max_hp_gain":0,"max_hp_loss":0,"event_name":"Lab","floor":3,"gold_loss":0},{"damage_healed":0,"gold_gain":0,"player_choice":"Obtained Relic","damage_taken":0,"relics_obtained":["Bag of Preparation"],"max_hp_gain":0,"max_hp_loss":0,"event_name":"Addict","floor":20,"gold_loss":85},{"damage_healed":0,"gold_gain":0,"player_choice":"Forge","damage_taken":0,"max_hp_gain":0,"max_hp_loss":0,"event_name":"Accursed Blacksmith","floor":28,"gold_loss":0,"cards_upgraded":["Noxious Fumes"]},{"damage_healed":0,"gold_gain":0,"player_choice":"Ignored","damage_taken":0,"max_hp_gain":0,"max_hp_loss":0,"event_name":"Mysterious Sphere","floor":38,"gold_loss":0},{"cards_removed":["Strike_G"],"damage_healed":0,"gold_gain":0,"player_choice":"Upgrade and Remove","damage_taken":0,"max_hp_gain":0,"max_hp_loss":0,"event_name":"Designer","floor":39,"gold_loss":110,"cards_upgraded":["Backflip"]}],"is_beta":true,"boss_relics":[{"not_picked":["Ring of the Serpent","Calling Bell"],"picked":"Runic Pyramid"},{"not_picked":["Eternal Feather","WristBlade"],"picked":"Orrery"}],"items_purged_floors":[19,37],"is_endless":false,"potions_floor_spawned":[1,4,7,10,18,21,25,31,33,35,36],"killed_by":"Spire Growth","ascension_level":20}