{"gold_per_floor":[20,95,114,264,152,180,194,194,241,241,269,290,290,190,190,262,262,276,276,46,63,73,99,99,119,168,178,178,178,192,219,219,298,298,315,415,415,433,433,464,464,491,491,517,517,226,238,88,88,88],"floor_reached":50,"playtime":1606,"items_purged":["Doubt","Strike_R","Strike_R","Writhe"],"score":1298,"play_id":"af356210-54db-4712-99db-17ac55ddf9e6","local_time":"20190518133657","is_ascension_mode":true,"campfire_choices":[{"data":"Immolate","floor":8,"key":"SMITH"},{"data":"Armaments","floor":10,"key":"SMITH"},{"data":"Limit Break","floor":13,"key":"SMITH"},{"data":"Bash","floor":15,"key":"SMITH"},{"floor":24,"key":"REST"},{"floor":28,"key":"REST"},{"data":"Inflame","floor":32,"key":"SMITH"},{"floor":41,"key":"REST"},{"data":"1","floor":45,"key":"LIFT"},{"floor":49,"key":"REST"}],"neow_cost":"NO_GOLD","seed_source_timestamp":2329658992973464,"circlet_count":0,"master_deck":["AscendersBane","Defend_R+1","Defend_R","Defend_R","Bash+1","Immolate+1","Thunderclap+1","Armaments+1","Inflame+1","Shrug It Off","Headbutt+1","Limit Break+1","Inflame","Feed","Sword Boomerang","Pummel","Shrug It Off+1","Impervious","Limit Break+1","Offering","Heavy Blade","Reaper"],"relics":["Burning Blood","Oddly Smooth Stone","Happy Flower","Art of War","Odd Mushroom","Sozu","Medical Kit","Letter Opener","Whetstone","Frozen Egg 2","Empty Cage","Girya","PreservedInsect","Boot","Molten Egg 2","Ancient Tea Set","War Paint"],"potions_floor_usage":[16,16],"damage_taken":[{"damage":1,"enemies":"Cultist","floor":1,"turns":3},{"damage":12,"enemies":"Jaw Worm","floor":3,"turns":2},{"damage":37,"enemies":"3 Sentries","floor":6,"turns":6},{"damage":0,"enemies":"Small Slimes","floor":7,"turns":3},{"damage":8,"enemies":"Gremlin Nob","floor":11,"turns":3},{"damage":0,"enemies":"The Mushroom Lair","floor":12,"turns":1},{"damage":0,"enemies":"Slime Boss","floor":16,"turns":4},{"damage":12,"enemies":"3 Byrds","floor":18,"turns":3},{"damage":18,"enemies":"Chosen","floor":21,"turns":4},{"damage":9,"enemies":"3 Cultists","floor":22,"turns":3},{"damage":38,"enemies":"Slavers","floor":23,"turns":5},{"damage":25,"enemies":"Cultist and Chosen","floor":25,"turns":6},{"damage":12,"enemies":"Snake Plant","floor":27,"turns":4},{"damage":0,"enemies":"Centurion and Healer","floor":30,"turns":3},{"damage":12,"enemies":"Gremlin Leader","floor":31,"turns":5},{"damage":37,"enemies":"Champ","floor":33,"turns":10},{"damage":20,"enemies":"Orb Walker","floor":35,"turns":4},{"damage":0,"enemies":"Mind Bloom Boss Battle","floor":36,"turns":3},{"damage":46,"enemies":"3 Darklings","floor":38,"turns":5},{"damage":18,"enemies":"Nemesis","floor":40,"turns":5},{"damage":17,"enemies":"Giant Head","floor":42,"turns":4},{"damage":35,"enemies":"Reptomancer","floor":44,"turns":4},{"damage":55,"enemies":"Spire Growth","floor":47,"turns":4},{"damage":90,"enemies":"Donu and Deca","floor":50,"turns":5}],"seed_played":"5721501882633332262","potions_obtained":[{"floor":6,"key":"SteroidPotion"},{"floor":11,"key":"Strength Potion"}],"is_trial":false,"path_per_floor":["M","?","M","?","$","E","M","R","T","R","E","?","R","$","R","B",null,"M","?","$","M","M","E","R","M","T","M","R","?","M","E","R","B",null,"M","?","?","M","?","E","R","E","T","E","R","$","M","$","R","B"],"character_chosen":"IRONCLAD","items_purchased":["Inflame","Medical Kit","War Paint"],"campfire_rested":4,"item_purchase_floors":[5,20,46],"current_hp_per_floor":[73,62,56,56,56,25,31,31,31,31,29,35,35,35,35,41,67,65,65,65,53,50,18,41,25,25,19,43,43,52,49,49,18,71,57,63,81,41,41,29,55,44,44,69,69,69,35,35,62,0],"gold":88,"neow_bonus":"THREE_RARE_CARDS","is_prod":false,"is_daily":false,"chose_seed":false,"campfire_upgraded":5,"win_rate":0,"timestamp":1558179417,"path_taken":["M","?","M","?","$","E","M","R","T","R","E","?","R","$","R","BOSS","M","?","$","M","M","E","R","M","T","?","R","?","?","E","R","BOSS","M","?","?","M","?","E","R","E","T","E","R","$","M","$","R","BOSS"],"build_version":"2019-05-07","purchased_purges":4,"victory":false,"max_hp_per_floor":[75,75,75,75,75,75,75,75,75,75,75,75,75,75,75,75,75,79,79,79,79,79,79,79,82,82,82,82,82,85,88,88,88,88,88,88,88,88,88,88,88,88,88,88,88,88,91,91,91,91],"card_choices":[{"not_picked":["Barricade","Limit Break"],"picked":"Immolate","floor":0},{"not_picked":["Clothesline","Iron Wave"],"picked":"Thunderclap","floor":1},{"not_picked":["Intimidate","Whirlwind"],"picked":"Armaments","floor":3},{"not_picked":["Havoc","Twin Strike"],"picked":"Shrug It Off","floor":6},{"not_picked":["Dropkick","Burning Pact"],"picked":"Headbutt","floor":7},{"not_picked":["Carnage","Perfected Strike"],"picked":"Limit Break","floor":11},{"not_picked":["Flex","Armaments"],"picked":"Inflame","floor":12},{"not_picked":["Berserk","Dark Embrace"],"picked":"Feed","floor":16},{"not_picked":["Perfected Strike","Anger","Sword Boomerang"],"picked":"SKIP","floor":18},{"not_picked":["Perfected Strike","Anger"],"picked":"Sword Boomerang","floor":18},{"not_picked":["Havoc","Iron Wave","Wild Strike"],"picked":"SKIP","floor":21},{"not_picked":["Cleave","Power Through"],"picked":"Pummel","floor":22},{"not_picked":["Rupture","Whirlwind"],"picked":"Shrug It Off+1","floor":23},{"not_picked":["Clothesline+1","Cleave"],"picked":"Impervious","floor":25},{"not_picked":["Cleave","Pommel Strike","Armaments+1"],"picked":"SKIP","floor":27},{"not_picked":["Flex","Sword Boomerang","Blood for Blood"],"picked":"SKIP","floor":30},{"not_picked":["Pommel Strike","Dark Embrace","Flex"],"picked":"SKIP","floor":31},{"not_picked":["Offering","Juggernaut+1"],"picked":"Limit Break","floor":33},{"not_picked":["Second Wind","Dual Wield","Pommel Strike+1"],"picked":"SKIP","floor":35},{"not_picked":["Intimidate","Havoc+1"],"picked":"Offering","floor":38},{"not_picked":["Pommel Strike","True Grit"],"picked":"Heavy Blade","floor":40},{"not_picked":["Whirlwind","Sword Boomerang"],"picked":"Reaper","floor":42},{"not_picked":["Twin Strike+1","Iron Wave+1","Carnage+1"],"picked":"SKIP","floor":44},{"not_picked":["Headbutt+1","Dual Wield+1","Clothesline+1"],"picked":"SKIP","floor":47}],"player_experience":2025624,"relics_obtained":[{"floor":6,"key":"Oddly Smooth Stone"},{"floor":9,"key":"Happy Flower"},{"floor":11,"key":"Art of War"},{"floor":12,"key":"Odd Mushroom"},{"floor":23,"key":"Letter Opener"},{"floor":26,"key":"Whetstone"},{"floor":31,"key":"Frozen Egg 2"},{"floor":36,"key":"Girya"},{"floor":40,"key":"PreservedInsect"},{"floor":42,"key":"Boot"},{"floor":43,"key":"Molten Egg 2"},{"floor":44,"key":"Ancient Tea Set"}],"event_choices":[{"damage_healed":0,"gold_gain":75,"player_choice":"Gather Gold","damage_taken":11,"max_hp_gain":0,"max_hp_loss":0,"event_name":"World of Goop","floor":2,"gold_loss":0},{"damage_healed":0,"gold_gain":150,"player_choice":"AGREE","damage_taken":0,"max_hp_gain":0,"max_hp_loss":0,"event_name":"Liars Game","floor":4,"gold_loss":0,"cards_obtained":["Doubt"]},{"damage_healed":0,"gold_gain":0,"player_choice":"Fought Mushrooms","damage_taken":0,"max_hp_gain":0,"max_hp_loss":0,"event_name":"Mushrooms","floor":12,"gold_loss":0},{"cards_removed":["Strike_R"],"damage_healed":0,"gold_gain":0,"player_choice":"Purged","damage_taken":0,"max_hp_gain":0,"max_hp_loss":0,"event_name":"Purifier","floor":19,"gold_loss":0},{"damage_healed":0,"gold_gain":0,"player_choice":"Got Potions","damage_taken":0,"max_hp_gain":0,"max_hp_loss":0,"event_name":"Lab","floor":29,"gold_loss":0},{"damage_healed":0,"gold_gain":0,"player_choice":"Fight","damage_taken":0,"max_hp_gain":0,"max_hp_loss":0,"event_name":"MindBloom","floor":36,"gold_loss":0},{"damage_healed":18,"gold_gain":0,"player_choice":"Writhe","damage_taken":0,"max_hp_gain":0,"max_hp_loss":0,"event_name":"Winding Halls","floor":37,"gold_loss":0,"cards_obtained":["Writhe"]},{"cards_removed":["Defend_R"],"damage_healed":0,"gold_gain":0,"player_choice":"Removed Skill","damage_taken":0,"max_hp_gain":0,"max_hp_loss":0,"event_name":"Falling","floor":39,"gold_loss":0}],"is_beta":true,"boss_relics":[{"not_picked":["Cursed Key","Runic Cube"],"picked":"Sozu"},{"not_picked":["Eternal Feather","Busted Crown"],"picked":"Empty Cage"}],"items_purged_floors":[5,14,46,48],"is_endless":false,"potions_floor_spawned":[6,11,18,22,23,27,30,38,40,42],"killed_by":"Donu and Deca","ascension_level":20}