{"gold_per_floor":[118,118,418,418,155,155,190,190,190,208,208,208,222,256,256,329,329,345,360,267,277,30,30,40,40,40,56,71,86,113,124,124,198,198,210,34,54,1,11,11,28,28,28,39,39,58,71,96,96,96],"floor_reached":50,"playtime":2225,"items_purged":["Regret","Defend_R","Strike_R"],"score":979,"play_id":"863337dd-53f4-41f7-b353-26c77fc5ec92","local_time":"20190424082007","is_ascension_mode":true,"campfire_choices":[{"floor":6.0,"key":"REST"},{"data":"Spot Weakness","floor":8.0,"key":"SMITH"},{"floor":11.0,"key":"REST"},{"data":"Heavy Blade","floor":15.0,"key":"SMITH"},{"data":"Reaper","floor":23.0,"key":"SMITH"},{"floor":32.0,"key":"REST"},{"floor":40.0,"key":"REST"},{"floor":42.0,"key":"REST"},{"floor":49,"key":"REST"}],"neow_cost":"PERCENT_DAMAGE","seed_source_timestamp":0,"circlet_count":0,"master_deck":["AscendersBane","Strike_R","Strike_R","Strike_R","Strike_R","Defend_R","Defend_R","Defend_R","Bash","Demon Form+1","Spot Weakness+1","Inflame","Heavy Blade+1","Flex+1","Evolve","True Grit+1","Flex+1","Reaper+1","Cleave","Armaments+1","Flex+1","Metallicize","Thunderclap+1","Sentinel+1","Flex+1","Heavy Blade","Ghostly Armor+1","Impervious+1","Thunderclap+1","Reaper+1","Offering+1","Shrug It Off+1","Armaments+1","Heavy Blade+1","Juggernaut","Feel No Pain+1"],"special_seed":0,"relics":["Burning Blood","Old Coin","Regal Pillow","Membership Card","Du-Vu Doll","Toxic Egg 2","Philosopher\u0027s Stone","Turnip","Nloth\u0027s Gift","Matryoshka","Bottled Tornado","Lizard Tail","DollysMirror","Bottled Flame","Bag of Marbles","PreservedInsect"],"potions_floor_usage":[48,50],"damage_taken":[{"damage":8.0,"enemies":"Jaw Worm","floor":1.0,"turns":4.0},{"damage":45.0,"enemies":"3 Sentries","floor":7.0,"turns":9.0},{"damage":7.0,"enemies":"Small Slimes","floor":10.0,"turns":3.0},{"damage":0.0,"enemies":"2 Louse","floor":13.0,"turns":2.0},{"damage":24.0,"enemies":"Gremlin Nob","floor":14.0,"turns":4.0},{"damage":34.0,"enemies":"Hexaghost","floor":16.0,"turns":6.0},{"damage":37.0,"enemies":"Shell Parasite","floor":18.0,"turns":4.0},{"damage":26.0,"enemies":"2 Thieves","floor":19.0,"turns":3.0},{"damage":19.0,"enemies":"Centurion and Healer","floor":21.0,"turns":4.0},{"damage":14.0,"enemies":"Snecko","floor":24.0,"turns":5.0},{"damage":13.0,"enemies":"Snake Plant","floor":27.0,"turns":3.0},{"damage":33.0,"enemies":"Chosen and Byrds","floor":28.0,"turns":7.0},{"damage":0.0,"enemies":"Snecko","floor":29.0,"turns":2.0},{"damage":17.0,"enemies":"Slavers","floor":30.0,"turns":3.0},{"damage":40.0,"enemies":"Centurion and Healer","floor":31.0,"turns":6.0},{"damage":105.0,"enemies":"Automaton","floor":33.0,"turns":7.0},{"damage":26.0,"enemies":"3 Shapes","floor":35.0,"turns":5.0},{"damage":9.0,"enemies":"Orb Walker","floor":37.0,"turns":2.0},{"damage":44.0,"enemies":"Writhing Mass","floor":39.0,"turns":4.0},{"damage":38.0,"enemies":"Spire Growth","floor":41.0,"turns":5.0},{"damage":40.0,"enemies":"4 Shapes","floor":44.0,"turns":3.0},{"damage":36.0,"enemies":"3 Darklings","floor":46.0,"turns":9.0},{"damage":46.0,"enemies":"Writhing Mass","floor":47.0,"turns":5.0},{"damage":71,"enemies":"Reptomancer","floor":48,"turns":5},{"damage":134,"enemies":"Time Eater","floor":50,"turns":7}],"seed_played":"9048343533781678092","potions_obtained":[{"floor":7.0,"key":"BloodPotion"},{"floor":10.0,"key":"Block Potion"},{"floor":14.0,"key":"Ancient Potion"},{"floor":19.0,"key":"SpeedPotion"},{"floor":24.0,"key":"BloodPotion"},{"floor":28.0,"key":"EntropicBrew"},{"floor":31.0,"key":"Poison Potion"},{"floor":39.0,"key":"SpeedPotion"},{"floor":41.0,"key":"Swift Potion"},{"floor":44.0,"key":"Strength Potion"}],"is_trial":false,"path_per_floor":["M","?","?","?","$","R","E","R","T","M","R","?","M","E","R","B",null,"M","M","$","M","$","R","M","?","T","M","M","M","E","M","R","B",null,"M","$","M","$","M","R","M","R","T","M","?","M","M","E","R","B"],"character_chosen":"IRONCLAD","items_purchased":["Membership Card","Inflame","Flex+1","Metallicize","Turnip","Sentinel+1","DollysMirror","Offering+1","Shrug It Off+1","Armaments+1"],"campfire_rested":6,"item_purchase_floors":[5,5,20,20,22,22,36,36,38,38],"current_hp_per_floor":[48,48,48,37,37,74,35,35,35,34,71,71,75,57,57,29,64,48,57,57,68,68,68,68,68,68,73,58,64,53,50,75,29,64,75,75,72,72,42,75,52,75,75,41,41,68,28,10,47,0],"gold":96,"neow_bonus":"THREE_RARE_CARDS","is_prod":false,"is_daily":false,"chose_seed":false,"campfire_upgraded":3,"win_rate":0,"timestamp":1556108407,"path_taken":["M","?","?","?","$","R","E","R","T","M","R","?","M","E","R","BOSS","M","M","$","?","$","R","M","?","T","M","M","M","E","M","R","BOSS","M","$","M","$","M","R","?","R","T","M","?","M","?","E","R","BOSS"],"build_version":"2019-01-23","purchased_purges":3,"victory":false,"max_hp_per_floor":[75,75,75,75,75,75,75,75,75,75,75,75,75,75,75,75,75,75,75,75,75,75,75,75,75,75,75,75,75,75,75,75,75,75,75,75,75,75,75,75,75,75,75,75,75,75,75,75,75,75],"card_choices":[{"not_picked":["Impervious","Limit Break"],"picked":"Demon Form","floor":0.0},{"not_picked":["Twin Strike","Anger"],"picked":"Spot Weakness","floor":1.0},{"not_picked":["Cleave","Body Slam"],"picked":"Heavy Blade","floor":7.0},{"not_picked":["Wild Strike","Rupture"],"picked":"Flex+1","floor":10.0},{"not_picked":["Disarm+1","Body Slam"],"picked":"True Grit+1","floor":13.0},{"not_picked":["Cleave","Clothesline"],"picked":"Flex+1","floor":14.0},{"not_picked":["Berserk","Impervious+1"],"picked":"Reaper","floor":16.0},{"not_picked":["Fire Breathing","Rampage"],"picked":"Cleave","floor":18.0},{"not_picked":["Pommel Strike","Infernal Blade+1"],"picked":"Armaments+1","floor":19.0},{"not_picked":["Clash","Anger"],"picked":"Thunderclap+1","floor":21.0},{"not_picked":["Clash","Twin Strike"],"picked":"Flex+1","floor":24.0},{"not_picked":["Havoc+1","Perfected Strike","Power Through+1"],"picked":"SKIP","floor":27.0},{"not_picked":["Body Slam","Clash"],"picked":"Heavy Blade","floor":28.0},{"not_picked":["Immolate","Warcry+1"],"picked":"Ghostly Armor+1","floor":29.0},{"not_picked":["Iron Wave","Bludgeon","Power Through+1"],"picked":"SKIP","floor":30.0},{"not_picked":["Disarm+1","Wild Strike","Entrench+1"],"picked":"SKIP","floor":31.0},{"not_picked":["Immolate","Juggernaut"],"picked":"Impervious+1","floor":33.0},{"not_picked":["Perfected Strike","Sword Boomerang"],"picked":"Thunderclap+1","floor":35.0},{"not_picked":["Sever Soul","Seeing Red+1","Wild Strike+1"],"picked":"SKIP","floor":37.0},{"not_picked":["Clothesline","Headbutt","Thunderclap+1"],"picked":"SKIP","floor":39.0},{"not_picked":["Perfected Strike","Havoc+1"],"picked":"Heavy Blade+1","floor":41.0},{"not_picked":["Blood for Blood","Searing Blow","Cleave+1"],"picked":"SKIP","floor":44.0},{"not_picked":["Searing Blow","Iron Wave","Disarm+1"],"picked":"SKIP","floor":46.0},{"not_picked":["Combust","Flex+1"],"picked":"Feel No Pain+1","floor":47.0},{"not_picked":["Pommel Strike+1","Clothesline","Juggernaut"],"picked":"SKIP","floor":48}],"player_experience":2792978,"relics_obtained":[{"floor":7.0,"key":"Du-Vu Doll"},{"floor":9.0,"key":"Toxic Egg 2"},{"floor":14.0,"key":"Smiling Mask"},{"floor":26.0,"key":"Matryoshka"},{"floor":30.0,"key":"Bottled Tornado"},{"floor":43.0,"key":"Bottled Flame"},{"floor":43.0,"key":"Bag of Marbles"},{"floor":48,"key":"PreservedInsect"}],"event_choices":[{"damage_healed":0.0,"max_hp_gain":0.0,"max_hp_loss":0.0,"gold_gain":0.0,"event_name":"Living Wall","player_choice":"Grow","floor":2.0,"gold_loss":0.0,"damage_taken":0.0,"cards_upgraded":["Demon Form"]},{"damage_healed":0.0,"max_hp_gain":0.0,"max_hp_loss":0.0,"gold_gain":0.0,"event_name":"Big Fish","player_choice":"Box","floor":3.0,"gold_loss":0.0,"damage_taken":0.0,"relics_obtained":["Old Coin"],"cards_obtained":["Regret"]},{"damage_healed":0.0,"max_hp_gain":0.0,"max_hp_loss":0.0,"gold_gain":0.0,"event_name":"Scrap Ooze","player_choice":"Success","floor":4.0,"gold_loss":0.0,"damage_taken":11.0,"relics_obtained":["Regal Pillow"]},{"damage_healed":0.0,"max_hp_gain":0.0,"max_hp_loss":0.0,"gold_gain":0.0,"event_name":"Match and Keep!","player_choice":"1 cards matched","floor":12.0,"gold_loss":0.0,"damage_taken":0.0,"cards_obtained":["Evolve"]},{"damage_healed":0.0,"max_hp_gain":0.0,"max_hp_loss":0.0,"gold_gain":0.0,"event_name":"N\u0027loth","player_choice":"Traded Relic","floor":25.0,"relics_lost":["Smiling Mask"],"gold_loss":0.0,"damage_taken":0.0,"relics_obtained":["Nloth\u0027s Gift"]},{"damage_healed":0.0,"max_hp_gain":0.0,"max_hp_loss":0.0,"gold_gain":0.0,"event_name":"Match and Keep!","player_choice":"1 cards matched","floor":45.0,"gold_loss":0.0,"damage_taken":0.0,"cards_obtained":["Juggernaut"]}],"is_beta":false,"boss_relics":[{"not_picked":["Runic Dome","Runic Pyramid"],"picked":"Philosopher\u0027s Stone"},{"not_picked":["Snecko Eye","Cursed Key"],"picked":"Lizard Tail"}],"items_purged_floors":[5,20,22],"is_endless":false,"potions_floor_spawned":[7,10,14,19,24,28,29,31,39,41,44],"killed_by":"Time Eater","ascension_level":15}