{"gold_per_floor":[115,47,63,83,97,115,115,141,165,190,206,217,237,254,254,254],"floor_reached":16,"playtime":801,"items_purged":[],"score":118,"play_id":"d886da57-071b-40c6-b5e2-58dded965cb6","local_time":"20190415155540","is_ascension_mode":false,"campfire_choices":[{"data":"Redo","floor":7,"key":"SMITH"},{"data":"Capacitor","floor":15,"key":"SMITH"}],"neow_cost":"NONE","seed_source_timestamp":1913725885064845,"circlet_count":0,"master_deck":["Strike_B","Strike_B","Strike_B","Strike_B","Defend_B","Defend_B","Defend_B","Defend_B","Zap+1","Dualcast","Hologram","Cold Snap","Redo+1","Barrage","Glacier","FTL","Coolheaded","Multi-Cast","Creative AI","Beam Cell","Capacitor+1"],"relics":["Cracked Core","Vajra","Potion Belt","Juzu Bracelet"],"potions_floor_usage":[],"damage_taken":[{"damage":1,"enemies":"Cultist","floor":1,"turns":3},{"damage":3,"enemies":"2 Louse","floor":3,"turns":3},{"damage":0,"enemies":"Small Slimes","floor":4,"turns":3},{"damage":7,"enemies":"3 Louse","floor":5,"turns":3},{"damage":0,"enemies":"Exordium Thugs","floor":6,"turns":4},{"damage":16,"enemies":"Gremlin Nob","floor":8,"turns":5},{"damage":3,"enemies":"3 Sentries","floor":10,"turns":9},{"damage":9,"enemies":"2 Fungi Beasts","floor":11,"turns":3},{"damage":11,"enemies":"Exordium Wildlife","floor":12,"turns":5},{"damage":0,"enemies":"Large Slime","floor":13,"turns":5},{"damage":11,"enemies":"Exordium Thugs","floor":14,"turns":4},{"damage":17,"enemies":"Hexaghost","floor":16,"turns":9}],"seed_played":"-5814354946337287129","potions_obtained":[{"floor":4,"key":"FearPotion"},{"floor":5,"key":"Poison Potion"},{"floor":11,"key":"Poison Potion"},{"floor":12,"key":"Swift Potion"},{"floor":13,"key":"Fire Potion"},{"floor":14,"key":"Explosive Potion"}],"is_trial":false,"path_per_floor":["M","$","M","M","M","M","R","E","T","E","M","M","M","M","R","B"],"character_chosen":"DEFECT","items_purchased":["Cold Snap","Redo"],"campfire_rested":0,"item_purchase_floors":[2,2],"current_hp_per_floor":[74,74,71,71,64,64,64,48,48,45,36,25,25,14,14,0],"gold":254,"neow_bonus":"UPGRADE_CARD","is_prod":false,"is_daily":false,"chose_seed":false,"campfire_upgraded":2,"win_rate":0.0,"timestamp":1555336540,"path_taken":["M","?","M","M","M","M","R","E","T","E","M","M","M","M","R","BOSS"],"build_version":"2019-04-04","purchased_purges":0,"victory":false,"max_hp_per_floor":[75,75,75,75,75,75,75,75,75,75,75,75,75,75,75,75],"card_choices":[{"not_picked":["Conserve Battery","Leap"],"picked":"Hologram","floor":1},{"not_picked":["Steam","Gash"],"picked":"Barrage","floor":3},{"not_picked":["Leap","Loop"],"picked":"Glacier","floor":4},{"not_picked":["White Noise","Turbo"],"picked":"FTL","floor":5},{"not_picked":["Steam","Lockon"],"picked":"Coolheaded","floor":6},{"not_picked":["White Noise","Turbo","Coolheaded"],"picked":"SKIP","floor":8},{"not_picked":["Reinforced Body","Chaos"],"picked":"Multi-Cast","floor":10},{"not_picked":["Rebound","Hologram","Reprogram"],"picked":"SKIP","floor":11},{"not_picked":["Ball Lightning","Rebound"],"picked":"Creative AI","floor":12},{"not_picked":["Consume","Stack"],"picked":"Beam Cell","floor":13},{"not_picked":["Rip and Tear","Conserve Battery"],"picked":"Capacitor","floor":14}],"player_experience":1120180,"relics_obtained":[{"floor":8,"key":"Vajra"},{"floor":9,"key":"Potion Belt"},{"floor":10,"key":"Juzu Bracelet"}],"event_choices":[],"is_beta":true,"boss_relics":[],"items_purged_floors":[],"is_endless":false,"potions_floor_spawned":[4,5,11,12,13,14],"killed_by":"Hexaghost","ascension_level":0}