{"gold_per_floor":[110,6,6,24,42,42,73,83,83,83,117,117,136,168,168,242,242,259,269,34,45,45,45,80,80,80,114,114,125,138,62,62,137,187,203,203,217,117,117,117,117,150,150,162,162,119,134,151,151,151],"floor_reached":50,"playtime":2729,"items_purged":["Strike_B","Strike_B"],"score":1157,"play_id":"60216395-b958-47b9-8a58-355100185a2b","local_time":"20190509200044","is_ascension_mode":true,"campfire_choices":[{"data":"Go for the Eyes","floor":6,"key":"SMITH"},{"data":"Doom and Gloom","floor":10,"key":"SMITH"},{"data":"Conserve Battery","floor":12,"key":"SMITH"},{"floor":15,"key":"REST"},{"floor":23,"key":"REST"},{"data":"Thunder Strike","floor":25,"key":"SMITH"},{"floor":32,"key":"REST"},{"floor":40,"key":"REST"},{"floor":45,"key":"REST"},{"floor":49,"key":"REST"}],"neow_cost":"NONE","seed_source_timestamp":1573963012828002,"circlet_count":0,"master_deck":["AscendersBane","Strike_B","Strike_B","Defend_B","Defend_B","Defend_B","Zap","Dualcast","Conserve Battery+1","Compile Driver","Go for the Eyes+1","Ball Lightning+1","Doom and Gloom+1","Steam","Sweeping Beam","Ball Lightning","Ball Lightning","Chill","Thunder Strike+1","Ball Lightning","Compile Driver","Compile Driver+1","Defragment","Doom and Gloom","Capacitor","Echo Form","FTL","Go for the Eyes+1","Aggregate+1","Reinforced Body","Steam"],"relics":["Cracked Core","NeowsBlessing","FaceOfCleric","Vajra","Ancient Tea Set","Sundial","Regal Pillow","Cursed Key","Bag of Preparation","Strawberry","Du-Vu Doll","Tiny House","Lantern"],"potions_floor_usage":[11,11,24,33,50,50],"damage_taken":[{"damage":0,"enemies":"Jaw Worm","floor":1,"turns":1},{"damage":0,"enemies":"Cultist","floor":4,"turns":1},{"damage":0,"enemies":"Small Slimes","floor":5,"turns":1},{"damage":26,"enemies":"Gremlin Nob","floor":7,"turns":4},{"damage":8,"enemies":"Blue Slaver","floor":8,"turns":3},{"damage":8,"enemies":"3 Sentries","floor":11,"turns":4},{"damage":0,"enemies":"Lots of Slimes","floor":13,"turns":1},{"damage":14,"enemies":"Lagavulin","floor":14,"turns":4},{"damage":30,"enemies":"The Guardian","floor":16,"turns":9},{"damage":25,"enemies":"2 Thieves","floor":18,"turns":3},{"damage":0,"enemies":"Chosen","floor":19,"turns":3},{"damage":16,"enemies":"Shelled Parasite and Fungi","floor":21,"turns":5},{"damage":5,"enemies":"Slavers","floor":24,"turns":4},{"damage":0,"enemies":"Gremlin Leader","floor":27,"turns":4},{"damage":18,"enemies":"Cultist and Chosen","floor":29,"turns":4},{"damage":31,"enemies":"Snake Plant","floor":30,"turns":3},{"damage":54,"enemies":"Automaton","floor":33,"turns":7},{"damage":11,"enemies":"3 Shapes","floor":35,"turns":2},{"damage":29,"enemies":"3 Darklings","floor":37,"turns":5},{"damage":32,"enemies":"Reptomancer","floor":42,"turns":5},{"damage":36,"enemies":"Jaw Worm Horde","floor":44,"turns":3},{"damage":30,"enemies":"Writhing Mass","floor":47,"turns":7},{"damage":2,"enemies":"Sphere and 2 Shapes","floor":48,"turns":5},{"damage":104,"enemies":"Awakened One","floor":50,"turns":7}],"seed_played":"-9032506512902712843","potions_obtained":[{"floor":1,"key":"Regen Potion"},{"floor":5,"key":"Regen Potion"},{"floor":7,"key":"Fire Potion"},{"floor":19,"key":"Regen Potion"},{"floor":21,"key":"GamblersBrew"},{"floor":27,"key":"FocusPotion"},{"floor":34,"key":"SmokeBomb"},{"floor":36,"key":"Ancient Potion"},{"floor":42,"key":"Dexterity Potion"},{"floor":48,"key":"Regen Potion"}],"is_trial":false,"path_per_floor":["M","$","?","M","M","R","E","M","T","R","E","R","M","E","R","B",null,"M","M","$","M","?","R","E","R","T","E","?","M","M","$","R","B",null,"M","?","M","$","$","R","?","E","T","M","R","$","M","M","R","B"],"character_chosen":"DEFECT","items_purchased":["Compile Driver","Go for the Eyes","Bag of Preparation","Capacitor","Reinforced Body"],"campfire_rested":6,"item_purchase_floors":[2,2,20,31,46],"current_hp_per_floor":[64,64,64,65,66,66,41,34,34,34,39,39,40,27,65,36,68,44,45,45,30,30,69,84,84,84,85,58,41,11,11,55,2,80,70,70,42,42,42,88,88,57,57,22,69,69,40,39,87,0],"gold":151,"neow_bonus":"THREE_ENEMY_KILL","is_prod":false,"is_daily":false,"chose_seed":false,"campfire_upgraded":4,"win_rate":0,"timestamp":1557424844,"path_taken":["M","$","?","?","M","R","E","M","T","R","E","R","?","E","R","BOSS","M","M","$","M","?","R","E","R","T","E","?","M","M","$","R","BOSS","M","?","?","?","$","R","?","E","T","M","R","?","M","?","R","BOSS"],"build_version":"2019-05-07","purchased_purges":2,"victory":false,"max_hp_per_floor":[71,71,71,72,73,73,74,75,75,75,76,76,77,78,78,79,79,80,81,81,82,82,82,90,90,90,91,96,97,98,98,98,99,104,105,105,106,106,106,106,106,107,107,108,108,108,109,110,110,110],"card_choices":[{"not_picked":["Undo","Cold Snap"],"picked":"Conserve Battery","floor":1},{"not_picked":["Compile Driver","Streamline"],"picked":"Ball Lightning","floor":4},{"not_picked":["Steam","Leap"],"picked":"Doom and Gloom","floor":5},{"not_picked":["Amplify","Aggregate"],"picked":"Steam","floor":7},{"not_picked":["Fusion","Barrage"],"picked":"Sweeping Beam","floor":8},{"not_picked":["Rebound","Barrage"],"picked":"Ball Lightning","floor":11},{"not_picked":["Scrape","Cold Snap"],"picked":"Ball Lightning","floor":13},{"not_picked":["Beam Cell","Sweeping Beam"],"picked":"Chill","floor":14},{"not_picked":["All For One","Fission"],"picked":"Thunder Strike","floor":16},{"not_picked":["Go for the Eyes","Gash"],"picked":"Ball Lightning","floor":18},{"not_picked":["Redo","Steam"],"picked":"Compile Driver","floor":19},{"not_picked":["Sunder","Hologram+1","Undo"],"picked":"SKIP","floor":21},{"not_picked":["Steam Power","Rainbow"],"picked":"Compile Driver+1","floor":24},{"not_picked":["Darkness+1","Chill"],"picked":"Defragment","floor":27},{"not_picked":["Sweeping Beam","Gash"],"picked":"Doom and Gloom","floor":29},{"not_picked":["Sweeping Beam","Go for the Eyes","Redo"],"picked":"SKIP","floor":30},{"not_picked":["Amplify","Reboot"],"picked":"Echo Form","floor":33},{"not_picked":["Redo","Sweeping Beam"],"picked":"FTL","floor":34},{"not_picked":["Storm+1","Tempest","Reprogram"],"picked":"SKIP","floor":35},{"not_picked":["Double Energy","Cold Snap","Blizzard"],"picked":"SKIP","floor":37},{"not_picked":["Tempest","Barrage"],"picked":"Go for the Eyes+1","floor":42},{"not_picked":["Leap","Streamline"],"picked":"Aggregate+1","floor":44},{"not_picked":["Force Field","Redo","Beam Cell+1"],"picked":"SKIP","floor":47},{"not_picked":["Chaos","Doom and Gloom"],"picked":"Steam","floor":48}],"player_experience":1677660,"relics_obtained":[{"floor":7,"key":"Vajra"},{"floor":9,"key":"Ancient Tea Set"},{"floor":11,"key":"Sundial"},{"floor":14,"key":"Regal Pillow"},{"floor":24,"key":"Strawberry"},{"floor":27,"key":"Du-Vu Doll"},{"floor":42,"key":"Lantern"}],"event_choices":[{"damage_healed":0,"gold_gain":0,"player_choice":"Trade","damage_taken":0,"relics_obtained":["FaceOfCleric"],"max_hp_gain":0,"max_hp_loss":0,"event_name":"FaceTrader","floor":3,"gold_loss":0},{"damage_healed":0,"gold_gain":0,"player_choice":"Ignored","damage_taken":0,"max_hp_gain":0,"max_hp_loss":0,"event_name":"Beggar","floor":22,"gold_loss":0},{"damage_healed":0,"gold_gain":0,"player_choice":"Shed Blood","damage_taken":32,"max_hp_gain":5,"max_hp_loss":0,"event_name":"Forgotten Altar","floor":28,"gold_loss":0},{"damage_healed":0,"gold_gain":0,"player_choice":"Got Potions","damage_taken":0,"max_hp_gain":0,"max_hp_loss":0,"event_name":"Lab","floor":36,"gold_loss":0},{"cards_removed":["Defend_B"],"damage_healed":0,"gold_gain":0,"player_choice":"Removed Skill","damage_taken":0,"max_hp_gain":0,"max_hp_loss":0,"event_name":"Falling","floor":41,"gold_loss":0}],"is_beta":true,"boss_relics":[{"not_picked":["White Beast Statue","FrozenCore"],"picked":"Cursed Key"},{"not_picked":["Black Star","Calling Bell"],"picked":"Tiny House"}],"items_purged_floors":[20,38],"is_endless":false,"potions_floor_spawned":[1,5,7,19,21,27,42,48],"killed_by":"Awakened One","ascension_level":19}