{"gold_per_floor":[118,196,215,228,244,277,277,288,342,342,342,355,372,400,400,502,502,502,427,427,155,70,70,70,70,70,70,70,70,70,70,70,70],"floor_reached":33,"playtime":1909,"items_purged":["Strike_B"],"score":510,"play_id":"af6fa8f3-5e5a-4a82-b7e8-1abb0929862e","local_time":"20190424182914","is_ascension_mode":true,"campfire_choices":[{"data":"Zap","floor":7,"key":"SMITH"},{"data":"Self Repair","floor":11,"key":"SMITH"},{"data":"Buffer","floor":15,"key":"SMITH"},{"data":"White Noise","floor":24,"key":"SMITH"},{"data":"Storm","floor":28,"key":"SMITH"},{"data":"Redo","floor":32,"key":"SMITH"}],"neow_cost":"NONE","seed_source_timestamp":273294080719488,"circlet_count":0,"master_deck":["Strike_B","Defend_B","Defend_B","Defend_B","Defend_B","Zap+1","Dualcast","Self Repair+1","Streamline","Redo","Coolheaded","Go for the Eyes","Buffer+1","Conserve Battery","Electrodynamics","White Noise+1","Redo+1","Glacier","Compile Driver","Storm+1","Steam+1"],"relics":["Cracked Core","Dodecahedron","Boot","Mummified Hand","Ectoplasm","Bronze Scales","DataDisk","Art of War","Darkstone Periapt","Smiling Mask","MawBank"],"potions_floor_usage":[14,16,16,33],"damage_taken":[{"damage":0,"enemies":"2 Louse","floor":1,"turns":3},{"damage":3,"enemies":"Small Slimes","floor":3,"turns":3},{"damage":12,"enemies":"Jaw Worm","floor":4,"turns":3},{"damage":1,"enemies":"3 Louse","floor":5,"turns":5},{"damage":39,"enemies":"3 Sentries","floor":6,"turns":8},{"damage":13,"enemies":"2 Fungi Beasts","floor":8,"turns":4},{"damage":14,"enemies":"Red Slaver","floor":12,"turns":3},{"damage":18,"enemies":"Lots of Slimes","floor":13,"turns":4},{"damage":0,"enemies":"Lagavulin","floor":14,"turns":8},{"damage":16,"enemies":"Hexaghost","floor":16,"turns":8},{"damage":0,"enemies":"Spheric Guardian","floor":18,"turns":4},{"damage":12,"enemies":"Shell Parasite","floor":20,"turns":6},{"damage":0,"enemies":"Gremlin Leader","floor":23,"turns":6},{"damage":7,"enemies":"Snake Plant","floor":25,"turns":4},{"damage":14,"enemies":"Slavers","floor":27,"turns":3},{"damage":0,"enemies":"Book of Stabbing","floor":30,"turns":3},{"damage":0,"enemies":"Snecko","floor":31,"turns":4},{"damage":95,"enemies":"Automaton","floor":33,"turns":12}],"seed_played":"5631382029587001512","potions_obtained":[{"floor":3,"key":"Dexterity Potion"},{"floor":6,"key":"SpeedPotion"},{"floor":8,"key":"PowerPotion"},{"floor":14,"key":"LiquidBronze"},{"floor":18,"key":"FocusPotion"},{"floor":20,"key":"Energy Potion"},{"floor":31,"key":"Block Potion"}],"is_trial":false,"path_per_floor":["M","?","M","M","M","E","R","M","T","?","R","M","M","E","R","B",null,"M","?","M","$","?","E","R","M","T","E","R","?","E","M","R","B"],"character_chosen":"DEFECT","items_purchased":["Bronze Scales","Glacier"],"campfire_rested":0,"item_purchase_floors":[21,21],"current_hp_per_floor":[75,75,75,70,75,43,43,37,37,42,42,38,30,40,40,34,69,79,79,77,77,77,80,80,80,80,76,76,76,80,80,80,0],"gold":70,"neow_bonus":"THREE_CARDS","is_prod":false,"is_daily":false,"chose_seed":false,"campfire_upgraded":6,"win_rate":0,"timestamp":1556123354,"path_taken":["M","?","M","M","M","E","R","M","T","?","R","M","M","E","R","BOSS","M","?","M","$","?","E","R","M","T","E","R","?","E","M","R","BOSS"],"build_version":"2019-04-23","purchased_purges":1,"victory":false,"max_hp_per_floor":[75,75,75,75,75,75,75,75,75,80,80,80,80,80,80,80,80,80,80,80,80,80,80,80,80,80,80,80,80,80,80,80,80],"card_choices":[{"not_picked":["Force Field","Chaos"],"picked":"Self Repair","floor":0},{"not_picked":["Chill","Conserve Battery"],"picked":"Streamline","floor":1},{"not_picked":["Chaos","Conserve Battery"],"picked":"Redo","floor":3},{"not_picked":["Melter","Redo"],"picked":"Coolheaded","floor":4},{"not_picked":["Double Energy","Steam"],"picked":"Go for the Eyes","floor":5},{"not_picked":["Go for the Eyes","Gash"],"picked":"Buffer","floor":6},{"not_picked":["Sunder","Barrage"],"picked":"Conserve Battery","floor":8},{"not_picked":["Gash","Streamline","Barrage"],"picked":"SKIP","floor":12},{"not_picked":["Glacier","Hologram"],"picked":"Electrodynamics","floor":13},{"not_picked":["Go for the Eyes","Leap","Conserve Battery"],"picked":"SKIP","floor":14},{"not_picked":["Streamline","Melter+1"],"picked":"White Noise","floor":18},{"not_picked":["Chaos","Coolheaded"],"picked":"Redo","floor":20},{"not_picked":["Seek","Leap","Conserve Battery"],"picked":"SKIP","floor":23},{"not_picked":["Storm","Coolheaded"],"picked":"Compile Driver","floor":25},{"not_picked":["Beam Cell+1","Compile Driver+1"],"picked":"Storm","floor":27},{"not_picked":["Cold Snap","Compile Driver"],"picked":"Steam+1","floor":30},{"not_picked":["Lockon","Heatsinks","Stack"],"picked":"SKIP","floor":31}],"player_experience":1200194,"relics_obtained":[{"floor":6,"key":"Dodecahedron"},{"floor":9,"key":"Boot"},{"floor":14,"key":"Mummified Hand"},{"floor":23,"key":"Art of War"},{"floor":26,"key":"Darkstone Periapt"},{"floor":27,"key":"Smiling Mask"},{"floor":30,"key":"MawBank"}],"event_choices":[{"damage_healed":0,"gold_gain":78,"player_choice":"Gained Gold","damage_taken":0,"max_hp_gain":0,"max_hp_loss":0,"event_name":"Golden Wing","floor":2,"gold_loss":0},{"damage_healed":0,"gold_gain":0,"player_choice":"Donut","damage_taken":0,"max_hp_gain":5,"max_hp_loss":0,"event_name":"Big Fish","floor":10,"gold_loss":0},{"cards_removed":["Strike_B"],"damage_healed":0,"gold_gain":0,"player_choice":"Gave Gold","damage_taken":0,"max_hp_gain":0,"max_hp_loss":0,"event_name":"Beggar","floor":19,"gold_loss":75},{"damage_healed":0,"gold_gain":0,"player_choice":"Obtained Relic","damage_taken":0,"relics_obtained":["DataDisk"],"max_hp_gain":0,"max_hp_loss":0,"event_name":"Addict","floor":22,"gold_loss":85},{"cards_removed":["Strike_B"],"damage_healed":0,"gold_gain":0,"player_choice":"Purged","damage_taken":0,"max_hp_gain":0,"max_hp_loss":0,"event_name":"Purifier","floor":29,"gold_loss":0}],"is_beta":true,"boss_relics":[{"not_picked":["Nuclear Battery","Tiny House"],"picked":"Ectoplasm"}],"items_purged_floors":[21],"is_endless":false,"potions_floor_spawned":[3,6,8,13,14,18,20,27,31],"killed_by":"Automaton","ascension_level":6}