{"gold_per_floor":[218,9,9,9,19,19,169,169,224,259,279,307,307,325,325,398,398,414,427,4,4,4,4,33,33,114,130,187,187,217,230,230,230],"floor_reached":33,"playtime":1885,"items_purged":["Doubt"],"score":569,"play_id":"6442d8b7-4fc9-49c2-9747-3e5ad36f2fc9","local_time":"20190501170559","is_ascension_mode":true,"campfire_choices":[{"data":"Bash","floor":6,"key":"SMITH"},{"data":"True Grit","floor":8,"key":"SMITH"},{"data":"Battle Trance","floor":13,"key":"SMITH"},{"data":"Whirlwind","floor":15,"key":"SMITH"},{"data":"Heavy Blade","floor":23,"key":"SMITH"},{"floor":25,"key":"REST"},{"data":"Metallicize","floor":32,"key":"SMITH"}],"neow_cost":"NONE","seed_source_timestamp":873123418126506,"circlet_count":0,"master_deck":["AscendersBane","Defend_R","Defend_R","Defend_R","Defend_R","Bash+1","True Grit+1","Thunderclap","Twin Strike","Twin Strike","Battle Trance+1","Whirlwind+1","Reaper","Heavy Blade+1","Bite","Bite","Bite","Bite","Bite","Metallicize+1","Corruption+1","Cleave"],"relics":["Black Blood","Brimstone","Gambling Chip","Pantograph","Question Card","Lee\u0027s Waffle","Orichalcum","NlothsMask","Blood Vial","Tiny Chest","Darkstone Periapt","Vajra"],"potions_floor_usage":[24,30],"damage_taken":[{"damage":1,"enemies":"2 Louse","floor":1,"turns":3},{"damage":0,"enemies":"Small Slimes","floor":5,"turns":3},{"damage":23,"enemies":"Lagavulin","floor":10,"turns":4},{"damage":0,"enemies":"Cultist","floor":11,"turns":2},{"damage":13,"enemies":"3 Sentries","floor":12,"turns":5},{"damage":0,"enemies":"3 Louse","floor":14,"turns":2},{"damage":74,"enemies":"The Guardian","floor":16,"turns":8},{"damage":35,"enemies":"2 Thieves","floor":18,"turns":4},{"damage":22,"enemies":"Spheric Guardian","floor":19,"turns":4},{"damage":49,"enemies":"Slavers","floor":24,"turns":5},{"damage":26,"enemies":"Snecko","floor":27,"turns":4},{"damage":30,"enemies":"Gremlin Leader","floor":28,"turns":4},{"damage":65,"enemies":"Slavers","floor":30,"turns":5},{"damage":40,"enemies":"Centurion and Healer","floor":31,"turns":6},{"damage":95,"enemies":"Automaton","floor":33,"turns":6}],"seed_played":"-649825044961362479","potions_obtained":[{"floor":11,"key":"FearPotion"},{"floor":12,"key":"Ancient Potion"},{"floor":31,"key":"Dexterity Potion"}],"is_trial":false,"path_per_floor":["M","$","?","?","M","R","?","R","T","E","M","E","R","M","R","B",null,"M","M","$","?","?","R","E","R","T","M","E","T","E","M","R","B"],"character_chosen":"IRONCLAD","items_purchased":["Brimstone","Lee\u0027s Waffle","Orichalcum"],"campfire_rested":1,"item_purchase_floors":[2,20,20],"current_hp_per_floor":[73,73,73,73,75,75,75,75,75,58,64,57,57,63,63,7,58,57,45,82,57,57,57,34,51,51,54,53,53,42,55,55,0],"gold":230,"neow_bonus":"HUNDRED_GOLD","is_prod":false,"is_daily":false,"chose_seed":false,"campfire_upgraded":6,"win_rate":0,"timestamp":1556723159,"path_taken":["M","$","?","?","?","R","?","R","T","E","M","E","R","M","R","BOSS","M","M","$","?","?","R","E","R","T","?","E","?","E","?","R","BOSS"],"build_version":"2019-04-23","purchased_purges":1,"victory":false,"max_hp_per_floor":[75,75,75,75,75,75,75,75,75,75,75,75,75,75,75,75,75,75,75,82,57,57,57,57,57,57,57,57,57,57,57,57,57],"card_choices":[{"not_picked":["Havoc","Wild Strike"],"picked":"True Grit","floor":1},{"not_picked":["Flex","Body Slam"],"picked":"Thunderclap","floor":5},{"not_picked":["Inflame","Rupture"],"picked":"Twin Strike","floor":10},{"not_picked":["Sever Soul","Evolve"],"picked":"Twin Strike","floor":11},{"not_picked":["Berserk","Wild Strike"],"picked":"Battle Trance","floor":12},{"not_picked":["Clothesline","Armaments","Berserk"],"picked":"Whirlwind","floor":14},{"not_picked":["Offering","Dark Embrace","Exhume"],"picked":"Reaper","floor":16},{"not_picked":["Pommel Strike","Thunderclap+1","True Grit"],"picked":"Heavy Blade","floor":18},{"not_picked":["Rage","Armaments","Thunderclap","Perfected Strike"],"picked":"SKIP","floor":19},{"not_picked":["Flex","Carnage","Metallicize","Pommel Strike"],"picked":"SKIP","floor":24},{"not_picked":["Metallicize","Ghostly Armor","Wild Strike","Battle Trance"],"picked":"SKIP","floor":27},{"not_picked":["Shrug It Off","Inflame","Twin Strike"],"picked":"Metallicize","floor":28},{"not_picked":["Body Slam+1","Exhume","Combust+1"],"picked":"Corruption+1","floor":30},{"not_picked":["Headbutt","Wild Strike","Thunderclap"],"picked":"Cleave","floor":31}],"player_experience":1399772,"relics_obtained":[{"floor":4,"key":"Gambling Chip"},{"floor":10,"key":"Pantograph"},{"floor":12,"key":"Question Card"},{"floor":24,"key":"Blood Vial"},{"floor":28,"key":"Tiny Chest"},{"floor":29,"key":"Darkstone Periapt"},{"floor":30,"key":"Vajra"}],"event_choices":[{"damage_healed":0,"gold_gain":0,"player_choice":"Ignored","damage_taken":0,"max_hp_gain":0,"max_hp_loss":0,"event_name":"Golden Wing","floor":3,"gold_loss":0},{"damage_healed":0,"gold_gain":0,"player_choice":"Relic","damage_taken":0,"max_hp_gain":0,"max_hp_loss":0,"event_name":"Wheel of Change","floor":4,"gold_loss":0},{"damage_healed":0,"gold_gain":150,"player_choice":"AGREE","damage_taken":0,"max_hp_gain":0,"max_hp_loss":0,"event_name":"Liars Game","floor":7,"gold_loss":0,"cards_obtained":["Doubt"]},{"damage_healed":0,"gold_gain":0,"player_choice":"Became a vampire","damage_taken":0,"max_hp_gain":0,"max_hp_loss":25,"event_name":"Vampires","floor":21,"gold_loss":0,"cards_obtained":["Bite","Bite","Bite","Bite","Bite"]},{"damage_healed":0,"gold_gain":0,"player_choice":"Trade","damage_taken":0,"relics_obtained":["NlothsMask"],"max_hp_gain":0,"max_hp_loss":0,"event_name":"FaceTrader","floor":22,"gold_loss":0}],"is_beta":true,"boss_relics":[{"not_picked":["Astrolabe","Mark of Pain"],"picked":"Black Blood"}],"items_purged_floors":[20],"is_endless":false,"potions_floor_spawned":[11,12,16,18,31],"killed_by":"Automaton","ascension_level":15}