{"gold_per_floor":[116,131,142,159,109,109,122,122,122,139,139,139,14,14,14,119,119,130,148,148,148,148,183,201,229,256,285,285,285,285,310,310,409,409,423,423,434,92,92,92,92,92,92,92,92,102,113,130,130,130],"floor_reached":50,"playtime":3427,"items_purged":["Strike_B","Strike_B"],"score":806,"play_id":"35cc6c6f-19b7-464a-a429-ea04dfb9322f","local_time":"20190425171942","is_ascension_mode":true,"campfire_choices":[{"data":"Zap","floor":6,"key":"SMITH"},{"data":"Coolheaded","floor":8,"key":"SMITH"},{"data":"Sweeping Beam","floor":11,"key":"SMITH"},{"data":"Hologram","floor":15,"key":"SMITH"},{"floor":28,"key":"REST"},{"data":"Reprogram","floor":30,"key":"SMITH"},{"data":"Dualcast","floor":32,"key":"SMITH"},{"data":"Defend_B","floor":40,"key":"SMITH"},{"floor":42,"key":"REST"},{"data":"Finesse","floor":44,"key":"SMITH"},{"data":"Hologram","floor":49,"key":"SMITH"}],"neow_cost":"PERCENT_DAMAGE","seed_source_timestamp":354002360792884,"circlet_count":0,"master_deck":["Defend_B+1","Defend_B","Defend_B","Zap+1","Dualcast+1","Gash","Gash","Coolheaded+1","Sweeping Beam+1","Reprogram+1","Ball Lightning","Hologram+1","Compile Driver+1","Gash+1","RitualDagger+1","Gash","Finesse+1","Hologram+1","Gash+1","FTL"],"relics":["Cracked Core","Turnip","Blood Vial","Bag of Preparation","Nuclear Battery","MutagenicStrength","Blue Candle","Torii","Nunchaku","Centennial Puzzle","Pear","Whetstone","Sozu","Oddly Smooth Stone","Smiling Mask"],"potions_floor_usage":[27,50,50],"damage_taken":[{"damage":10,"enemies":"2 Louse","floor":1,"turns":2},{"damage":0,"enemies":"Small Slimes","floor":2,"turns":2},{"damage":1,"enemies":"Cultist","floor":3,"turns":3},{"damage":5,"enemies":"3 Louse","floor":4,"turns":3},{"damage":0,"enemies":"Large Slime","floor":7,"turns":5},{"damage":0,"enemies":"Looter","floor":10,"turns":3},{"damage":5,"enemies":"Hexaghost","floor":16,"turns":7},{"damage":15,"enemies":"3 Byrds","floor":18,"turns":4},{"damage":7,"enemies":"Shell Parasite","floor":19,"turns":3},{"damage":13,"enemies":"Slavers","floor":23,"turns":4},{"damage":1,"enemies":"Chosen and Byrds","floor":24,"turns":4},{"damage":0,"enemies":"Gremlin Leader","floor":25,"turns":6},{"damage":22,"enemies":"Slavers","floor":27,"turns":3},{"damage":0,"enemies":"Gremlin Leader","floor":31,"turns":4},{"damage":13,"enemies":"Automaton","floor":33,"turns":5},{"damage":17,"enemies":"Orb Walker","floor":35,"turns":3},{"damage":1,"enemies":"3 Shapes","floor":37,"turns":2},{"damage":0,"enemies":"Writhing Mass","floor":46,"turns":4},{"damage":0,"enemies":"3 Darklings","floor":47,"turns":4},{"damage":1,"enemies":"Maw","floor":48,"turns":5},{"damage":84,"enemies":"Time Eater","floor":50,"turns":7}],"seed_played":"-5828039375158533475","potions_obtained":[{"floor":1,"key":"Weak Potion"},{"floor":2,"key":"Poison Potion"},{"floor":7,"key":"SmokeBomb"},{"floor":10,"key":"PowerPotion"},{"floor":23,"key":"GamblersBrew"},{"floor":25,"key":"SpeedPotion"},{"floor":33,"key":"EssenceOfSteel"}],"is_trial":false,"path_per_floor":["M","M","M","M","?","R","M","R","T","M","R","?","$","?","R","B",null,"M","M","?","?","?","E","M","E","T","E","R","?","R","E","R","B",null,"M","?","M","$","?","R","?","R","T","R","?","M","M","M","R","B"],"character_chosen":"DEFECT","items_purchased":["Hologram","Oddly Smooth Stone","Finesse"],"campfire_rested":2,"item_purchase_floors":[13,38,38],"current_hp_per_floor":[40,40,39,34,34,34,34,34,34,36,36,36,36,18,18,15,60,47,42,42,42,42,31,32,34,34,24,49,43,43,45,45,34,72,57,47,48,48,48,48,48,72,72,72,72,74,76,77,77,0],"gold":130,"neow_bonus":"ONE_RARE_RELIC","is_prod":false,"is_daily":false,"chose_seed":false,"campfire_upgraded":9,"win_rate":0,"timestamp":1556205582,"path_taken":["M","M","M","M","?","R","M","R","T","M","R","?","$","?","R","BOSS","M","M","?","?","?","E","?","E","T","E","R","?","R","E","R","BOSS","M","?","M","$","?","R","?","R","T","R","?","M","M","M","R","BOSS"],"build_version":"2019-04-23","purchased_purges":2,"victory":false,"max_hp_per_floor":[75,75,75,75,75,75,75,75,75,75,75,75,75,75,75,75,75,75,75,75,75,75,75,75,75,75,85,85,85,85,85,85,85,85,85,85,85,85,81,81,81,81,81,81,81,81,81,81,81,81],"card_choices":[{"not_picked":["Melter","Turbo"],"picked":"Gash","floor":1},{"not_picked":["Coolheaded","Recycle"],"picked":"Gash","floor":2},{"not_picked":["Steam Power","Turbo"],"picked":"Coolheaded","floor":3},{"not_picked":["BootSequence","Darkness"],"picked":"Sweeping Beam","floor":4},{"not_picked":["Force Field","Static Discharge"],"picked":"Reprogram","floor":7},{"not_picked":["Go for the Eyes","Steam"],"picked":"Ball Lightning","floor":10},{"not_picked":["Ball Lightning","Beam Cell+1","Turbo"],"picked":"SKIP","floor":18},{"not_picked":["Capacitor+1","Go for the Eyes","Beam Cell"],"picked":"SKIP","floor":19},{"not_picked":["Darkness","Rebound","Beam Cell"],"picked":"SKIP","floor":23},{"not_picked":["Sunder","Redo"],"picked":"Compile Driver+1","floor":24},{"not_picked":["Tempest","Go for the Eyes"],"picked":"Gash","floor":25},{"not_picked":["Thunder Strike","Skim","Aggregate"],"picked":"SKIP","floor":27},{"not_picked":["Recycle","Streamline","Loop"],"picked":"SKIP","floor":31},{"not_picked":["Reprogram","Streamline","Leap+1"],"picked":"SKIP","floor":35},{"not_picked":["Genetic Algorithm","Go for the Eyes"],"picked":"Gash","floor":37},{"not_picked":["Go for the Eyes","Leap+1"],"picked":"Gash+1","floor":46},{"not_picked":["Go for the Eyes","Beam Cell+1","Gash+1"],"picked":"SKIP","floor":47},{"not_picked":["Chaos","Stack"],"picked":"FTL","floor":48}],"player_experience":1224807,"relics_obtained":[{"floor":9,"key":"Blood Vial"},{"floor":23,"key":"Torii"},{"floor":25,"key":"Nunchaku"},{"floor":26,"key":"Centennial Puzzle"},{"floor":27,"key":"Pear"},{"floor":31,"key":"Whetstone"},{"floor":43,"key":"Smiling Mask"}],"event_choices":[{"cards_removed":["Strike_B"],"damage_healed":0,"gold_gain":0,"player_choice":"Card Removal","damage_taken":0,"max_hp_gain":0,"max_hp_loss":0,"event_name":"The Cleric","floor":5,"gold_loss":50},{"cards_removed":["Strike_B"],"damage_healed":0,"gold_gain":0,"player_choice":"Forget","damage_taken":0,"max_hp_gain":0,"max_hp_loss":0,"event_name":"Living Wall","floor":12,"gold_loss":0},{"damage_healed":0,"gold_gain":0,"player_choice":"Success","damage_taken":18,"relics_obtained":["Bag of Preparation"],"max_hp_gain":0,"max_hp_loss":0,"event_name":"Scrap Ooze","floor":14,"gold_loss":0},{"damage_healed":0,"gold_gain":0,"player_choice":"Inject Mutagens","damage_taken":0,"relics_obtained":["MutagenicStrength"],"max_hp_gain":0,"max_hp_loss":0,"event_name":"Drug Dealer","floor":20,"gold_loss":0},{"damage_healed":0,"gold_gain":0,"player_choice":"Ignored","damage_taken":0,"max_hp_gain":0,"max_hp_loss":0,"event_name":"Vampires","floor":21,"gold_loss":0},{"damage_healed":0,"gold_gain":0,"player_choice":"Gave Potion","damage_taken":0,"relics_obtained":["Blue Candle"],"max_hp_gain":0,"max_hp_loss":0,"event_name":"WeMeetAgain","floor":22,"gold_loss":0},{"damage_healed":0,"gold_gain":0,"player_choice":"Joined the Cult","damage_taken":6,"max_hp_gain":0,"max_hp_loss":0,"event_name":"Nest","floor":29,"gold_loss":0,"cards_obtained":["RitualDagger"]},{"damage_healed":0,"gold_gain":0,"player_choice":"Memory 3","damage_taken":10,"max_hp_gain":0,"max_hp_loss":0,"event_name":"SensoryStone","floor":36,"gold_loss":0},{"damage_healed":0,"gold_gain":0,"player_choice":"Max HP","damage_taken":0,"max_hp_gain":0,"max_hp_loss":4,"event_name":"Winding Halls","floor":39,"gold_loss":0},{"cards_removed":["Defend_B"],"damage_healed":0,"gold_gain":0,"player_choice":"Removed Skill","damage_taken":0,"max_hp_gain":0,"max_hp_loss":0,"event_name":"Falling","floor":41,"gold_loss":0},{"damage_healed":0,"gold_gain":0,"player_choice":"1 cards matched","damage_taken":0,"max_hp_gain":0,"max_hp_loss":0,"event_name":"Match and Keep!","floor":45,"gold_loss":0,"cards_obtained":["Hologram"]}],"is_beta":true,"boss_relics":[{"not_picked":["Lizard Tail","Ectoplasm"],"picked":"Nuclear Battery"},{"not_picked":["Cursed Key","Astrolabe"],"picked":"Sozu"}],"items_purged_floors":[13,38],"is_endless":false,"potions_floor_spawned":[1,2,7,10,19,23,25,33,37,48],"killed_by":"Time Eater","ascension_level":8}