{"path_per_floor":["M","?","$","M","M","E","M","R","T","E","M","R","?","$","R","B",null,"M","?","?","M","$","E","R","E","T","E","R","$","R","M","R","B",null,"M","$","M","$","M","R","?","E","T","?","M","R","$","M","R","B"],"character_chosen":"IRONCLAD","items_purchased":["Feed","True Grit","Blood Vial","Flash of Steel","Seeing Red","Flame Barrier","Art of War"],"gold_per_floor":[219,219,95,105,115,141,157,157,233,262,280,280,280,25,25,121,121,141,141,141,152,70,101,101,134,134,168,168,56,56,74,74,179,179,197,49,64,64,76,76,126,151,151,151,163,163,63,82,82,82],"floor_reached":51,"campfire_rested":1,"playtime":4674,"current_hp_per_floor":[80,80,80,75,83,71,77,77,77,64,73,73,73,73,73,25,93,86,86,86,98,98,101,101,77,77,89,89,89,89,97,97,61,113,117,117,110,110,104,104,112,76,76,107,88,88,88,91,129,66],"items_purged":["Writhe","Writhe"],"gold":82,"play_id":"4a2058a9-07f6-4012-8560-60f098c11e93","is_prod":false,"is_daily":false,"is_ascension_mode":true,"campfire_upgraded":8,"path_taken":["M","?","$","M","M","E","M","R","T","E","?","R","?","$","R","BOSS","M","?","?","M","?","E","R","E","T","E","R","$","R","M","R","BOSS","M","$","M","?","?","R","?","E","T","?","M","R","$","M","R","BOSS"],"build_version":"2018-02-01-PROD3","purchased_purges":3,"victory":true,"master_deck":["Strike_R+1","Strike_R+1","Strike_R+1","Strike_R+1","Strike_R+1","Defend_R+1","Defend_R+1","Defend_R+1","Defend_R+1","Bash+1","Body Slam+1","Ghostly Armor","Feed+1","True Grit","Iron Wave","Headbutt","Uppercut+1","Shrug It Off","Dropkick","Flash of Steel","Barricade+1","Iron Wave+1","Seeing Red+1","Power Through","Immolate","Flame Barrier+1","Exhume","Body Slam+1","Ghostly Armor","Offering","Entrench+1"],"max_hp_per_floor":[80,80,80,80,83,86,86,86,86,86,89,89,89,89,89,93,93,97,97,97,101,101,101,101,105,105,109,109,109,109,113,113,113,113,117,117,121,121,121,121,121,125,125,125,125,125,125,129,129,133],"relics":["Burning Blood","Gremlin Horn","Letter Opener","Prayer Wheel","Blood Vial","Cursed Key","Happy Flower","Regal Pillow","Peace Pipe","Bag of Marbles","Sozu","Art of War","Red Skull","Dodecahedron","Toxic Egg 2"],"card_choices":[{"not_picked":["Thunderclap","Sword Boomerang"],"picked":"Body Slam"},{"not_picked":["Rage","Disarm"],"picked":"Iron Wave"},{"not_picked":["Blood for Blood","Fire Breathing"],"picked":"Headbutt"},{"not_picked":["Clothesline","Sever Soul"],"picked":"Uppercut"},{"not_picked":["Wild Strike","Rampage"],"picked":"Shrug It Off"},{"not_picked":["Infernal Blade","Uppercut"],"picked":"Dropkick"},{"not_picked":["Demon Form","Reaper"],"picked":"Barricade"},{"not_picked":["Shockwave","Perfected Strike"],"picked":"Iron Wave"},{"not_picked":["Headbutt","Pommel Strike"],"picked":"Power Through"},{"not_picked":["Cleave","True Grit"],"picked":"Immolate"},{"not_picked":["Immolate","Berserk"],"picked":"Exhume"},{"not_picked":["Warcry","Headbutt"],"picked":"Body Slam"},{"not_picked":["Rampage","Corruption"],"picked":"Ghostly Armor"},{"not_picked":["Heavy Blade","Armaments"],"picked":"Offering"},{"not_picked":["Combust","Berserk"],"picked":"Entrench"}],"player_experience":470344,"potions_floor_usage":[7,10,16,31],"damage_taken":[{"damage":0,"enemies":"2 Louse","floor":1,"turns":4},{"damage":11,"enemies":"Blue Slaver","floor":4,"turns":5},{"damage":1,"enemies":"Cultist","floor":5,"turns":4},{"damage":21,"enemies":"3 Sentries","floor":6,"turns":12},{"damage":0,"enemies":"Red Slaver","floor":7,"turns":3},{"damage":19,"enemies":"Lagavulin","floor":10,"turns":7},{"damage":0,"enemies":"3 Louse","floor":11,"turns":2},{"damage":60,"enemies":"Slime Boss","floor":16,"turns":12},{"damage":17,"enemies":"Shell Parasite","floor":18,"turns":8},{"damage":0,"enemies":"3 Byrds","floor":21,"turns":5},{"damage":0,"enemies":"Gremlin Leader","floor":23,"turns":6},{"damage":34,"enemies":"Slavers","floor":25,"turns":10},{"damage":0,"enemies":"Gremlin Leader","floor":27,"turns":7},{"damage":4,"enemies":"Centurion and Healer","floor":31,"turns":6},{"damage":44,"enemies":"Automaton","floor":33,"turns":16},{"damage":0,"enemies":"3 Shapes","floor":35,"turns":6},{"damage":17,"enemies":"3 Darklings","floor":37,"turns":9},{"damage":14,"enemies":"4 Shapes","floor":39,"turns":9},{"damage":0,"enemies":"Mysterious Sphere","floor":41,"turns":3},{"damage":48,"enemies":"2 Orb Walkers","floor":42,"turns":6},{"damage":27,"enemies":"Sphere and 2 Shapes","floor":45,"turns":5},{"damage":9,"enemies":"Maw","floor":48,"turns":7},{"damage":73,"enemies":"Awakened One","floor":50,"turns":17}],"event_choices":[{"event_name":"Match and Keep!","player_choice":"1 cards matched","floor":2,"damage_taken":0},{"event_name":"The Woman in Blue","player_choice":"Bought 0 Potions","floor":13,"damage_taken":0},{"event_name":"Drug Dealer","player_choice":"Ignored","floor":19,"damage_taken":0},{"event_name":"Back to Basics","player_choice":"Simplicity","floor":20,"damage_taken":0},{"event_name":"Mysterious Sphere","player_choice":"Fight","floor":41,"damage_taken":0},{"event_name":"Winding Halls","player_choice":"Writhe","floor":44,"damage_taken":0}],"boss_relics":[{"not_picked":["Eternal Feather","Black Star"],"picked":"Cursed Key"},{"not_picked":["Runic Dome","Runic Cube"],"picked":"Sozu"}],"potions_floor_spawned":[6,7,11,25,37,45],"seed_played":"728241529916323456","ascension_level":4,"is_trial":false}