{"gold_per_floor":[115,15,15,31,31,72,72,72,72,92,135,158,193,209,209,298,298,316,231,231,279,15,15],"floor_reached":23,"playtime":3325,"items_purged":["Strike_B"],"score":464,"play_id":"45e76657-5442-4791-a660-70c207160a8e","local_time":"20190512193927","is_ascension_mode":true,"campfire_choices":[{"floor":7,"key":"REST"},{"floor":15,"key":"REST"}],"neow_cost":"TEN_PERCENT_HP_LOSS","seed_source_timestamp":1831290529218114,"circlet_count":0,"master_deck":["AscendersBane","Defend_B","Defend_B+1","Defend_B","Defend_B","Zap","Dualcast","Darkness","Heatsinks","Compile Driver","FTL","Sweeping Beam","Chill","Steam","Echo Form","Stack","Conserve Battery","Conserve Battery+1","Coolheaded","White Noise","Core Surge","Steam","Reinforced Body"],"relics":["Cracked Core","Golden Idol","Potion Belt","Centennial Puzzle","Blue Candle","The Courier","Inserter","Omamori","Bag of Marbles","War Paint"],"potions_floor_usage":[12,16,23],"damage_taken":[{"damage":1,"enemies":"2 Louse","floor":1,"turns":4},{"damage":4,"enemies":"Small Slimes","floor":4,"turns":3},{"damage":35,"enemies":"Gremlin Nob","floor":6,"turns":4},{"damage":1,"enemies":"Cultist","floor":10,"turns":4},{"damage":13,"enemies":"3 Sentries","floor":11,"turns":8},{"damage":0,"enemies":"Exordium Thugs","floor":12,"turns":6},{"damage":0,"enemies":"Lagavulin","floor":13,"turns":8},{"damage":1,"enemies":"Blue Slaver","floor":14,"turns":5},{"damage":15,"enemies":"Slime Boss","floor":16,"turns":9},{"damage":32,"enemies":"Chosen","floor":18,"turns":9},{"damage":19,"enemies":"Slavers","floor":23,"turns":6}],"seed_played":"2927098380187049606","potions_obtained":[{"floor":6,"key":"Block Potion"},{"floor":10,"key":"Ancient Potion"},{"floor":12,"key":"Ancient Potion"},{"floor":14,"key":"GamblersBrew"}],"is_trial":false,"path_per_floor":["M","$","?","M","?","E","R","?","T","M","E","M","E","M","R","B",null,"M","?","?","T","$","E"],"character_chosen":"DEFECT","items_purchased":["FTL","Sweeping Beam","War Paint","Steam","Reinforced Body"],"campfire_rested":2,"item_purchase_floors":[2,2,22,22,22],"current_hp_per_floor":[63,63,41,37,37,2,21,21,21,20,7,7,7,6,25,10,51,19,19,19,19,19,0],"gold":15,"neow_bonus":"TRANSFORM_TWO_CARDS","is_prod":false,"is_daily":false,"chose_seed":false,"campfire_upgraded":0,"win_rate":0,"timestamp":1557682767,"path_taken":["M","$","?","M","?","E","R","?","T","M","E","?","E","M","R","BOSS","M","?","?","?","$","E"],"build_version":"2019-05-07","purchased_purges":1,"victory":false,"max_hp_per_floor":[64,64,64,64,64,64,64,64,64,64,64,64,64,64,64,64,64,64,64,64,64,64,64],"card_choices":[{"not_picked":["Heatsinks","Stack"],"picked":"Compile Driver","floor":1},{"not_picked":["Fusion","Streamline"],"picked":"Chill","floor":4},{"not_picked":["Go for the Eyes","Barrage"],"picked":"Steam","floor":6},{"not_picked":["Rebound","Scrape"],"picked":"Stack","floor":10},{"not_picked":["Gash","Sunder"],"picked":"Conserve Battery","floor":11},{"not_picked":["Darkness","Redo"],"picked":"Conserve Battery","floor":12},{"not_picked":["Leap","Sweeping Beam"],"picked":"Coolheaded","floor":13},{"not_picked":["Undo","Cold Snap"],"picked":"White Noise","floor":14},{"not_picked":["Reboot","All For One"],"picked":"Core Surge","floor":16},{"not_picked":["White Noise","Auto Shields","Rebound"],"picked":"SKIP","floor":18}],"player_experience":1857687,"relics_obtained":[{"floor":6,"key":"Potion Belt"},{"floor":9,"key":"Centennial Puzzle"},{"floor":11,"key":"Blue Candle"},{"floor":13,"key":"The Courier"},{"floor":21,"key":"Bag of Marbles"}],"event_choices":[{"damage_healed":0,"gold_gain":0,"player_choice":"Take Damage","damage_taken":22,"relics_obtained":["Golden Idol"],"max_hp_gain":0,"max_hp_loss":0,"event_name":"Golden Idol","floor":3,"gold_loss":0},{"damage_healed":0,"gold_gain":0,"player_choice":"Leave","damage_taken":0,"max_hp_gain":0,"max_hp_loss":0,"event_name":"The Cleric","floor":5,"gold_loss":0},{"damage_healed":0,"gold_gain":0,"cards_transformed":["Strike_B"],"player_choice":"Transformed","damage_taken":0,"max_hp_gain":0,"max_hp_loss":0,"event_name":"Transmorgrifier","floor":8,"gold_loss":0,"cards_obtained":["Echo Form"]},{"damage_healed":0,"gold_gain":0,"player_choice":"Obtained Relic","damage_taken":0,"relics_obtained":["Omamori"],"max_hp_gain":0,"max_hp_loss":0,"event_name":"Addict","floor":19,"gold_loss":85},{"damage_healed":0,"gold_gain":0,"player_choice":"Ignored","damage_taken":0,"max_hp_gain":0,"max_hp_loss":0,"event_name":"Vampires","floor":20,"gold_loss":0}],"is_beta":true,"boss_relics":[{"not_picked":["Nuclear Battery","Runic Pyramid"],"picked":"Inserter"}],"items_purged_floors":[22],"is_endless":false,"potions_floor_spawned":[6,10,12,14],"killed_by":"Slavers","ascension_level":20}