{"path_per_floor":["M","M","M","M","M","E","?","$","T","M","M","R","M","M","R","B",null,"M","M","M","?"],"character_chosen":"IRONCLAD","items_purchased":["Inflame","Iron Wave","Clash","Flex"],"gold_per_floor":[117,128,143,159,175,202,202,20,20,35,50,50,62,80,80,179,179,198,215,225,125],"floor_reached":22,"campfire_rested":1,"playtime":1925,"current_hp_per_floor":[77,72,74,65,57,47,47,47,47,49,41,41,47,51,76,25,84,35,38,13,13],"items_purged":[],"gold":125,"play_id":"fbf4e77f-b53f-43ca-aca5-8ee7b4dc1dbc","is_prod":false,"is_daily":false,"campfire_rituals":0,"campfire_upgraded":1,"is_hardmode":false,"path_taken":["M","M","M","M","M","E","?","$","T","?","M","R","?","M","R","BOSS","M","?","M","?","M"],"build_version":"2018-01-18-PROD4","purchased_purges":0,"victory":false,"master_deck":["Strike_R","Strike_R","Strike_R","Strike_R","Defend_R","Defend_R","Defend_R","Defend_R","Bash","Brutality","Iron Wave","Pommel Strike","Body Slam","Infernal Blade","Second Wind","Offering","Inflame","Iron Wave","Clash","Flex","Body Slam","Feed","Second Wind","Body Slam","Fiend Fire","Heavy Blade","Feel No Pain","Armaments","Heavy Blade","Anger","Twin Strike","Inflame","Cleave","J.A.X."],"max_hp_per_floor":[80,80,80,80,80,80,80,80,80,80,80,80,84,84,84,84,84,88,92,92,92],"relics":["Burning Blood","Bag of Preparation","Peace Pipe","Orrery"],"campfire_meditates":0,"card_choices":[{"not_picked":["Headbutt","Blood for Blood"],"picked":"Iron Wave"},{"not_picked":["Flex","Bloodletting"],"picked":"Pommel Strike"},{"not_picked":["Warcry","Blood for Blood"],"picked":"Body Slam"},{"not_picked":["True Grit","Feel No Pain"],"picked":"Infernal Blade"},{"not_picked":["Reckless Charge","Battle Trance"],"picked":"Second Wind"},{"not_picked":["Twin Strike","True Grit"],"picked":"Offering"},{"not_picked":["Warcry","Iron Wave"],"picked":"Body Slam"},{"not_picked":["Clash","Shrug It Off"],"picked":"Feed"},{"not_picked":["Headbutt","Dropkick"],"picked":"Second Wind"},{"not_picked":["True Grit","Heavy Blade"],"picked":"Body Slam"},{"not_picked":["Bludgeon","Brutality"],"picked":"Fiend Fire"},{"not_picked":["True Grit","Iron Wave"],"picked":"Heavy Blade"},{"not_picked":["Bloodletting","Perfected Strike"],"picked":"Feel No Pain"},{"not_picked":["Flex","Sever Soul"],"picked":"Armaments"},{"not_picked":["Headbutt","Clash"],"picked":"Heavy Blade"},{"not_picked":["Metallicize","Pummel"],"picked":"Anger"},{"not_picked":["Blood for Blood","Dark Embrace"],"picked":"Twin Strike"},{"not_picked":["Combust","Body Slam"],"picked":"Inflame"},{"not_picked":["Twin Strike","Clothesline"],"picked":"Cleave"}],"player_experience":16235,"potions_floor_usage":[6,6,14],"damage_taken":[{"damage":9,"enemies":"Jaw Worm","floor":1,"turns":6},{"damage":11,"enemies":"Blue Slaver","floor":2,"turns":5},{"damage":4,"enemies":"2 Louse","floor":3,"turns":3},{"damage":15,"enemies":"Gremlin Gang","floor":4,"turns":6},{"damage":14,"enemies":"Exordium Wildlife","floor":5,"turns":4},{"damage":16,"enemies":"Gremlin Nob","floor":6,"turns":4},{"damage":4,"enemies":"Large Slime","floor":10,"turns":2},{"damage":14,"enemies":"3 Louse","floor":11,"turns":3},{"damage":4,"enemies":"2 Fungi Beasts","floor":13,"turns":1},{"damage":8,"enemies":"Exordium Wildlife","floor":14,"turns":3},{"damage":57,"enemies":"The Guardian","floor":16,"turns":7},{"damage":59,"enemies":"2 Thieves","floor":18,"turns":4},{"damage":7,"enemies":"Spheric Guardian","floor":19,"turns":3},{"damage":31,"enemies":"Snake Plant","floor":20,"turns":5},{"damage":15,"enemies":"Centurion and Healer","floor":22,"turns":2}],"event_choices":[{"event_name":"Purifier","player_choice":"One Purge","floor":7,"damage_taken":0},{"event_name":"Drug Dealer","player_choice":"Got JAXXED","floor":21,"damage_taken":0}],"boss_relics":[{"not_picked":["Runic Pyramid","Philosopher\u0027s Stone"],"picked":"Orrery"}],"potions_floor_spawned":[3,4,13,14,16],"seed_played":"230135495237557543","killed_by":"Centurion and Healer","is_trial":false}