{"gold_per_floor":[114,114,114,114,126,126,126,126,172,182,26,26,26,60,60,60],"floor_reached":16,"playtime":2219,"items_purged":[],"score":144,"play_id":"e1f143a0-7734-4770-be49-ffbdb9f5b8a2","local_time":"20190326145142","is_ascension_mode":true,"campfire_choices":[{"data":"Jack Of All Trades","floor":6,"key":"SMITH"},{"data":"Dualcast","floor":8,"key":"SMITH"},{"data":"Double Energy","floor":12,"key":"SMITH"},{"floor":15,"key":"REST"}],"neow_cost":"CURSE","seed_source_timestamp":516754093505000,"circlet_count":0,"master_deck":["AscendersBane","Strike_B","Strike_B","Strike_B","Defend_B","Defend_B","Defend_B","Defend_B","Zap","Dualcast+1","Jack Of All Trades+1","PanicButton","Gash","Regret","Double Energy+1","Doom and Gloom","Undo","Melter"],"relics":["Cracked Core","Dodecahedron","Centennial Puzzle","Vajra","Bottled Flame"],"potions_floor_usage":[10,14],"damage_taken":[{"damage":7,"enemies":"Jaw Worm","floor":1,"turns":3},{"damage":0,"enemies":"Small Slimes","floor":5,"turns":3},{"damage":4,"enemies":"2 Louse","floor":10,"turns":2},{"damage":26,"enemies":"3 Sentries","floor":14,"turns":6},{"damage":60,"enemies":"The Guardian","floor":16,"turns":11}],"seed_played":"154020455087895477","potions_obtained":[{"floor":1,"key":"Poison Potion"},{"floor":5,"key":"SpeedPotion"}],"is_trial":false,"path_per_floor":["M","?","?","?","M","R","?","R","T","M","$","R","$","E","R","B"],"character_chosen":"DEFECT","items_purchased":["Vajra"],"campfire_rested":1,"item_purchase_floors":[11],"current_hp_per_floor":[61,61,61,61,61,61,61,61,61,57,57,57,57,31,53,0],"gold":60,"neow_bonus":"RANDOM_COLORLESS_2","is_prod":false,"is_daily":false,"chose_seed":false,"campfire_upgraded":3,"win_rate":0,"timestamp":1553626302,"path_taken":["M","?","?","?","M","R","?","R","T","M","$","R","$","E","R","BOSS"],"build_version":"2019-01-23","purchased_purges":0,"victory":false,"max_hp_per_floor":[75,75,75,75,75,75,75,75,75,75,75,75,75,75,75,75],"card_choices":[{"not_picked":["Compile Driver","Glacier"],"picked":"Gash","floor":1},{"not_picked":["Aggregate","Stack"],"picked":"Double Energy","floor":5},{"not_picked":["Barrage","Doom and Gloom"],"picked":"Undo","floor":10},{"not_picked":["Aggregate","Ball Lightning"],"picked":"Melter","floor":14}],"player_experience":2513325,"relics_obtained":[{"floor":9,"key":"Centennial Puzzle"},{"floor":14,"key":"Bottled Flame"}],"event_choices":[{"cards_removed":["Shame"],"damage_healed":0,"gold_gain":0,"player_choice":"Forget","damage_taken":0,"max_hp_gain":0,"max_hp_loss":0,"event_name":"Living Wall","floor":2,"gold_loss":0},{"damage_healed":0,"gold_gain":0,"player_choice":"Box","damage_taken":0,"relics_obtained":["Dodecahedron"],"max_hp_gain":0,"max_hp_loss":0,"event_name":"Big Fish","floor":3,"gold_loss":0,"cards_obtained":["Regret"]},{"damage_healed":0,"gold_gain":0,"player_choice":"Ignored","damage_taken":0,"max_hp_gain":0,"max_hp_loss":0,"event_name":"Shining Light","floor":4,"gold_loss":0},{"damage_healed":0,"gold_gain":0,"cards_transformed":["Strike_B"],"player_choice":"Transformed","damage_taken":0,"max_hp_gain":0,"max_hp_loss":0,"event_name":"Transmorgrifier","floor":7,"gold_loss":0,"cards_obtained":["Doom and Gloom"]}],"is_beta":false,"boss_relics":[],"items_purged_floors":[],"is_endless":false,"potions_floor_spawned":[1,5],"killed_by":"The Guardian","ascension_level":10}