{"gold_per_floor":[118,136,147,157,173,173,98,128,153,178,190,202,1,15,15,15],"floor_reached":16,"playtime":54458,"items_purged":[],"score":218,"play_id":"13cd57f4-0af8-457c-8c39-3e0b30e6cf05","local_time":"20190509113555","is_ascension_mode":true,"campfire_choices":[{"data":"Hologram","floor":6,"key":"SMITH"},{"floor":12,"key":"REST"},{"data":"Hyperbeam","floor":15,"key":"SMITH"}],"neow_cost":"NONE","seed_source_timestamp":1495718826610910,"circlet_count":0,"master_deck":["AscendersBane","Strike_B","Strike_B","Strike_B","Defend_B+1","Defend_B","Defend_B","Defend_B","Zap+1","Dualcast","Coolheaded","Stack","Gash","Hologram+1","Ball Lightning","Go for the Eyes","Genetic Algorithm","Hyperbeam+1"],"relics":["Cracked Core","War Paint","Centennial Puzzle","PreservedInsect","MawBank","Membership Card"],"potions_floor_usage":[10,14,16],"damage_taken":[{"damage":2,"enemies":"Jaw Worm","floor":1,"turns":4},{"damage":0,"enemies":"Cultist","floor":2,"turns":3},{"damage":1,"enemies":"Small Slimes","floor":3,"turns":3},{"damage":17,"enemies":"Exordium Thugs","floor":4,"turns":5},{"damage":3,"enemies":"Looter","floor":5,"turns":3},{"damage":28,"enemies":"Lagavulin","floor":8,"turns":7},{"damage":8,"enemies":"Gremlin Nob","floor":10,"turns":3},{"damage":1,"enemies":"Lots of Slimes","floor":14,"turns":4},{"damage":26,"enemies":"Slime Boss","floor":16,"turns":5}],"seed_played":"2289411399278144743","potions_obtained":[{"floor":2,"key":"GamblersBrew"},{"floor":8,"key":"FocusPotion"},{"floor":10,"key":"AttackPotion"}],"is_trial":false,"path_per_floor":["M","M","M","M","M","R","?","E","T","E","$","R","$","M","R","B"],"character_chosen":"DEFECT","items_purchased":["Membership Card"],"campfire_rested":1,"item_purchase_floors":[13],"current_hp_per_floor":[62,62,61,44,41,41,41,13,13,5,5,26,26,25,25,0],"gold":15,"neow_bonus":"RANDOM_COMMON_RELIC","is_prod":false,"is_daily":false,"chose_seed":false,"campfire_upgraded":2,"win_rate":0,"timestamp":1557394555,"path_taken":["M","M","M","M","M","R","?","E","T","E","$","R","$","M","R","BOSS"],"build_version":"2019-05-07","purchased_purges":0,"victory":false,"max_hp_per_floor":[71,71,71,71,71,71,71,71,71,71,71,71,71,71,71,71],"card_choices":[{"not_picked":["Go for the Eyes","Redo"],"picked":"Coolheaded","floor":1},{"not_picked":["Beam Cell","Barrage"],"picked":"Stack","floor":2},{"not_picked":["Hello World","Go for the Eyes"],"picked":"Gash","floor":3},{"not_picked":["Reprogram","Force Field"],"picked":"Hologram","floor":4},{"not_picked":["Amplify","Beam Cell"],"picked":"Ball Lightning","floor":5},{"not_picked":["Leap","Barrage"],"picked":"Go for the Eyes","floor":8},{"not_picked":["Blizzard","Reprogram"],"picked":"Genetic Algorithm","floor":10},{"not_picked":["Go for the Eyes","Rebound"],"picked":"Hyperbeam","floor":14}],"player_experience":1609362,"relics_obtained":[{"floor":8,"key":"Centennial Puzzle"},{"floor":9,"key":"PreservedInsect"},{"floor":10,"key":"MawBank"}],"event_choices":[{"cards_removed":["Strike_B"],"damage_healed":0,"gold_gain":0,"player_choice":"Card Removal","damage_taken":0,"max_hp_gain":0,"max_hp_loss":0,"event_name":"The Cleric","floor":7,"gold_loss":75}],"is_beta":true,"boss_relics":[],"items_purged_floors":[],"is_endless":false,"potions_floor_spawned":[2,8,10],"killed_by":"Slime Boss","ascension_level":19}