{"gold_per_floor":[20,95,112,128,148,148,148,163,163,181,199,216,243,258,258,357,357,370,370,370,11,11,11],"floor_reached":23,"playtime":1898,"items_purged":["Writhe"],"score":195,"play_id":"5a05de5e-5524-421f-8b3f-b90603a00a29","local_time":"20180624014715","is_ascension_mode":false,"campfire_choices":[{"data":"Juggernaut","floor":6,"key":"SMITH"},{"floor":15,"key":"REST"}],"neow_cost":"NO_GOLD","seed_source_timestamp":23874699486770,"circlet_count":0,"master_deck":["Strike_R","Strike_R+1","Strike_R","Strike_R","Defend_R+1","Defend_R","Defend_R","Defend_R","Bash+1","Juggernaut+1","Rage","Inflame","Heavy Blade+1","Ghostly Armor","Metallicize","Demon Form","Shockwave","Feel No Pain","Heavy Blade","Thunderclap","Double Tap","Rupture","RitualDagger","Rage"],"relics":["Burning Blood","Paper Frog","Whetstone","Philosopher\u0027s Stone","Gremlin Horn","Toolbox"],"potions_floor_usage":[13,13,13,23],"damage_taken":[{"damage":5,"enemies":"Cultist","floor":1,"turns":4},{"damage":7,"enemies":"2 Louse","floor":3,"turns":4},{"damage":2,"enemies":"Jaw Worm","floor":4,"turns":4},{"damage":2,"enemies":"Large Slime","floor":5,"turns":7},{"damage":3,"enemies":"2 Fungi Beasts","floor":8,"turns":3},{"damage":8,"enemies":"Exordium Thugs","floor":10,"turns":5},{"damage":11,"enemies":"Exordium Wildlife","floor":11,"turns":4},{"damage":4,"enemies":"Blue Slaver","floor":12,"turns":6},{"damage":10,"enemies":"Gremlin Nob","floor":13,"turns":4},{"damage":5,"enemies":"2 Fungi Beasts","floor":14,"turns":5},{"damage":23,"enemies":"Slime Boss","floor":16,"turns":9},{"damage":27,"enemies":"Shell Parasite","floor":18,"turns":6},{"damage":65,"enemies":"Gremlin Leader","floor":23,"turns":8}],"seed_played":"6111326428978569429","potions_obtained":[{"floor":3,"key":"Strength Potion"},{"floor":4,"key":"SpeedPotion"},{"floor":5,"key":"Poison Potion"},{"floor":10,"key":"AttackPotion"},{"floor":18,"key":"BloodPotion"}],"is_trial":false,"path_per_floor":["M","?","M","M","M","R","?","M","T","M","M","M","E","M","R","B",null,"M","?","?","$","?"],"character_chosen":"IRONCLAD","items_purchased":["Toolbox","Rage"],"campfire_rested":1,"item_purchase_floors":[21,21],"current_hp_per_floor":[80,69,68,72,76,76,60,63,63,61,56,58,54,55,79,62,80,59,59,53,53,53,0],"gold":11,"neow_bonus":"THREE_RARE_CARDS","is_prod":false,"is_daily":false,"chose_seed":false,"campfire_upgraded":1,"win_rate":0.0,"timestamp":1529819235,"path_taken":["M","?","?","M","M","R","?","M","T","M","M","?","E","M","R","BOSS","M","?","?","$","?","E"],"build_version":"2018-06-21v2","purchased_purges":1,"victory":false,"max_hp_per_floor":[80,80,80,80,80,80,80,80,80,80,80,80,80,80,80,80,80,80,80,80,80,80,80],"card_choices":[{"not_picked":["Immolate","Impervious"],"picked":"Juggernaut","floor":0},{"not_picked":["True Grit","Wild Strike"],"picked":"Rage","floor":1},{"not_picked":["Perfected Strike","Dropkick"],"picked":"Inflame","floor":3},{"not_picked":["Cleave","Wild Strike"],"picked":"Heavy Blade","floor":4},{"not_picked":["Evolve","Clothesline"],"picked":"Ghostly Armor","floor":5},{"not_picked":["Ghostly Armor","Seeing Red"],"picked":"Metallicize","floor":8},{"not_picked":["Searing Blow","Clash"],"picked":"Demon Form","floor":10},{"not_picked":["Wild Strike","Disarm"],"picked":"Shockwave","floor":11},{"not_picked":["Headbutt","Clothesline"],"picked":"Feel No Pain","floor":12},{"not_picked":["Feed","Rampage"],"picked":"Heavy Blade","floor":13},{"not_picked":["Carnage","Perfected Strike"],"picked":"Thunderclap","floor":14},{"not_picked":["Demon Form","Juggernaut"],"picked":"Double Tap","floor":16},{"not_picked":["Warcry+1","Sever Soul"],"picked":"Rupture","floor":18}],"player_experience":54201,"relics_obtained":[{"floor":9,"key":"Paper Frog"},{"floor":13,"key":"Whetstone"}],"event_choices":[{"event_name":"World of Goop","player_choice":"Gather Gold","floor":2,"damage_taken":0},{"event_name":"Shining Light","player_choice":"Entered Light","floor":7,"damage_taken":0},{"event_name":"The Mausoleum","player_choice":"Yes","floor":19,"damage_taken":0},{"event_name":"Nest","player_choice":"Joined the Cult","floor":20,"damage_taken":0},{"event_name":"Purifier","player_choice":"One Purge","floor":22,"damage_taken":0}],"boss_relics":[{"not_picked":["Ectoplasm","Busted Crown"],"picked":"Philosopher\u0027s Stone"}],"items_purged_floors":[21],"is_endless":false,"potions_floor_spawned":[3,4,5,10,18],"killed_by":"Gremlin Leader","ascension_level":0}