{"gold_per_floor":[362,377,393,259,259,259,14,14,39,39,53,203,231,260,260,332,332,352,53,72,72,15,43,43,43],"floor_reached":25,"playtime":624,"items_purged":["Strike_B","Strike_B"],"score":472,"play_id":"a1a21417-3a93-438c-bbff-ba682c78e24b","local_time":"20190509152646","is_ascension_mode":true,"campfire_choices":[{"floor":6,"key":"REST"},{"data":"Stack","floor":8,"key":"SMITH"},{"data":"Coolheaded","floor":10,"key":"SMITH"},{"data":"Rip and Tear","floor":15,"key":"SMITH"},{"floor":24,"key":"REST"}],"neow_cost":"PERCENT_DAMAGE","seed_source_timestamp":1559630863247926,"circlet_count":0,"master_deck":["AscendersBane","Strike_B","Strike_B+1","Defend_B+1","Defend_B","Defend_B","Defend_B","Zap","Dualcast","Cold Snap","Rip and Tear+1","Stack+1","Conserve Battery+1","Doom and Gloom+1","Coolheaded+1","Ball Lightning","Doubt","Go for the Eyes","Gash","Biased Cognition","Genetic Algorithm","Compile Driver","Sweeping Beam","Gash","Compile Driver"],"relics":["Cracked Core","Whetstone","Art of War","Odd Mushroom","Omamori","Nuclear Battery","Orichalcum","PreservedInsect","Smiling Mask"],"potions_floor_usage":[13,14,16,23],"damage_taken":[{"damage":4,"enemies":"Jaw Worm","floor":1,"turns":4},{"damage":0,"enemies":"2 Louse","floor":2,"turns":1},{"damage":14,"enemies":"Small Slimes","floor":3,"turns":2},{"damage":0,"enemies":"Looter","floor":11,"turns":2},{"damage":0,"enemies":"The Mushroom Lair","floor":13,"turns":1},{"damage":0,"enemies":"Gremlin Nob","floor":14,"turns":2},{"damage":21,"enemies":"Hexaghost","floor":16,"turns":9},{"damage":31,"enemies":"3 Byrds","floor":18,"turns":5},{"damage":7,"enemies":"Spheric Guardian","floor":20,"turns":4},{"damage":2,"enemies":"Gremlin Leader","floor":23,"turns":4},{"damage":37,"enemies":"Book of Stabbing","floor":25,"turns":3}],"seed_played":"3244471553007868646","potions_obtained":[{"floor":1,"key":"AttackPotion"},{"floor":2,"key":"Energy Potion"},{"floor":13,"key":"PowerPotion"},{"floor":20,"key":"PowerPotion"}],"is_trial":false,"path_per_floor":["M","M","M","$","?","R","$","R","T","R","M","?","?","E","R","B",null,"M","$","M","?","$","E","R","E"],"character_chosen":"DEFECT","items_purchased":["Conserve Battery","Doom and Gloom","Coolheaded","Whetstone","Compile Driver","Orichalcum","Gash"],"campfire_rested":2,"item_purchase_floors":[4,7,7,7,19,19,22],"current_hp_per_floor":[42,42,28,28,7,28,28,28,28,28,28,28,28,28,28,7,55,24,24,17,17,17,15,36,0],"gold":43,"neow_bonus":"TWO_FIFTY_GOLD","is_prod":false,"is_daily":false,"chose_seed":false,"campfire_upgraded":3,"win_rate":0,"timestamp":1557408406,"path_taken":["M","M","M","$","?","R","$","R","T","R","M","?","?","E","R","BOSS","M","$","M","?","$","E","R","E"],"build_version":"2019-05-07","purchased_purges":2,"victory":false,"max_hp_per_floor":[71,71,71,71,71,71,71,71,71,71,71,71,71,71,71,71,71,71,71,71,71,71,71,71,71],"card_choices":[{"not_picked":["Double Energy","Loop"],"picked":"Cold Snap","floor":1},{"not_picked":["Scrape","Redo"],"picked":"Rip and Tear","floor":2},{"not_picked":["Reprogram","Redo"],"picked":"Stack","floor":3},{"not_picked":["Turbo","Redo"],"picked":"Ball Lightning","floor":11},{"not_picked":["Cold Snap","Streamline"],"picked":"Go for the Eyes","floor":13},{"not_picked":["Fission","Stack"],"picked":"Gash","floor":14},{"not_picked":["Thunder Strike","Amplify"],"picked":"Biased Cognition","floor":16},{"not_picked":["Auto Shields","Reinforced Body"],"picked":"Genetic Algorithm","floor":18},{"not_picked":["Streamline","Recycle"],"picked":"Sweeping Beam","floor":20},{"not_picked":["Barrage","Aggregate"],"picked":"Compile Driver","floor":23}],"player_experience":1673924,"relics_obtained":[{"floor":9,"key":"Art of War"},{"floor":13,"key":"Odd Mushroom"},{"floor":14,"key":"Omamori"},{"floor":23,"key":"Smiling Mask"}],"event_choices":[{"damage_healed":0,"gold_gain":0,"player_choice":"Entered Light","damage_taken":21,"max_hp_gain":0,"max_hp_loss":0,"event_name":"Shining Light","floor":5,"gold_loss":0,"cards_upgraded":["Defend_B","Conserve Battery"]},{"damage_healed":0,"gold_gain":150,"player_choice":"AGREE","damage_taken":0,"max_hp_gain":0,"max_hp_loss":0,"event_name":"Liars Game","floor":12,"gold_loss":0,"cards_obtained":["Doubt"]},{"damage_healed":0,"gold_gain":0,"player_choice":"Fought Mushrooms","damage_taken":0,"max_hp_gain":0,"max_hp_loss":0,"event_name":"Mushrooms","floor":13,"gold_loss":0},{"damage_healed":0,"gold_gain":0,"player_choice":"Stole Relic","damage_taken":0,"relics_obtained":["PreservedInsect"],"max_hp_gain":0,"max_hp_loss":0,"event_name":"Addict","floor":21,"gold_loss":0,"cards_obtained":["Shame"]}],"is_beta":true,"boss_relics":[{"not_picked":["Pandora\u0027s Box","Orrery"],"picked":"Nuclear Battery"}],"items_purged_floors":[4,19],"is_endless":false,"potions_floor_spawned":[1,2,13,20],"killed_by":"Book of Stabbing","ascension_level":19}