{"gold_per_floor":[117,117,50,50,62,62,62,62,62,76,101,121,121,121,121,218,218,238,3,3,3],"floor_reached":21,"playtime":5917,"items_purged":[],"score":228,"play_id":"86287ed0-40e9-46bd-8f72-1815fb45b3a1","local_time":"20181029170612","is_ascension_mode":true,"campfire_choices":[{"data":"Zap","floor":6,"key":"SMITH"},{"data":"Zap","floor":8,"key":"SMITH"},{"data":"Dualcast","floor":13,"key":"SMITH"},{"data":"Capacitor","floor":15,"key":"SMITH"}],"neow_cost":"NONE","seed_source_timestamp":601928711777300,"circlet_count":0,"master_deck":["Strike_B","Strike_B","Strike_B","Defend_B","Defend_B","Defend_B","Defend_B","Zap+1","Dualcast+1","Hologram","Ball Lightning","Capacitor+1","Zap+1","Coolheaded","Chaos","Hologram","Lockon","Echo Form","Conserve Battery","Lockon","Pain"],"relics":["Cracked Core","Singing Bowl","Centennial Puzzle","Matryoshka","Eternal Feather","Membership Card","WarpedTongs"],"potions_floor_usage":[16,21],"damage_taken":[{"damage":0,"enemies":"Small Slimes","floor":1,"turns":4},{"damage":1,"enemies":"Cultist","floor":5,"turns":3},{"damage":2,"enemies":"2 Louse","floor":10,"turns":2},{"damage":8,"enemies":"Gremlin Nob","floor":11,"turns":3},{"damage":9,"enemies":"2 Fungi Beasts","floor":12,"turns":3},{"damage":33,"enemies":"Hexaghost","floor":16,"turns":8},{"damage":45,"enemies":"2 Thieves","floor":18,"turns":5},{"damage":25,"enemies":"Spheric Guardian","floor":21,"turns":3}],"seed_played":"470020022236491013","potions_obtained":[{"floor":1,"key":"Swift Potion"},{"floor":5,"key":"FearPotion"},{"floor":12,"key":"Explosive Potion"}],"is_trial":false,"path_per_floor":["M","?","$","?","M","R","?","R","T","M","E","M","R","T","R","B",null,"M","$","?"],"character_chosen":"DEFECT","items_purchased":["Capacitor","Membership Card","Lockon"],"campfire_rested":0,"item_purchase_floors":[3,19,19],"current_hp_per_floor":[75,75,75,75,74,74,74,74,74,72,64,57,57,57,57,24,69,24,24,24,0],"gold":3,"neow_bonus":"TEN_PERCENT_HP_BONUS","is_prod":false,"is_daily":false,"chose_seed":false,"campfire_upgraded":4,"win_rate":0,"timestamp":1540847172,"path_taken":["M","?","$","?","M","R","?","R","T","M","E","M","R","?","R","BOSS","M","$","?","M"],"build_version":"2018-10-25v2","purchased_purges":0,"victory":false,"max_hp_per_floor":[82,82,82,82,82,82,82,82,82,82,82,84,84,84,84,84,84,84,84,84,84],"card_choices":[{"not_picked":["Steam","Gash"],"picked":"Hologram","floor":1},{"not_picked":["Blizzard","Cold Snap"],"picked":"Chaos","floor":5},{"not_picked":["Chaos","Gash"],"picked":"Hologram","floor":10},{"not_picked":["Beam Cell","Redo"],"picked":"Lockon","floor":11},{"not_picked":["Turbo","Hologram","Go for the Eyes"],"picked":"Singing Bowl","floor":12},{"not_picked":["Meteor Strike","Seek"],"picked":"Echo Form","floor":16},{"not_picked":["Rebound","Redo"],"picked":"Conserve Battery","floor":18}],"player_experience":1498810,"relics_obtained":[{"floor":9,"key":"Singing Bowl"},{"floor":11,"key":"Centennial Puzzle"},{"floor":14,"key":"Matryoshka"}],"event_choices":[{"damage_healed":0,"gold_gain":0,"cards_transformed":["Strike_B"],"player_choice":"Transformed","damage_taken":0,"max_hp_gain":0,"max_hp_loss":0,"event_name":"Transmorgrifier","floor":2,"gold_loss":0,"cards_obtained":["Ball Lightning"]},{"damage_healed":0,"gold_gain":0,"player_choice":"2 cards matched","damage_taken":0,"max_hp_gain":0,"max_hp_loss":0,"event_name":"Match and Keep!","floor":4,"gold_loss":0,"cards_obtained":["Zap","Coolheaded"]},{"damage_healed":0,"gold_gain":0,"player_choice":"Ignored","damage_taken":0,"max_hp_gain":0,"max_hp_loss":0,"event_name":"Golden Idol","floor":7,"gold_loss":0},{"damage_healed":0,"gold_gain":0,"player_choice":"Rummage","damage_taken":0,"relics_obtained":["WarpedTongs"],"max_hp_gain":0,"max_hp_loss":0,"event_name":"Accursed Blacksmith","floor":20,"gold_loss":0,"cards_obtained":["Pain"]}],"is_beta":false,"boss_relics":[{"not_picked":["Tiny House","Calling Bell"],"picked":"Eternal Feather"}],"items_purged_floors":[],"is_endless":false,"potions_floor_spawned":[1,5,12],"killed_by":"Spheric Guardian","ascension_level":6}