{"gold_per_floor":[118,133,150,75,75,75,103,103,130,155,15,29,29,29,29,125,125,142,152,152,163,180,180,208,208,235,41,54,82,82,114,114,209,209,221,21,38,48,48,48,82,82,106,139,139,152,169,204,204,204],"floor_reached":51,"playtime":4625,"items_purged":["Strike_R","Strike_R","Defend_R+1","Defend_R+1"],"score":828,"play_id":"ea9fb8a1-3028-44ce-8196-1ad511b1c971","local_time":"20180717132331","is_ascension_mode":false,"campfire_choices":[{"data":"Spot Weakness","floor":6,"key":"SMITH"},{"floor":8,"key":"REST"},{"data":"Armaments","floor":15,"key":"SMITH"},{"floor":23,"key":"REST"},{"floor":32,"key":"REST"},{"floor":40,"key":"REST"},{"floor":45,"key":"REST"},{"floor":49,"key":"REST"}],"neow_cost":"FIFTY_PERCENT_DAMAGE","seed_source_timestamp":883603757754839,"circlet_count":0,"master_deck":["Strike_R+1","Strike_R+1","Strike_R+1","Defend_R+1","Defend_R+1","Feed","Spot Weakness+1","Rage","Exhume","Heavy Blade","Metallicize","Armaments+1","Limit Break","Havoc+1","Spot Weakness+1","Sword Boomerang+1","Feel No Pain","Armaments+1","Bludgeon","Metallicize+1","Shrug It Off","Madness","Madness","Whirlwind+1","Body Slam+1","Flex+1","Inflame+1","Headbutt+1"],"relics":["Burning Blood","War Paint","Blood Vial","Ginger","Self Forming Clay","Fusion Hammer","Bottled Tornado","Meat on the Bone","Pen Nib","Lantern","Blue Candle","Runic Cube","Frozen Egg 2","Strawberry","Oddly Smooth Stone","Bronze Scales","Happy Flower"],"potions_floor_usage":[12,16,29,29,31,50,50,50],"damage_taken":[{"damage":0,"enemies":"2 Louse","floor":1,"turns":2},{"damage":1,"enemies":"Cultist","floor":2,"turns":4},{"damage":7,"enemies":"Small Slimes","floor":3,"turns":4},{"damage":41,"enemies":"Lagavulin","floor":7,"turns":10},{"damage":11,"enemies":"3 Sentries","floor":10,"turns":9},{"damage":13,"enemies":"Exordium Thugs","floor":12,"turns":6},{"damage":49,"enemies":"Slime Boss","floor":16,"turns":17},{"damage":1,"enemies":"Shell Parasite","floor":18,"turns":4},{"damage":1,"enemies":"3 Byrds","floor":19,"turns":6},{"damage":5,"enemies":"Snake Plant","floor":21,"turns":3},{"damage":14,"enemies":"Snecko","floor":22,"turns":5},{"damage":15,"enemies":"Book of Stabbing","floor":24,"turns":4},{"damage":12,"enemies":"Chosen and Byrds","floor":28,"turns":3},{"damage":30,"enemies":"Slavers","floor":29,"turns":5},{"damage":2,"enemies":"Book of Stabbing","floor":31,"turns":4},{"damage":29,"enemies":"Champ","floor":33,"turns":8},{"damage":16,"enemies":"3 Shapes","floor":35,"turns":6},{"damage":44,"enemies":"Flame Bruiser 1 Orb","floor":37,"turns":5},{"damage":18,"enemies":"Maw","floor":38,"turns":8},{"damage":32,"enemies":"Nemesis","floor":41,"turns":7},{"damage":28,"enemies":"2 Orb Walkers","floor":44,"turns":4},{"damage":22,"enemies":"Spire Growth","floor":46,"turns":4},{"damage":9,"enemies":"Transient","floor":47,"turns":5},{"damage":10,"enemies":"Giant Head","floor":48,"turns":6},{"damage":30,"enemies":"Donu and Deca","floor":50,"turns":6}],"seed_played":"-4327659133844487429","potions_obtained":[{"floor":7,"key":"BloodPotion"},{"floor":10,"key":"AttackPotion"},{"floor":12,"key":"SpeedPotion"},{"floor":24,"key":"Poison Potion"},{"floor":28,"key":"LiquidBronze"},{"floor":29,"key":"Block Potion"},{"floor":41,"key":"SteroidPotion"},{"floor":46,"key":"Strength Potion"},{"floor":47,"key":"FearPotion"},{"floor":48,"key":"PowerPotion"}],"is_trial":false,"path_per_floor":["M","M","M","$","?","R","E","R","T","E","$","M","$","T","R","B",null,"M","M","T","M","M","R","E","?","T","$","M","E","?","E","R","B",null,"M","$","M","M","?","R","E","?","T","E","R","M","M","E","R","B"],"character_chosen":"IRONCLAD","items_purchased":["Metallicize","Feel No Pain","Shrug It Off"],"campfire_rested":6,"item_purchase_floors":[11,27,36],"current_hp_per_floor":[49,57,56,56,56,56,21,46,46,49,49,56,56,56,56,18,98,102,106,106,106,102,110,104,104,104,104,103,81,57,75,111,90,121,115,115,79,69,53,90,78,85,85,77,116,102,101,99,132,111],"gold":204,"neow_bonus":"THREE_RARE_CARDS","is_prod":false,"is_daily":false,"chose_seed":false,"campfire_upgraded":2,"win_rate":0,"timestamp":1531848211,"path_taken":["M","M","M","$","?","R","E","R","T","E","$","M","$","?","R","BOSS","M","M","?","M","M","R","E","?","T","$","M","E","?","E","R","BOSS","M","$","M","M","?","R","E","?","T","E","R","M","M","E","R","BOSS"],"build_version":"2018-07-12","purchased_purges":4,"victory":true,"max_hp_per_floor":[83,86,86,86,86,86,86,86,86,92,92,95,95,95,95,98,98,102,106,106,106,110,110,113,113,113,113,116,116,121,121,121,121,121,125,125,125,125,125,125,125,132,132,132,132,132,132,132,132,135],"card_choices":[{"not_picked":["Reaper","Juggernaut"],"picked":"Feed","floor":0},{"not_picked":["Headbutt","Warcry"],"picked":"Spot Weakness","floor":1},{"not_picked":["Body Slam","Burning Pact"],"picked":"Rage","floor":2},{"not_picked":["Feel No Pain","Clash","Havoc"],"picked":"SKIP","floor":3},{"not_picked":["Entrench","Reckless Charge"],"picked":"Exhume","floor":7},{"not_picked":["Anger","Brutality"],"picked":"Heavy Blade","floor":10},{"not_picked":["Iron Wave","Carnage"],"picked":"Armaments","floor":12},{"not_picked":["Berserk","Juggernaut"],"picked":"Limit Break","floor":16},{"not_picked":["True Grit","Hemokinesis"],"picked":"Havoc+1","floor":18},{"not_picked":["Reckless Charge","Cleave"],"picked":"Spot Weakness+1","floor":19},{"not_picked":["Disarm","Hemokinesis"],"picked":"Sword Boomerang+1","floor":21},{"not_picked":["Headbutt","Perfected Strike","Twin Strike"],"picked":"SKIP","floor":22},{"not_picked":["Iron Wave","Disarm","Flame Barrier+1"],"picked":"SKIP","floor":24},{"not_picked":["Wild Strike+1","Rampage+1","Dropkick"],"picked":"SKIP","floor":28},{"not_picked":["Reckless Charge","Pummel","Armaments"],"picked":"SKIP","floor":29},{"not_picked":["Shrug It Off","Cleave"],"picked":"Armaments+1","floor":31},{"not_picked":["Immolate","Impervious"],"picked":"Bludgeon","floor":33},{"not_picked":["Spot Weakness","Inflame+1"],"picked":"Metallicize+1","floor":35},{"not_picked":["Armaments","Anger+1","Warcry"],"picked":"SKIP","floor":37},{"not_picked":["Intimidate+1","Sentinel+1","Carnage"],"picked":"SKIP","floor":38},{"not_picked":["Headbutt+1","Immolate"],"picked":"Whirlwind+1","floor":41},{"not_picked":["Whirlwind+1","Anger"],"picked":"Body Slam+1","floor":44},{"not_picked":["Rupture+1","Anger+1"],"picked":"Flex+1","floor":46},{"not_picked":["Dropkick","Anger"],"picked":"Inflame+1","floor":47},{"not_picked":["Sever Soul","Shrug It Off"],"picked":"Headbutt+1","floor":48}],"player_experience":303508,"relics_obtained":[{"floor":7,"key":"War Paint"},{"floor":9,"key":"Blood Vial"},{"floor":10,"key":"Ginger"},{"floor":14,"key":"Self Forming Clay"},{"floor":20,"key":"Bottled Tornado"},{"floor":24,"key":"Meat on the Bone"},{"floor":26,"key":"Pen Nib"},{"floor":29,"key":"Lantern"},{"floor":31,"key":"Blue Candle"},{"floor":41,"key":"Frozen Egg 2"},{"floor":43,"key":"Oddly Smooth Stone"},{"floor":44,"key":"Bronze Scales"},{"floor":48,"key":"Happy Flower"}],"event_choices":[{"event_name":"Bonfire Elementals","player_choice":"BASIC","floor":5,"damage_taken":0},{"event_name":"Back to Basics","player_choice":"Simplicity","floor":25,"damage_taken":0},{"event_name":"Forgotten Altar","player_choice":"Shed Blood","floor":30,"damage_taken":0},{"event_name":"Winding Halls","player_choice":"Embrace Madness","floor":39,"damage_taken":0},{"event_name":"Accursed Blacksmith","player_choice":"Rummage","floor":42,"damage_taken":0}],"boss_relics":[{"not_picked":["Orrery","Tiny House"],"picked":"Fusion Hammer"},{"not_picked":["Coffee Dripper","Empty Cage"],"picked":"Runic Cube"}],"items_purged_floors":[4,11,27,36],"is_endless":false,"potions_floor_spawned":[7,10,12,24,28,29,41,46,47,48],"ascension_level":0}