{"gold_per_floor":[14,32,32,46,59,59,91,91,142,142,142,44,66,76,76,172,172,190,190,223,241,141,56,56,155,181,193,219,257,269,292,304,316],"floor_reached":33,"playtime":1476,"items_purged":["Strike_R","Strike_R"],"score":395,"play_id":"bd5be793-2408-4235-9317-d9112d47fdcc","local_time":"20190110221322","is_ascension_mode":true,"campfire_choices":[{"data":"Bash","floor":6,"key":"SMITH"},{"data":"Clothesline","floor":8,"key":"SMITH"},{"data":"Armaments","floor":15,"key":"SMITH"},{"floor":24,"key":"REST"},{"floor":27,"key":"REST"},{"floor":32,"key":"REST"}],"neow_cost":"NO_GOLD","seed_source_timestamp":947942346414100,"circlet_count":0,"master_deck":["AscendersBane","Strike_R","Defend_R","Defend_R","Defend_R","Bash+1","Clothesline+1","Hemokinesis+1","Burning Pact","Infernal Blade","Cleave","Dual Wield","Armaments+1","Battle Trance","Juggernaut","Rupture+1","Parasite","Headbutt+1","Hemokinesis+1","Writhe","Seeing Red"],"relics":["Burning Blood","Mummified Hand","Happy Flower","Ornamental Fan","Odd Mushroom","Cursed Key","Red Mask","Centennial Puzzle","MawBank","Question Card","Self Forming Clay"],"potions_floor_usage":[16,29,33],"damage_taken":[{"damage":6,"enemies":"Cultist","floor":1,"turns":4},{"damage":2,"enemies":"Jaw Worm","floor":2,"turns":3},{"damage":4,"enemies":"2 Louse","floor":4,"turns":2},{"damage":2,"enemies":"Large Slime","floor":5,"turns":5},{"damage":40,"enemies":"Gremlin Nob","floor":7,"turns":4},{"damage":11,"enemies":"The Mushroom Lair","floor":13,"turns":4},{"damage":2,"enemies":"3 Louse","floor":14,"turns":2},{"damage":42,"enemies":"Hexaghost","floor":16,"turns":10},{"damage":9,"enemies":"Chosen","floor":18,"turns":3},{"damage":36,"enemies":"Colosseum Slavers","floor":19,"turns":5},{"damage":5,"enemies":"Masked Bandits","floor":20,"turns":3},{"damage":24,"enemies":"2 Thieves","floor":21,"turns":3},{"damage":8,"enemies":"Centurion and Healer","floor":28,"turns":3},{"damage":15,"enemies":"Book of Stabbing","floor":29,"turns":3},{"damage":16,"enemies":"Snake Plant","floor":31,"turns":3},{"damage":65,"enemies":"Automaton","floor":33,"turns":6}],"seed_played":"2180516987995308615","potions_obtained":[{"floor":1,"key":"GamblersBrew"},{"floor":7,"key":"EntropicBrew"},{"floor":13,"key":"BloodPotion"},{"floor":16,"key":"Energy Potion"},{"floor":29,"key":"Fire Potion"}],"is_trial":false,"path_per_floor":["M","M","?","M","M","R","E","R","T","?","T","$","?","M","R","B",null,"M","?","?","M","$","?","R","?","T","R","M","E","T","M","R","B"],"character_chosen":"IRONCLAD","items_purchased":["Armaments"],"campfire_rested":3,"item_purchase_floors":[12],"current_hp_per_floor":[72,76,76,78,80,80,46,46,46,46,46,46,41,45,45,17,64,61,31,32,14,14,14,38,38,38,62,60,51,51,41,65,0],"gold":316,"neow_bonus":"REMOVE_TWO","is_prod":false,"is_daily":false,"chose_seed":false,"campfire_upgraded":3,"win_rate":0,"timestamp":1547176402,"path_taken":["M","M","?","?","M","R","E","R","T","?","?","?","?","M","R","BOSS","M","?","?","M","$","?","R","?","T","R","M","E","?","M","R","BOSS"],"build_version":"2019-01-10","purchased_purges":2,"victory":false,"max_hp_per_floor":[80,80,80,80,80,80,80,80,80,80,80,80,80,80,80,80,80,80,80,80,80,80,80,80,80,80,80,80,80,80,80,80,80],"card_choices":[{"not_picked":["Shockwave","Perfected Strike"],"picked":"Clothesline","floor":1},{"not_picked":["Heavy Blade","Flex"],"picked":"Hemokinesis","floor":2},{"not_picked":["Corruption","Headbutt"],"picked":"Burning Pact","floor":4},{"not_picked":["Warcry","Perfected Strike"],"picked":"Infernal Blade","floor":5},{"not_picked":["Pommel Strike","Armaments"],"picked":"Cleave","floor":7},{"not_picked":["Clothesline","Bloodletting"],"picked":"Battle Trance","floor":13},{"not_picked":["Sever Soul","Wild Strike","Armaments"],"picked":"SKIP","floor":14},{"not_picked":["Dark Embrace","Exhume"],"picked":"Juggernaut","floor":16},{"not_picked":["Wild Strike","Shockwave"],"picked":"Rupture+1","floor":18},{"not_picked":["Dropkick","True Grit","Armaments"],"picked":"SKIP","floor":21},{"not_picked":["Dual Wield","Perfected Strike"],"picked":"Headbutt+1","floor":28},{"not_picked":["Cleave","Flex"],"picked":"Hemokinesis+1","floor":29},{"not_picked":["Wild Strike","Reckless Charge","Sword Boomerang"],"picked":"Seeing Red","floor":31}],"player_experience":1725280,"relics_obtained":[{"floor":7,"key":"Mummified Hand"},{"floor":9,"key":"Happy Flower"},{"floor":11,"key":"Ornamental Fan"},{"floor":13,"key":"Odd Mushroom"},{"floor":20,"key":"Red Mask"},{"floor":26,"key":"MawBank"},{"floor":29,"key":"Question Card"},{"floor":30,"key":"Self Forming Clay"}],"event_choices":[{"damage_healed":0,"gold_gain":0,"player_choice":"Upgraded","damage_taken":0,"max_hp_gain":0,"max_hp_loss":0,"event_name":"Upgrade Shrine","floor":3,"gold_loss":0,"cards_upgraded":["Hemokinesis"]},{"damage_healed":0,"gold_gain":0,"cards_transformed":["Strike_R"],"player_choice":"Change","damage_taken":0,"max_hp_gain":0,"max_hp_loss":0,"event_name":"Living Wall","floor":10,"gold_loss":0,"cards_obtained":["Dual Wield"]},{"damage_healed":0,"gold_gain":0,"player_choice":"Fought Mushrooms","damage_taken":0,"max_hp_gain":0,"max_hp_loss":0,"event_name":"Mushrooms","floor":13,"gold_loss":0},{"damage_healed":0,"gold_gain":0,"player_choice":"Fight","damage_taken":0,"max_hp_gain":0,"max_hp_loss":0,"event_name":"Colosseum","floor":19,"gold_loss":0},{"damage_healed":0,"gold_gain":0,"player_choice":"Fled From Nobs","damage_taken":0,"max_hp_gain":0,"max_hp_loss":0,"event_name":"Colosseum","floor":19,"gold_loss":0},{"damage_healed":0,"gold_gain":0,"player_choice":"Fought Bandits","damage_taken":0,"max_hp_gain":0,"max_hp_loss":0,"event_name":"Masked Bandits","floor":20,"gold_loss":0},{"damage_healed":0,"gold_gain":0,"player_choice":"Obtained Relic","damage_taken":0,"relics_obtained":["Centennial Puzzle"],"max_hp_gain":0,"max_hp_loss":0,"event_name":"Addict","floor":23,"gold_loss":85},{"damage_healed":0,"gold_gain":99,"player_choice":"Stole From Cult","damage_taken":0,"max_hp_gain":0,"max_hp_loss":0,"event_name":"Nest","floor":25,"gold_loss":0}],"is_beta":false,"boss_relics":[{"not_picked":["Ectoplasm","Pandora\u0027s Box"],"picked":"Cursed Key"}],"items_purged_floors":[12,22],"is_endless":false,"potions_floor_spawned":[1,7,13,16,29,31],"killed_by":"Automaton","ascension_level":10}