{"gold_per_floor":[118,128,146,71,87,87,113,113,161,173,184,217,217,231,231,328,328,344,362,287,187,197,197,208,208,208,226,236,254,254,254],"floor_reached":31,"playtime":2437,"items_purged":["Pain"],"score":243,"play_id":"0911dd51-4715-4ed5-ac9f-bac4f6045571","local_time":"20180624030628","is_ascension_mode":false,"campfire_choices":[{"data":"Rage","floor":6,"key":"SMITH"},{"floor":8,"key":"REST"},{"floor":15,"key":"REST"},{"floor":23,"key":"REST"},{"data":"Barricade","floor":25,"key":"SMITH"}],"neow_cost":"CURSE","seed_source_timestamp":28089612429920,"circlet_count":0,"master_deck":["Defend_R","Defend_R","Defend_R","Defend_R","Bash","Feel No Pain","True Grit","Shrug It Off","Sword Boomerang","Rage+1","Spot Weakness","Twin Strike","Heavy Blade","Pommel Strike","Spot Weakness","Thunderclap","Impervious","Barricade+1","Seeing Red+1","Brutality+1","Berserk+1","Headbutt","Sword Boomerang","Metallicize","Shrug It Off","Body Slam","Rage","Shockwave","Perfected Strike+1","Entrench","Shrug It Off+1"],"relics":["Burning Blood","Odd Mushroom","Dream Catcher","Bronze Scales","Darkstone Periapt","Astrolabe","Molten Egg 2","Blood Vial"],"potions_floor_usage":[3,3,12,16,16,16,18,22,29],"damage_taken":[{"damage":12,"enemies":"Jaw Worm","floor":1,"turns":6},{"damage":7,"enemies":"Small Slimes","floor":2,"turns":4},{"damage":6,"enemies":"Cultist","floor":3,"turns":5},{"damage":28,"enemies":"Exordium Wildlife","floor":5,"turns":10},{"damage":21,"floor":7,"turns":4},{"damage":0,"enemies":"3 Louse","floor":10,"turns":3},{"damage":0,"enemies":"Looter","floor":11,"turns":2},{"damage":19,"enemies":"Gremlin Nob","floor":12,"turns":5},{"damage":21,"enemies":"Exordium Thugs","floor":14,"turns":5},{"damage":51,"enemies":"Hexaghost","floor":16,"turns":7},{"damage":36,"enemies":"Spheric Guardian","floor":18,"turns":6},{"damage":19,"enemies":"Chosen","floor":19,"turns":13},{"damage":6,"enemies":"Centurion and Healer","floor":22,"turns":11},{"damage":23,"enemies":"Snecko","floor":24,"turns":5},{"damage":15,"enemies":"Sentry and Sphere","floor":27,"turns":8},{"damage":0,"enemies":"Centurion and Healer","floor":28,"turns":6},{"damage":34,"enemies":"Snake Plant","floor":29,"turns":5},{"damage":38,"enemies":"Cultist and Chosen","floor":31,"turns":4}],"seed_played":"-7617094864102960401","potions_obtained":[{"floor":1,"key":"EntropicBrew"},{"floor":5,"key":"GamblersBrew"},{"floor":10,"key":"Ancient Potion"},{"floor":14,"key":"LiquidBronze"},{"floor":16,"key":"Poison Potion"},{"floor":19,"key":"EssenceOfSteel"},{"floor":28,"key":"PowerPotion"}],"is_trial":false,"path_per_floor":["M","M","M","$","M","R","?","R","T","M","M","E","?","M","R","B",null,"M","M","?","$","M","R","M","R","T","M","M","M","?"],"character_chosen":"IRONCLAD","items_purchased":["Metallicize","Shrug It Off"],"campfire_rested":3,"item_purchase_floors":[21,21],"current_hp_per_floor":[74,73,73,73,51,51,36,60,60,66,72,59,65,50,75,30,86,56,43,43,43,43,68,51,51,51,42,48,20,20,0],"gold":254,"neow_bonus":"TRANSFORM_TWO_CARDS","is_prod":false,"is_daily":false,"chose_seed":false,"campfire_upgraded":2,"win_rate":0.0,"timestamp":1529823988,"path_taken":["M","M","M","$","M","R","?","R","T","M","M","E","?","M","R","BOSS","M","M","?","$","M","R","M","R","T","M","M","M","?","M"],"build_version":"2018-06-21v2","purchased_purges":1,"victory":false,"max_hp_per_floor":[80,80,80,80,80,80,80,80,80,80,80,80,86,86,86,86,86,86,86,86,86,86,86,86,86,86,86,86,86,86,86],"card_choices":[{"not_picked":["Body Slam","Iron Wave"],"picked":"Shrug It Off","floor":1},{"not_picked":["Anger","Clash"],"picked":"Sword Boomerang","floor":2},{"not_picked":["Uppercut","Searing Blow"],"picked":"Rage","floor":3},{"not_picked":["Iron Wave","Evolve"],"picked":"Spot Weakness","floor":5},{"not_picked":["Headbutt","Corruption"],"picked":"Twin Strike","floor":7},{"not_picked":["Flame Barrier","Warcry"],"picked":"Heavy Blade","floor":10},{"not_picked":["Cleave","Power Through"],"picked":"Pommel Strike","floor":11},{"not_picked":["True Grit","Anger"],"picked":"Spot Weakness","floor":12},{"not_picked":["Clash","Wild Strike"],"picked":"Thunderclap","floor":14},{"not_picked":["Intimidate","Thunderclap"],"picked":"Impervious","floor":15},{"not_picked":["Impervious","Berserk"],"picked":"Barricade","floor":16},{"not_picked":["Power Through","Reckless Charge"],"picked":"Headbutt","floor":18},{"not_picked":["Sever Soul","Anger"],"picked":"Sword Boomerang","floor":19},{"not_picked":["Battle Trance","Rupture"],"picked":"Body Slam","floor":22},{"not_picked":["Flame Barrier","Thunderclap+1"],"picked":"Rage","floor":23},{"not_picked":["True Grit","Battle Trance+1"],"picked":"Shockwave","floor":24},{"not_picked":["Headbutt+1","Sever Soul+1"],"picked":"Perfected Strike+1","floor":27},{"not_picked":["Sword Boomerang+1","Perfected Strike+1"],"picked":"Entrench","floor":28},{"not_picked":["Searing Blow+1","Sword Boomerang+1"],"picked":"Shrug It Off+1","floor":29}],"player_experience":58389,"relics_obtained":[{"floor":7,"key":"Odd Mushroom"},{"floor":9,"key":"Dream Catcher"},{"floor":12,"key":"Bronze Scales"},{"floor":26,"key":"Molten Egg 2"}],"event_choices":[{"event_name":"Mushrooms","player_choice":"Fought Mushrooms","floor":7,"damage_taken":0},{"event_name":"Accursed Blacksmith","player_choice":"Rummage","floor":13,"damage_taken":0},{"event_name":"Beggar","player_choice":"Gave Gold","floor":20,"damage_taken":0},{"event_name":"Wheel of Change","player_choice":"Relic","floor":30,"damage_taken":0}],"boss_relics":[{"not_picked":["Mark of Pain","White Beast Statue"],"picked":"Astrolabe"}],"items_purged_floors":[4],"is_endless":false,"potions_floor_spawned":[1,5,10,14,16,19,28],"killed_by":"Cultist and Chosen","ascension_level":0}