{"gold_per_floor":[109,109,124,136,154,181,181,199,199,212,244,244,261,272,272,372,372,385,385,194,211,222,252,252,267,267,267,282,295,53,53],"floor_reached":31,"playtime":1554,"items_purged":[],"score":300,"play_id":"6bff3ec8-26e0-401b-b121-39f3ee1ffdb0","local_time":"20180831033351","is_ascension_mode":true,"campfire_choices":[{"floor":7,"key":"REST"},{"floor":15,"key":"REST"},{"floor":24,"key":"REST"},{"floor":27,"key":"REST"}],"neow_cost":"PERCENT_DAMAGE","seed_source_timestamp":12032572638739,"circlet_count":0,"master_deck":["Strike_R","Strike_R","Strike_R","Strike_R","Defend_R","Defend_R","Bash","Juggernaut","Armaments","Entrench","Twin Strike","Rage","Metallicize","Exhume","Headbutt+1","Inflame","Rage","Sword Boomerang+1","Iron Wave+1","Flex+1"],"relics":["Burning Blood","Vajra","Bronze Scales","Lantern","Velvet Choker","Letter Opener","Blood Vial","Omamori","Charon\u0027s Ashes","Self Forming Clay"],"potions_floor_usage":[10,11,16,16,16,22,23,23],"damage_taken":[{"damage":1,"enemies":"Cultist","floor":1,"turns":4},{"damage":5,"enemies":"Jaw Worm","floor":3,"turns":5},{"damage":6,"enemies":"Small Slimes","floor":4,"turns":4},{"damage":9,"enemies":"Red Slaver","floor":5,"turns":4},{"damage":32,"enemies":"Gremlin Nob","floor":6,"turns":5},{"damage":24,"enemies":"Large Slime","floor":8,"turns":8},{"damage":7,"enemies":"Exordium Thugs","floor":10,"turns":3},{"damage":5,"enemies":"Lagavulin","floor":11,"turns":8},{"damage":21,"enemies":"Lots of Slimes","floor":13,"turns":4},{"damage":6,"enemies":"Looter","floor":14,"turns":3},{"damage":3,"enemies":"The Guardian","floor":16,"turns":9},{"damage":21,"enemies":"2 Thieves","floor":18,"turns":4},{"damage":0,"enemies":"3 Byrds","floor":21,"turns":3},{"damage":24,"enemies":"Cultist and Chosen","floor":22,"turns":6},{"damage":58,"enemies":"Slavers","floor":23,"turns":6},{"damage":28,"enemies":"Sentry and Sphere","floor":25,"turns":5},{"damage":18,"enemies":"Centurion and Healer","floor":28,"turns":4},{"damage":16,"enemies":"Snake Plant","floor":29,"turns":4},{"damage":20,"enemies":"Shelled Parasite and Fungi","floor":31,"turns":2}],"seed_played":"978786700948502155","potions_obtained":[{"floor":1,"key":"Swift Potion"},{"floor":5,"key":"Block Potion"},{"floor":6,"key":"Swift Potion"},{"floor":10,"key":"SpeedPotion"},{"floor":11,"key":"Poison Potion"},{"floor":12,"key":"Ancient Potion"},{"floor":12,"key":"Strength Potion"},{"floor":18,"key":"Block Potion"},{"floor":21,"key":"SpeedPotion"},{"floor":22,"key":"LiquidBronze"}],"is_trial":false,"path_per_floor":["M","?","M","M","M","E","R","M","T","M","E","?","M","M","R","B",null,"M","?","$","M","M","E","R","M","T","R","M","M","$"],"character_chosen":"IRONCLAD","items_purchased":["Inflame","Blood Vial","Self Forming Clay"],"campfire_rested":4,"item_purchase_floors":[20,20,30],"current_hp_per_floor":[61,61,62,62,59,33,57,39,39,38,39,39,24,24,48,51,80,65,65,65,73,57,7,31,11,11,35,25,17,17,0],"gold":53,"neow_bonus":"TRANSFORM_TWO_CARDS","is_prod":false,"is_daily":false,"chose_seed":false,"campfire_upgraded":0,"win_rate":0,"timestamp":1535700831,"path_taken":["M","?","M","M","M","E","R","M","T","M","E","?","?","?","R","BOSS","M","?","$","M","M","E","R","M","T","R","?","M","$","M"],"build_version":"2018-08-30","purchased_purges":0,"victory":false,"max_hp_per_floor":[80,80,80,80,80,80,80,80,80,80,80,80,80,80,80,80,80,80,80,80,80,80,80,80,80,80,80,80,80,80,80],"card_choices":[{"not_picked":["Clash","Headbutt"],"picked":"Entrench","floor":1},{"not_picked":["Clothesline","True Grit","Power Through"],"picked":"SKIP","floor":3},{"not_picked":["Sword Boomerang","Clothesline","Burning Pact"],"picked":"SKIP","floor":4},{"not_picked":["Clash","Perfected Strike","Heavy Blade"],"picked":"SKIP","floor":5},{"not_picked":["Armaments","Brutality"],"picked":"Twin Strike","floor":6},{"not_picked":["Pommel Strike","Flame Barrier","Disarm"],"picked":"SKIP","floor":8},{"not_picked":["Iron Wave","Warcry","Cleave"],"picked":"SKIP","floor":10},{"not_picked":["Perfected Strike","Infernal Blade"],"picked":"Rage","floor":11},{"not_picked":["Wild Strike","Shockwave","Sever Soul"],"picked":"SKIP","floor":13},{"not_picked":["Dual Wield","Juggernaut"],"picked":"Metallicize","floor":14},{"not_picked":["Berserk","Immolate"],"picked":"Exhume","floor":16},{"not_picked":["Clash+1","Searing Blow"],"picked":"Headbutt+1","floor":18},{"not_picked":["Anger","Shrug It Off","True Grit"],"picked":"SKIP","floor":21},{"not_picked":["Clothesline","Flame Barrier"],"picked":"Rage","floor":22},{"not_picked":["Double Tap","Warcry"],"picked":"Sword Boomerang+1","floor":23},{"not_picked":["Havoc","Warcry"],"picked":"Iron Wave+1","floor":25},{"not_picked":["Entrench","Dark Embrace","True Grit"],"picked":"SKIP","floor":28},{"not_picked":["Armaments","Disarm"],"picked":"Flex+1","floor":29}],"player_experience":676951,"relics_obtained":[{"floor":6,"key":"Vajra"},{"floor":9,"key":"Bronze Scales"},{"floor":11,"key":"Lantern"},{"floor":23,"key":"Omamori"},{"floor":26,"key":"Charon\u0027s Ashes"}],"event_choices":[{"event_name":"Purifier","player_choice":"One Purge","floor":2,"damage_taken":0},{"event_name":"The Lab","player_choice":"Got Potions","floor":12,"damage_taken":0},{"event_name":"The Mausoleum","player_choice":"Yes","floor":19,"damage_taken":0}],"is_beta":false,"boss_relics":[{"not_picked":["Mark of Pain","Ectoplasm"],"picked":"Velvet Choker"}],"items_purged_floors":[],"is_endless":false,"potions_floor_spawned":[1,5,6,8,10,11,18,21,22],"killed_by":"Shelled Parasite and Fungi","ascension_level":2}