{"gold_per_floor":[15,15,25,75,89,89,89,89,119,146,193,209,226,226],"floor_reached":14,"playtime":637,"items_purged":[],"score":178,"play_id":"8bd4fa54-ca41-4629-80a3-036e9f4dc897","local_time":"20190120033420","is_ascension_mode":true,"campfire_choices":[{"data":"Bash","floor":6,"key":"SMITH"},{"data":"Thunderclap","floor":8,"key":"SMITH"}],"neow_cost":"NO_GOLD","seed_source_timestamp":19186987762700,"circlet_count":0,"master_deck":["AscendersBane","Strike_R","Strike_R","Strike_R","Defend_R","Defend_R","Defend_R","Defend_R","Bash+1","Ghostly Armor","Thunderclap+1","Burning Pact","Warcry","Whirlwind"],"relics":["Burning Blood","Omamori","Tiny Chest","Prayer Wheel","Strawberry"],"potions_floor_usage":[10,10],"damage_taken":[{"damage":6,"enemies":"2 Louse","floor":1,"turns":3},{"damage":8,"enemies":"Cultist","floor":3,"turns":6},{"damage":7,"enemies":"Small Slimes","floor":5,"turns":5},{"damage":52,"enemies":"Lagavulin","floor":10,"turns":10},{"damage":11,"enemies":"Blue Slaver","floor":12,"turns":5},{"damage":23,"enemies":"Exordium Wildlife","floor":13,"turns":6},{"damage":23,"enemies":"Large Slime","floor":14,"turns":5}],"seed_played":"-6823265364789841682","potions_obtained":[{"floor":1,"key":"Weak Potion"},{"floor":3,"key":"Strength Potion"}],"is_trial":false,"path_per_floor":["M","?","M","T","M","R","?","R","T","E","T","M","M","M"],"character_chosen":"IRONCLAD","items_purchased":[],"campfire_rested":0,"item_purchase_floors":[],"current_hp_per_floor":[82,82,80,80,79,79,72,72,72,26,33,28,11,0],"gold":226,"neow_bonus":"TWENTY_PERCENT_HP_BONUS","is_prod":false,"is_daily":false,"chose_seed":false,"campfire_upgraded":2,"win_rate":0,"timestamp":1547973260,"path_taken":["M","?","?","?","M","R","?","R","T","E","?","M","M","M"],"build_version":"2019-01-17v2","purchased_purges":0,"victory":false,"max_hp_per_floor":[89,89,89,89,89,89,89,89,89,89,96,96,96,96],"card_choices":[{"not_picked":["Seeing Red","Sword Boomerang"],"picked":"Ghostly Armor","floor":1},{"not_picked":["Sever Soul","Headbutt","Seeing Red"],"picked":"SKIP","floor":3},{"not_picked":["Twin Strike","Flex"],"picked":"Thunderclap","floor":5},{"not_picked":["Body Slam","Searing Blow"],"picked":"Burning Pact","floor":10},{"not_picked":["Perfected Strike","Iron Wave"],"picked":"Warcry","floor":12},{"not_picked":["Seeing Red","Headbutt","Clash"],"picked":"SKIP","floor":12},{"not_picked":["Second Wind","Thunderclap"],"picked":"Whirlwind","floor":13},{"not_picked":["Rupture","Thunderclap","Warcry"],"picked":"SKIP","floor":13}],"player_experience":1807092,"relics_obtained":[{"floor":4,"key":"Omamori"},{"floor":9,"key":"Tiny Chest"},{"floor":10,"key":"Prayer Wheel"},{"floor":11,"key":"Strawberry"}],"event_choices":[{"cards_removed":["Strike_R"],"damage_healed":0,"gold_gain":0,"player_choice":"Purged","damage_taken":0,"max_hp_gain":0,"max_hp_loss":0,"event_name":"Purifier","floor":2,"gold_loss":0},{"cards_removed":["Strike_R"],"damage_healed":0,"gold_gain":0,"player_choice":"Card Removal","damage_taken":7,"max_hp_gain":0,"max_hp_loss":0,"event_name":"Golden Wing","floor":7,"gold_loss":0}],"is_beta":false,"boss_relics":[],"items_purged_floors":[],"is_endless":false,"potions_floor_spawned":[1,3,5],"killed_by":"Large Slime","ascension_level":14}