{"path_per_floor":["M","?","M","?","$","E","M","M","T","R","M","?","M","M","R","B",null,"M","?","$","M","?","R","$","M","T","?","M","M","M","M","R","B",null,"M","?","?","M","?","R","E","$","T","M","M"],"character_chosen":"IRONCLAD","items_purchased":["Armaments"],"gold_per_floor":[113,113,132,132,57,92,104,114,140,140,153,153,173,185,185,280,280,250,165,65,65,65,65,12,12,12,12,12,12,12,12,12,12,12,12,12,12,12,12,12,12,12,12,12,12],"floor_reached":46,"campfire_rested":0,"playtime":4490,"current_hp_per_floor":[85,85,70,63,63,49,51,48,48,48,50,43,45,44,44,7,96,78,78,78,70,54,54,54,56,56,56,50,52,53,55,55,13,96,96,96,86,75,75,75,42,42,42,36,7],"items_purged":["Defend_R","Strike_R"],"gold":12,"play_id":"6be91c9a-83e4-48b5-9268-27a341d47e55","is_prod":false,"is_daily":false,"campfire_rituals":0,"campfire_upgraded":5,"is_hardmode":false,"path_taken":["M","?","M","?","?","E","M","M","T","R","M","?","?","M","R","BOSS","M","?","$","M","?","R","?","M","T","?","?","M","M","M","R","BOSS","M","?","?","?","?","R","E","?","T","M","?","M"],"build_version":"2018-01-18-PROD4","purchased_purges":2,"victory":false,"master_deck":["Strike_R","Strike_R","Strike_R","Defend_R","Defend_R","Bash","Searing Blow","Headbutt","Offering","Thunderclap","Dropkick","Pommel Strike","Double Tap","Dropkick","Armaments","Necronomicurse","Armaments","Blood for Blood","Rampage","Exhume","Headbutt","Madness","Madness","Writhe","Shrug It Off"],"max_hp_per_floor":[96,96,96,96,96,96,96,96,96,96,96,96,96,96,96,96,96,96,96,96,96,96,96,96,96,96,96,96,96,96,96,96,96,96,96,96,96,96,96,96,96,96,96,96,96],"relics":["Burning Blood","Spirit Poop","Ancient Tea Set","Shuriken","Toxic Egg","Ectoplasm","Bag of Preparation","Necronomicon","Torii","Mark of Pain","Anchor","Self Forming Clay"],"campfire_meditates":0,"card_choices":[{"not_picked":["Thunderclap","Shrug It Off"],"picked":"Searing Blow"},{"not_picked":["Flex","Sword Boomerang"],"picked":"Headbutt"},{"not_picked":["Searing Blow","Second Wind"],"picked":"Offering"},{"not_picked":["Twin Strike","Flex"],"picked":"Thunderclap"},{"not_picked":["Flame Barrier","Searing Blow"],"picked":"True Grit"},{"not_picked":["Clash","Warcry"],"picked":"Dropkick"},{"not_picked":["Heavy Blade","Clothesline"],"picked":"Pommel Strike"},{"not_picked":["Immolate","Impervious"],"picked":"Double Tap"},{"not_picked":["Feel No Pain","Shrug It Off"],"picked":"Dropkick"},{"not_picked":["Reckless Charge","Havoc"],"picked":"Armaments"},{"not_picked":["Anger","Thunderclap"],"picked":"Blood for Blood"},{"not_picked":["Shrug It Off","Flex"],"picked":"Rampage"},{"not_picked":["Heavy Blade","Flex"],"picked":"Exhume"},{"not_picked":["Thunderclap","Burning Pact"],"picked":"Headbutt"},{"not_picked":["Fire Breathing","Searing Blow"],"picked":"Shrug It Off"}],"player_experience":79857,"potions_floor_usage":[16,16,16,25,28,30,33,41,41,44,46],"damage_taken":[{"damage":17,"enemies":"Cultist","floor":1,"turns":5},{"damage":21,"enemies":"Blue Slaver","floor":3,"turns":5},{"damage":20,"enemies":"Gremlin Nob","floor":6,"turns":4},{"damage":4,"enemies":"2 Louse","floor":7,"turns":2},{"damage":9,"enemies":"Looter","floor":8,"turns":2},{"damage":4,"enemies":"Large Slime","floor":11,"turns":2},{"damage":4,"enemies":"Exordium Wildlife","floor":13,"turns":2},{"damage":7,"enemies":"Looter","floor":14,"turns":2},{"damage":43,"enemies":"The Guardian","floor":16,"turns":3},{"damage":24,"enemies":"2 Thieves","floor":18,"turns":2},{"damage":14,"enemies":"Spheric Guardian","floor":21,"turns":3},{"damage":4,"enemies":"Slaver and Parasite","floor":25,"turns":1},{"damage":12,"enemies":"Snake Plant","floor":28,"turns":2},{"damage":4,"enemies":"Sentry and Sphere","floor":29,"turns":2},{"damage":11,"enemies":"3 Cultists","floor":30,"turns":3},{"damage":4,"enemies":"Slaver and Parasite","floor":31,"turns":2},{"damage":48,"enemies":"Collector","floor":33,"turns":4},{"damage":4,"enemies":"Orb Walker","floor":35,"turns":1},{"damage":17,"enemies":"3 Darklings","floor":38,"turns":3},{"damage":39,"enemies":"Nemesis","floor":41,"turns":4},{"damage":12,"enemies":"Sphere and 2 Shapes","floor":44,"turns":2},{"damage":35,"enemies":"4 Shapes","floor":45,"turns":3},{"damage":8,"enemies":"3 Darklings","floor":46,"turns":2}],"event_choices":[{"event_name":"Bonfire Elementals","player_choice":"CURSE","floor":2,"damage_taken":0},{"event_name":"Scrap Ooze","player_choice":"success","floor":4,"damage_taken":7},{"event_name":"Golden Wing","player_choice":"Card Removal","floor":12,"damage_taken":0},{"event_name":"Addict","player_choice":"Obtained Relic","floor":19,"damage_taken":0},{"event_name":"Cursed Tome","player_choice":"Obtained Book","floor":22,"damage_taken":0},{"event_name":"Back to Basics","player_choice":"Elegance","floor":27,"damage_taken":0},{"event_name":"Winding Halls","player_choice":"Embrace Madness","floor":37,"damage_taken":0},{"event_name":"Match and Keep!","player_choice":"1 cards matched","floor":39,"damage_taken":0}],"boss_relics":[{"not_picked":["Runic Pyramid","Calling Bell"],"picked":"Ectoplasm"},{"not_picked":["Black Star","Lizard Tail"],"picked":"Mark of Pain"}],"potions_floor_spawned":[1,7,14,16,18,25,30,31,33,35,38,41],"seed_played":"-5481507635268145114","killed_by":"3 Darklings","is_trial":false}