{"gold_per_floor":[119,119,119,4,23,23,59,82,135,170,195,195,211,229,229,324,324,348,348,364,35,50,50,75,75],"floor_reached":25,"playtime":1735,"items_purged":["Strike_G"],"score":444,"play_id":"1a1f62d1-5201-433e-8ea9-52514b176350","local_time":"20190503144729","is_ascension_mode":true,"campfire_choices":[{"data":"Neutralize","floor":6,"key":"SMITH"},{"data":"Caltrops","floor":12,"key":"SMITH"},{"floor":15,"key":"REST"},{"floor":23,"key":"REST"}],"neow_cost":"NONE","seed_source_timestamp":1037763219170065,"circlet_count":0,"master_deck":["AscendersBane","Defend_G","Defend_G","Defend_G","Defend_G","Defend_G","Strike_G","Strike_G","Strike_G","Strike_G","Survivor","Neutralize+1","Dagger Spray","Caltrops+1","Deadly Poison","Leg Sweep","Deadly Poison","Dash","Dodge and Roll","Outmaneuver","Flying Knee","Backstab","Envenom","Backflip+1","Necronomicurse","Blur","Noxious Fumes","Blade Dance","Riddle With Holes","Dagger Spray"],"relics":["Ring of the Snake","NeowsBlessing","Golden Idol","Smiling Mask","Mummified Hand","Boot","Orichalcum","Fusion Hammer","Necronomicon","Bronze Scales"],"potions_floor_usage":[24,24],"damage_taken":[{"damage":0,"enemies":"Jaw Worm","floor":1,"turns":1},{"damage":0,"enemies":"Small Slimes","floor":5,"turns":1},{"damage":0,"enemies":"Gremlin Nob","floor":7,"turns":1},{"damage":0,"enemies":"Cultist","floor":8,"turns":3},{"damage":19,"enemies":"Lagavulin","floor":10,"turns":8},{"damage":0,"enemies":"3 Louse","floor":11,"turns":2},{"damage":0,"enemies":"2 Fungi Beasts","floor":13,"turns":3},{"damage":6,"enemies":"Looter","floor":14,"turns":3},{"damage":8,"enemies":"Hexaghost","floor":16,"turns":9},{"damage":10,"enemies":"3 Byrds","floor":18,"turns":4},{"damage":14,"enemies":"Shell Parasite","floor":20,"turns":6},{"damage":0,"enemies":"Centurion and Healer","floor":22,"turns":7},{"damage":16,"enemies":"3 Cultists","floor":24,"turns":6},{"damage":15,"enemies":"Slavers","floor":25,"turns":1}],"seed_played":"2142989154658606845","potions_obtained":[{"floor":1,"key":"Weak Potion"},{"floor":11,"key":"FearPotion"},{"floor":14,"key":"EssenceOfSteel"},{"floor":16,"key":"Block Potion"}],"is_trial":false,"path_per_floor":["M","?","?","$","M","R","E","M","T","E","M","R","M","M","R","B",null,"M","?","M","$","M","R","M","E"],"character_chosen":"THE_SILENT","items_purchased":["Caltrops","Deadly Poison","Bronze Scales","Noxious Fumes","Blade Dance"],"campfire_rested":2,"item_purchase_floors":[4,4,21,21,21],"current_hp_per_floor":[59,36,36,36,36,36,36,36,36,17,17,17,17,11,30,22,55,45,24,10,10,10,29,13,0],"gold":75,"neow_bonus":"THREE_ENEMY_KILL","is_prod":false,"is_daily":false,"chose_seed":false,"campfire_upgraded":2,"win_rate":0,"timestamp":1556887649,"path_taken":["M","?","?","$","?","R","E","M","T","E","M","R","M","M","R","BOSS","M","?","M","$","M","R","M","E"],"build_version":"2019-04-23","purchased_purges":1,"victory":false,"max_hp_per_floor":[66,66,66,66,66,66,66,66,66,66,66,66,66,66,66,66,66,66,66,66,66,66,66,66,66],"card_choices":[{"not_picked":["Terror","Setup"],"picked":"Dagger Spray","floor":1},{"not_picked":["Bouncing Flask","Deflect"],"picked":"Leg Sweep","floor":5},{"not_picked":["Grand Finale","Setup"],"picked":"Deadly Poison","floor":7},{"not_picked":["Deadly Poison","Distraction"],"picked":"Dash","floor":8},{"not_picked":["Deadly Poison","Poisoned Stab"],"picked":"Dodge and Roll","floor":10},{"not_picked":["Poisoned Stab","Prepared"],"picked":"Outmaneuver","floor":11},{"not_picked":["Infinite Blades","Tactician"],"picked":"Flying Knee","floor":13},{"not_picked":["Slice","Flying Knee"],"picked":"Backstab","floor":14},{"not_picked":["Burst","Venomology"],"picked":"Envenom","floor":16},{"not_picked":["Deflect","Reflex+1"],"picked":"Backflip+1","floor":18},{"not_picked":["Dodge and Roll","Underhanded Strike"],"picked":"Blur","floor":20},{"not_picked":["Distraction","Underhanded Strike"],"picked":"Riddle With Holes","floor":22},{"not_picked":["Deadly Poison","Tactician"],"picked":"Dagger Spray","floor":24}],"player_experience":1457684,"relics_obtained":[{"floor":3,"key":"Smiling Mask"},{"floor":7,"key":"Mummified Hand"},{"floor":9,"key":"Boot"},{"floor":10,"key":"Orichalcum"},{"floor":19,"key":"Necronomicon"}],"event_choices":[{"damage_healed":0,"gold_gain":0,"player_choice":"Take Damage","damage_taken":23,"relics_obtained":["Golden Idol"],"max_hp_gain":0,"max_hp_loss":0,"event_name":"Golden Idol","floor":2,"gold_loss":0},{"damage_healed":0,"gold_gain":0,"player_choice":"Relic","damage_taken":0,"max_hp_gain":0,"max_hp_loss":0,"event_name":"Wheel of Change","floor":3,"gold_loss":0},{"damage_healed":0,"gold_gain":0,"player_choice":"Obtained Book","damage_taken":21,"max_hp_gain":0,"max_hp_loss":0,"event_name":"Cursed Tome","floor":19,"gold_loss":0}],"is_beta":true,"boss_relics":[{"not_picked":["Coffee Dripper","Eternal Feather"],"picked":"Fusion Hammer"}],"items_purged_floors":[21],"is_endless":false,"potions_floor_spawned":[1,11,14,16,20,22],"killed_by":"Slavers","ascension_level":17}