{"gold_per_floor":[16,16,35,310,323,341,374,374,399,233,250,325,325,325,325,325],"floor_reached":16,"playtime":12802,"items_purged":["Strike_R"],"score":165,"play_id":"0453bf3c-55eb-4de4-86db-de2a90c53309","local_time":"20190117220800","is_ascension_mode":true,"campfire_choices":[{"floor":8,"key":"REST"},{"floor":13,"key":"REST"},{"data":"Armaments","floor":15,"key":"SMITH"}],"neow_cost":"NO_GOLD","seed_source_timestamp":115012222642000,"circlet_count":0,"master_deck":["AscendersBane","Strike_R","Strike_R","Defend_R","Defend_R","Defend_R","Bash","Flame Barrier","Regret","Twin Strike","Seeing Red","Armaments+1","Bandage Up","Feel No Pain"],"relics":["Burning Blood","Bag of Preparation","Regal Pillow","Dream Catcher"],"potions_floor_usage":[7,16],"damage_taken":[{"damage":3,"enemies":"2 Louse","floor":1,"turns":3},{"damage":2,"enemies":"Cultist","floor":3,"turns":5},{"damage":12,"enemies":"Small Slimes","floor":5,"turns":6},{"damage":8,"enemies":"Looter","floor":6,"turns":5},{"damage":69,"enemies":"Lagavulin","floor":7,"turns":12},{"damage":7,"enemies":"Exordium Wildlife","floor":11,"turns":6},{"damage":70,"enemies":"Slime Boss","floor":16,"turns":11}],"seed_played":"3894711469902711082","potions_obtained":[{"floor":1,"key":"Dexterity Potion"},{"floor":3,"key":"FearPotion"}],"is_trial":false,"path_per_floor":["M","?","M","?","M","M","E","R","T","$","M","?","R","?","R","B"],"character_chosen":"IRONCLAD","items_purchased":["Bandage Up"],"campfire_rested":2,"item_purchase_floors":[10],"current_hp_per_floor":[75,75,79,79,73,71,8,32,32,32,35,24,63,56,56,0],"gold":325,"neow_bonus":"REMOVE_TWO","is_prod":false,"is_daily":false,"chose_seed":false,"campfire_upgraded":1,"win_rate":0,"timestamp":1547780880,"path_taken":["M","?","?","?","?","M","E","R","T","$","M","?","R","?","R","BOSS"],"build_version":"2019-01-10","purchased_purges":1,"victory":false,"max_hp_per_floor":[80,80,80,80,80,80,80,80,80,80,80,80,80,80,80,80],"card_choices":[{"not_picked":["Clothesline","Power Through"],"picked":"Flame Barrier","floor":1},{"not_picked":["Havoc","Intimidate","Perfected Strike"],"picked":"SKIP","floor":3},{"not_picked":["Thunderclap","Heavy Blade"],"picked":"Twin Strike","floor":5},{"not_picked":["Headbutt","Clash"],"picked":"Seeing Red","floor":6},{"not_picked":["Body Slam","True Grit"],"picked":"Armaments","floor":7},{"not_picked":["Double Tap","Body Slam"],"picked":"Feel No Pain","floor":11}],"player_experience":1775350,"relics_obtained":[{"floor":7,"key":"Bag of Preparation"},{"floor":9,"key":"Regal Pillow"}],"event_choices":[{"cards_removed":["Strike_R"],"damage_healed":0,"gold_gain":0,"player_choice":"Purged","damage_taken":0,"max_hp_gain":0,"max_hp_loss":0,"event_name":"Purifier","floor":2,"gold_loss":0},{"damage_healed":0,"gold_gain":275,"player_choice":"Desecrate","damage_taken":0,"max_hp_gain":0,"max_hp_loss":0,"event_name":"Golden Shrine","floor":4,"gold_loss":0,"cards_obtained":["Regret"]},{"damage_healed":0,"gold_gain":75,"player_choice":"Gather Gold","damage_taken":11,"max_hp_gain":0,"max_hp_loss":0,"event_name":"World of Goop","floor":12,"gold_loss":0},{"damage_healed":0,"gold_gain":0,"player_choice":"Success","damage_taken":7,"relics_obtained":["Dream Catcher"],"max_hp_gain":0,"max_hp_loss":0,"event_name":"Scrap Ooze","floor":14,"gold_loss":0}],"is_beta":false,"boss_relics":[],"items_purged_floors":[10],"is_endless":false,"potions_floor_spawned":[1,3],"killed_by":"Slime Boss","ascension_level":13}