{"gold_per_floor":[115,40,40,190,208,233,233,264,333,32,48,65,65,78,78,149,149,162,162,172,187,187],"floor_reached":22,"playtime":1056,"items_purged":[],"score":420,"play_id":"6d7fe84f-c8e5-4d10-a06a-88bd5798077e","local_time":"20190508180011","is_ascension_mode":true,"campfire_choices":[{"data":"Dagger Spray","floor":7,"key":"SMITH"},{"floor":13,"key":"REST"},{"data":"Neutralize","floor":15,"key":"SMITH"}],"neow_cost":"NONE","seed_source_timestamp":1482004567369561,"circlet_count":0,"master_deck":["AscendersBane","Defend_G","Defend_G","Defend_G+1","Defend_G","Defend_G","Strike_G","Strike_G+1","Strike_G","Strike_G","Survivor","Neutralize+1","Sucker Punch","Doubt","Blur","Dagger Spray+1","Escape Plan","Dagger Spray","Dodge and Roll","Dodge and Roll","Footwork","After Image","PiercingWail","Acrobatics","Backflip","PiercingWail","Infinite Blades"],"relics":["Ring of the Snake","NeowsBlessing","Vajra","Kunai","Bottled Flame","Shuriken","Orrery"],"potions_floor_usage":[8,11,16,21,22],"damage_taken":[{"damage":0,"enemies":"Jaw Worm","floor":1,"turns":1},{"damage":0,"enemies":"2 Louse","floor":5,"turns":1},{"damage":0,"enemies":"Gremlin Nob","floor":6,"turns":1},{"damage":32,"enemies":"Lagavulin","floor":8,"turns":9},{"damage":0,"enemies":"Small Slimes","floor":11,"turns":2},{"damage":2,"enemies":"Blue Slaver","floor":12,"turns":4},{"damage":0,"enemies":"Gremlin Gang","floor":14,"turns":2},{"damage":11,"enemies":"Hexaghost","floor":16,"turns":16},{"damage":9,"enemies":"Spheric Guardian","floor":18,"turns":11},{"damage":16,"enemies":"3 Byrds","floor":20,"turns":5},{"damage":13,"enemies":"Centurion and Healer","floor":21,"turns":18},{"damage":22,"enemies":"Sentry and Sphere","floor":22,"turns":5}],"seed_played":"375881865777508986","potions_obtained":[{"floor":6,"key":"FearPotion"},{"floor":8,"key":"Regen Potion"},{"floor":11,"key":"LiquidBronze"},{"floor":12,"key":"Energy Potion"},{"floor":19,"key":"Poison Potion"},{"floor":21,"key":"AttackPotion"}],"is_trial":false,"path_per_floor":["M","?","?","?","M","E","R","E","T","$","M","M","R","M","R","B",null,"M","?","M","M","M"],"character_chosen":"THE_SILENT","items_purchased":["Shuriken","Dagger Spray"],"campfire_rested":1,"item_purchase_floors":[10,10],"current_hp_per_floor":[59,59,39,39,39,39,39,7,7,7,12,10,29,29,29,18,54,45,45,29,16,0],"gold":187,"neow_bonus":"THREE_ENEMY_KILL","is_prod":false,"is_daily":false,"chose_seed":false,"campfire_upgraded":2,"win_rate":0,"timestamp":1557331211,"path_taken":["M","?","?","?","M","E","R","E","T","?","?","M","R","M","R","BOSS","M","?","M","M","M"],"build_version":"2019-05-07","purchased_purges":0,"victory":false,"max_hp_per_floor":[66,66,66,66,66,66,66,66,66,66,66,66,66,66,66,66,66,66,66,66,66,66],"card_choices":[{"not_picked":["Heel Hook","Underhanded Strike"],"picked":"Sucker Punch","floor":1},{"not_picked":["Sucker Punch","Masterful Stab"],"picked":"Blur","floor":5},{"not_picked":["Setup","Endless Agony"],"picked":"Dagger Spray","floor":6},{"not_picked":["Poisoned Stab","Dodge and Roll"],"picked":"Escape Plan","floor":8},{"not_picked":["Quick Slash","Finisher"],"picked":"Dodge and Roll","floor":11},{"not_picked":["Dagger Spray","Deadly Poison"],"picked":"Dodge and Roll","floor":12},{"not_picked":["Accuracy","Bane"],"picked":"Footwork","floor":14},{"not_picked":["Wraith Form v2","Envenom"],"picked":"After Image","floor":16},{"not_picked":["Dagger Throw","Sucker Punch"],"picked":"PiercingWail","floor":17},{"not_picked":["Flechettes","Bouncing Flask"],"picked":"Acrobatics","floor":17},{"not_picked":["Prepared","Tactician"],"picked":"Backflip","floor":17},{"not_picked":["Setup","Prepared"],"picked":"PiercingWail","floor":17},{"not_picked":["Deflect","Underhanded Strike","Dash"],"picked":"SKIP","floor":18},{"not_picked":["Choke","Night Terror","Poisoned Stab"],"picked":"SKIP","floor":20},{"not_picked":["Acrobatics","Expertise"],"picked":"Infinite Blades","floor":21}],"player_experience":1597848,"relics_obtained":[{"floor":6,"key":"Vajra"},{"floor":8,"key":"Kunai"},{"floor":9,"key":"Bottled Flame"}],"event_choices":[{"cards_removed":["Strike_G"],"damage_healed":0,"gold_gain":0,"player_choice":"Card Removal","damage_taken":0,"max_hp_gain":0,"max_hp_loss":0,"event_name":"The Cleric","floor":2,"gold_loss":75},{"damage_healed":0,"gold_gain":0,"player_choice":"Entered Light","damage_taken":20,"max_hp_gain":0,"max_hp_loss":0,"event_name":"Shining Light","floor":3,"gold_loss":0,"cards_upgraded":["Defend_G","Strike_G"]},{"damage_healed":0,"gold_gain":150,"player_choice":"AGREE","damage_taken":0,"max_hp_gain":0,"max_hp_loss":0,"event_name":"Liars Game","floor":4,"gold_loss":0,"cards_obtained":["Doubt"]},{"damage_healed":0,"gold_gain":0,"player_choice":"Got Potions","damage_taken":0,"max_hp_gain":0,"max_hp_loss":0,"event_name":"Lab","floor":19,"gold_loss":0}],"is_beta":true,"boss_relics":[{"not_picked":["Velvet Choker","Runic Dome"],"picked":"Orrery"}],"items_purged_floors":[],"is_endless":false,"potions_floor_spawned":[6,8,11,12,21],"killed_by":"Sentry and Sphere","ascension_level":18}