{"gold_per_floor":[119,119,119,65,78,116,116,147,147,147,166,199,212,232,232,326,326,311,329,329],"floor_reached":20,"playtime":600,"items_purged":[],"score":427,"play_id":"fc8de975-4ebb-4d83-b254-2d8a21be2ff5","local_time":"20190501123247","is_ascension_mode":true,"campfire_choices":[{"data":"Perfected Strike","floor":7,"key":"SMITH"},{"floor":15,"key":"REST"}],"neow_cost":"NONE","seed_source_timestamp":858016825931516,"circlet_count":0,"master_deck":["AscendersBane","Strike_R","Strike_R","Strike_R","Strike_R","Strike_R","Defend_R","Defend_R","Defend_R","Defend_R","Bash","Perfected Strike+1","Wild Strike","Barricade","Seeing Red","Twin Strike","Disarm","Perfected Strike","Iron Wave","Inflame+1"],"relics":["Burning Blood","NeowsBlessing","Golden Idol","Nunchaku","Pen Nib","Sundial","Darkstone Periapt","Sozu"],"potions_floor_usage":[8,14,16],"damage_taken":[{"damage":0,"enemies":"2 Louse","floor":1,"turns":1},{"damage":0,"enemies":"Small Slimes","floor":5,"turns":1},{"damage":0,"enemies":"Gremlin Nob","floor":6,"turns":1},{"damage":30,"enemies":"Lagavulin","floor":8,"turns":8},{"damage":1,"enemies":"Cultist","floor":11,"turns":3},{"damage":16,"enemies":"Gremlin Nob","floor":12,"turns":3},{"damage":17,"enemies":"Exordium Wildlife","floor":13,"turns":4},{"damage":6,"enemies":"2 Fungi Beasts","floor":14,"turns":3},{"damage":23,"enemies":"The Guardian","floor":16,"turns":7},{"damage":22,"enemies":"2 Thieves","floor":18,"turns":4},{"damage":28,"enemies":"3 Byrds","floor":19,"turns":5},{"damage":33,"enemies":"Colosseum Slavers","floor":20,"turns":3}],"seed_played":"2022781150075213887","potions_obtained":[{"floor":6,"key":"Block Potion"},{"floor":11,"key":"Ancient Potion"},{"floor":14,"key":"Dexterity Potion"}],"is_trial":false,"path_per_floor":["M","?","?","$","M","E","R","E","T","$","M","E","M","M","R","B",null,"M","M","?"],"character_chosen":"IRONCLAD","items_purchased":["Wild Strike"],"campfire_rested":1,"item_purchase_floors":[4],"current_hp_per_floor":[74,79,51,51,57,63,63,39,39,39,44,34,23,23,47,30,68,52,30,0],"gold":329,"neow_bonus":"THREE_ENEMY_KILL","is_prod":false,"is_daily":false,"chose_seed":false,"campfire_upgraded":1,"win_rate":0,"timestamp":1556706767,"path_taken":["M","?","?","$","M","E","R","E","T","$","M","E","M","M","R","BOSS","M","M","?"],"build_version":"2019-04-23","purchased_purges":0,"victory":false,"max_hp_per_floor":[75,80,80,80,80,80,80,80,80,80,80,80,80,80,80,80,80,80,80,80],"card_choices":[{"not_picked":["Thunderclap","Flex"],"picked":"Perfected Strike","floor":1},{"not_picked":["Pummel","Heavy Blade"],"picked":"Barricade","floor":5},{"not_picked":["Burning Pact","Iron Wave"],"picked":"Seeing Red","floor":6},{"not_picked":["Shrug It Off","Armaments"],"picked":"Twin Strike","floor":8},{"not_picked":["Heavy Blade","Sword Boomerang"],"picked":"Disarm","floor":11},{"not_picked":["Rupture","Clash"],"picked":"Perfected Strike","floor":12},{"not_picked":["Armaments","Seeing Red"],"picked":"Iron Wave","floor":13},{"not_picked":["Carnage","Intimidate","Heavy Blade"],"picked":"SKIP","floor":14},{"not_picked":["Havoc+1","Clash"],"picked":"Inflame+1","floor":18},{"not_picked":["Searing Blow","Heavy Blade","Armaments"],"picked":"SKIP","floor":19}],"player_experience":1387441,"relics_obtained":[{"floor":6,"key":"Nunchaku"},{"floor":8,"key":"Pen Nib"},{"floor":9,"key":"Sundial"},{"floor":12,"key":"Darkstone Periapt"}],"event_choices":[{"damage_healed":0,"gold_gain":0,"player_choice":"Donut","damage_taken":0,"max_hp_gain":5,"max_hp_loss":0,"event_name":"Big Fish","floor":2,"gold_loss":0},{"damage_healed":0,"gold_gain":0,"player_choice":"Take Damage","damage_taken":28,"relics_obtained":["Golden Idol"],"max_hp_gain":0,"max_hp_loss":0,"event_name":"Golden Idol","floor":3,"gold_loss":0},{"damage_healed":0,"gold_gain":0,"player_choice":"Fight","damage_taken":0,"max_hp_gain":0,"max_hp_loss":0,"event_name":"Colosseum","floor":20,"gold_loss":0}],"is_beta":true,"boss_relics":[{"not_picked":["Empty Cage","Astrolabe"],"picked":"Sozu"}],"items_purged_floors":[],"is_endless":false,"potions_floor_spawned":[6,11,14,19],"killed_by":"Colosseum Slavers","ascension_level":15}