{"gold_per_floor":[119,269,344,364,38,66,66,86,86,43,59,59,77,51,51,125,125,142,142,17,33,51,51,51],"floor_reached":24,"playtime":1006,"items_purged":["Doubt","Doubt"],"score":409,"play_id":"241bec6f-605b-4f11-9f1f-89aa48086fe1","local_time":"20190504122821","is_ascension_mode":true,"campfire_choices":[{"data":"Backstab","floor":7,"key":"SMITH"},{"data":"Dash","floor":15,"key":"SMITH"},{"data":"RitualDagger","floor":23,"key":"SMITH"}],"neow_cost":"NONE","seed_source_timestamp":1116543668026612,"circlet_count":0,"master_deck":["AscendersBane","Defend_G","Defend_G","Defend_G","Defend_G","Defend_G","Strike_G","Strike_G","Strike_G","Strike_G","Strike_G","Survivor","Neutralize","Dodge and Roll","PiercingWail","Backstab+1","Dash+1","Dagger Spray","Well Laid Plans","Adrenaline","Doppelganger","Neutralize","Blade Dance","Sucker Punch","Adrenaline","Prepared","RitualDagger+1","Sucker Punch","Flying Knee","Cloak And Dagger"],"relics":["Ring of the Snake","NeowsBlessing","Orichalcum","Meat on the Bone","Tingsha","Sozu"],"potions_floor_usage":[8,16,24],"damage_taken":[{"damage":0,"enemies":"Jaw Worm","floor":1,"turns":1},{"damage":0,"enemies":"Small Slimes","floor":4,"turns":1},{"damage":0,"enemies":"Gremlin Nob","floor":6,"turns":1},{"damage":2,"enemies":"Cultist","floor":8,"turns":5},{"damage":5,"enemies":"Lots of Slimes","floor":11,"turns":3},{"damage":1,"enemies":"Blue Slaver","floor":13,"turns":4},{"damage":34,"enemies":"The Guardian","floor":16,"turns":22},{"damage":13,"enemies":"Spheric Guardian","floor":18,"turns":6},{"damage":0,"enemies":"3 Byrds","floor":21,"turns":3},{"damage":12,"enemies":"Snake Plant","floor":22,"turns":5},{"damage":37,"enemies":"Cultist and Chosen","floor":24,"turns":5}],"seed_played":"3468180312770998461","potions_obtained":[{"floor":6,"key":"EntropicBrew"},{"floor":8,"key":"Weak Potion"}],"is_trial":false,"path_per_floor":["M","?","?","M","$","E","R","M","T","$","M","?","M","$","R","B",null,"M","?","$","M","M","R","M"],"character_chosen":"THE_SILENT","items_purchased":["Orichalcum","Backstab","Well Laid Plans","Sucker Punch","Sucker Punch"],"campfire_rested":0,"item_purchase_floors":[5,5,10,14,20],"current_hp_per_floor":[59,59,48,48,48,48,48,46,46,46,41,41,40,40,40,18,54,41,35,35,35,35,35,0],"gold":51,"neow_bonus":"THREE_ENEMY_KILL","is_prod":false,"is_daily":false,"chose_seed":false,"campfire_upgraded":3,"win_rate":0,"timestamp":1556965701,"path_taken":["M","?","?","M","$","E","R","M","T","$","M","?","?","?","R","BOSS","M","?","$","M","M","R","M"],"build_version":"2019-04-23","purchased_purges":2,"victory":false,"max_hp_per_floor":[66,66,66,66,66,66,66,66,66,66,66,66,66,66,66,66,66,66,66,66,66,66,66,66],"card_choices":[{"not_picked":["Bane","Acrobatics"],"picked":"Dodge and Roll","floor":1},{"not_picked":["Flying Knee","Riddle With Holes"],"picked":"PiercingWail","floor":4},{"not_picked":["Escape Plan","Outmaneuver"],"picked":"Dash","floor":6},{"not_picked":["Catalyst","Outmaneuver"],"picked":"Dagger Spray","floor":8},{"not_picked":["Underhanded Strike","Bouncing Flask"],"picked":"Adrenaline","floor":11},{"not_picked":["Poisoned Stab","Terror"],"picked":"Blade Dance","floor":13},{"not_picked":["Bullet Time","Wraith Form v2"],"picked":"Adrenaline","floor":16},{"not_picked":["Bane","Deadly Poison"],"picked":"Prepared","floor":18},{"not_picked":["Outmaneuver","Masterful Stab"],"picked":"Flying Knee","floor":21},{"not_picked":["Setup","Terror"],"picked":"Cloak And Dagger","floor":22}],"player_experience":1485195,"relics_obtained":[{"floor":6,"key":"Meat on the Bone"},{"floor":9,"key":"Tingsha"}],"event_choices":[{"damage_healed":0,"gold_gain":150,"player_choice":"AGREE","damage_taken":0,"max_hp_gain":0,"max_hp_loss":0,"event_name":"Liars Game","floor":2,"gold_loss":0,"cards_obtained":["Doubt"]},{"damage_healed":0,"gold_gain":75,"player_choice":"Gather Gold","damage_taken":11,"max_hp_gain":0,"max_hp_loss":0,"event_name":"World of Goop","floor":3,"gold_loss":0},{"damage_healed":0,"gold_gain":0,"player_choice":"3 cards matched","damage_taken":0,"max_hp_gain":0,"max_hp_loss":0,"event_name":"Match and Keep!","floor":12,"gold_loss":0,"cards_obtained":["Doppelganger","Doubt","Neutralize"]},{"damage_healed":0,"gold_gain":0,"player_choice":"Joined the Cult","damage_taken":6,"max_hp_gain":0,"max_hp_loss":0,"event_name":"Nest","floor":19,"gold_loss":0,"cards_obtained":["RitualDagger"]}],"is_beta":true,"boss_relics":[{"not_picked":["Coffee Dripper","Philosopher\u0027s Stone"],"picked":"Sozu"}],"items_purged_floors":[5,20],"is_endless":false,"potions_floor_spawned":[6,8,11,22],"killed_by":"Cultist and Chosen","ascension_level":17}