{"gold_per_floor":[110,121,140,11,26,26,43,43,119,119,132,150,162,177,177,272,272,287,212,122,37,49],"floor_reached":22,"playtime":1417,"items_purged":["Strike_B"],"score":216,"play_id":"e373149f-b262-4454-8ac3-40325e378208","local_time":"20181018173403","is_ascension_mode":true,"campfire_choices":[{"floor":6,"key":"REST"},{"data":"Defragment","floor":8,"key":"SMITH"},{"floor":15,"key":"REST"}],"neow_cost":"NONE","seed_source_timestamp":24997201963000,"circlet_count":0,"master_deck":["Zap","Dualcast","Meteor Strike","Storm","White Noise","Coolheaded","Leap","Defragment+1","Reprogram","FTL","Consume","Leap","Leap","Multi-Cast","Hello World+1","Redo","Stack","Glacier","Coolheaded","Redo","Redo","Fusion"],"relics":["Cracked Core","Frozen Egg 2","Dead Branch","Pandora\u0027s Box","MawBank"],"potions_floor_usage":[13,13,16],"damage_taken":[{"damage":5,"enemies":"Small Slimes","floor":1,"turns":3},{"damage":12,"enemies":"Jaw Worm","floor":2,"turns":3},{"damage":8,"enemies":"2 Louse","floor":3,"turns":3},{"damage":25,"enemies":"Exordium Wildlife","floor":5,"turns":5},{"damage":9,"enemies":"2 Fungi Beasts","floor":7,"turns":5},{"damage":2,"enemies":"Looter","floor":11,"turns":3},{"damage":5,"enemies":"Red Slaver","floor":12,"turns":3},{"damage":15,"enemies":"Exordium Wildlife","floor":13,"turns":3},{"damage":0,"enemies":"2 Fungi Beasts","floor":14,"turns":4},{"damage":47,"enemies":"The Guardian","floor":16,"turns":18},{"damage":1,"enemies":"Chosen","floor":18,"turns":6},{"damage":22,"enemies":"2 Thieves","floor":20,"turns":5},{"damage":57,"enemies":"3 Cultists","floor":22,"turns":5}],"seed_played":"6759804612969204804","potions_obtained":[{"floor":3,"key":"SpeedPotion"},{"floor":7,"key":"Explosive Potion"},{"floor":11,"key":"Block Potion"},{"floor":14,"key":"FairyPotion"}],"is_trial":false,"path_per_floor":["M","M","M","$","M","R","M","R","T","?","M","M","M","M","R","B",null,"M","?","M","?"],"character_chosen":"DEFECT","items_purchased":["Leap"],"campfire_rested":2,"item_purchase_floors":[4],"current_hp_per_floor":[70,58,50,50,25,47,38,38,38,26,24,19,4,4,26,4,75,74,74,52,52,0],"gold":49,"neow_bonus":"ONE_RANDOM_RARE_CARD","is_prod":false,"is_daily":false,"chose_seed":false,"campfire_upgraded":1,"win_rate":0,"timestamp":1539898443,"path_taken":["M","M","M","$","M","R","M","R","T","?","M","M","M","M","R","BOSS","M","?","M","?","M"],"build_version":"2018-10-11","purchased_purges":1,"victory":false,"max_hp_per_floor":[75,75,75,75,75,75,75,75,75,75,75,75,75,75,75,75,75,75,75,75,75,75],"card_choices":[{"not_picked":["Beam Cell","Undo"],"picked":"Storm","floor":1},{"not_picked":["Turbo","Go for the Eyes"],"picked":"White Noise","floor":2},{"not_picked":["Steam","Go for the Eyes"],"picked":"Coolheaded","floor":3},{"not_picked":["Stack","Melter"],"picked":"Defragment","floor":5},{"not_picked":["Turbo","Stack"],"picked":"Reprogram","floor":7},{"not_picked":["Reboot","Recycle"],"picked":"FTL","floor":11},{"not_picked":["Streamline","Gash"],"picked":"Consume","floor":12},{"not_picked":["Stack","Ball Lightning"],"picked":"Leap","floor":13},{"not_picked":["Undo","Consume"],"picked":"Leap","floor":14},{"not_picked":["Amplify","Rainbow"],"picked":"Multi-Cast","floor":16},{"not_picked":["Barrage","Compile Driver+1"],"picked":"Redo","floor":18},{"not_picked":["Hologram+1","Gash"],"picked":"Fusion","floor":20}],"player_experience":1291188,"relics_obtained":[{"floor":9,"key":"Frozen Egg 2"}],"event_choices":[{"event_name":"Scrap Ooze","player_choice":"success","floor":10,"damage_taken":12},{"event_name":"Beggar","player_choice":"Gave Gold","floor":19,"damage_taken":0},{"event_name":"Addict","player_choice":"Obtained Relic","floor":21,"damage_taken":0}],"is_beta":false,"boss_relics":[{"not_picked":["Velvet Choker","White Beast Statue"],"picked":"Pandora\u0027s Box"}],"items_purged_floors":[4],"is_endless":false,"potions_floor_spawned":[3,7,11,14],"killed_by":"3 Cultists","ascension_level":4}