{"gold_per_floor":[119,44,57,57,31,31,56,56,82,92,111,124,299,312,312,417,417,405,605,625,725,743,743,348,348,348,66,66,66,66,79,79,181,181,198,218,229,229],"floor_reached":38,"playtime":1850,"items_purged":["Strike_R","Strike_R","Strike_R"],"score":470,"play_id":"0dd15711-a572-458e-80b0-8327c5cc76dd","local_time":"20180926012452","is_ascension_mode":true,"campfire_choices":[{"data":"Armaments","floor":6,"key":"SMITH"},{"floor":15,"key":"REST"},{"floor":23,"key":"REST"},{"floor":25,"key":"REST"},{"data":"Juggernaut","floor":28,"key":"SMITH"},{"data":"Juggernaut","floor":32,"key":"SMITH"}],"neow_cost":"TEN_PERCENT_HP_LOSS","seed_source_timestamp":609129021958109,"circlet_count":0,"master_deck":["Strike_R+1","Strike_R+1","Defend_R","Defend_R","Defend_R","Defend_R","Bash","Juggernaut+1","Shrug It Off","Body Slam","Armaments+1","Shrug It Off","Deep Breath","Shrug It Off","Limit Break","Second Wind","Doubt","Juggernaut+1","Infernal Blade+1","Evolve","Flex","Ghostly Armor+1","Juggernaut"],"relics":["Burning Blood","Charon\u0027s Ashes","Red Skull","Busted Crown","MealTicket","Strawberry","Blood Vial","Letter Opener"],"potions_floor_usage":[16,16,16,20,36,37],"damage_taken":[{"damage":18,"enemies":"Jaw Worm","floor":1,"turns":4},{"damage":6,"enemies":"2 Louse","floor":3,"turns":4},{"damage":16,"enemies":"Lagavulin","floor":7,"turns":10},{"damage":0,"enemies":"Cultist","floor":10,"turns":4},{"damage":18,"enemies":"Large Slime","floor":11,"turns":7},{"damage":0,"enemies":"Exordium Thugs","floor":12,"turns":4},{"damage":22,"enemies":"Gremlin Gang","floor":14,"turns":5},{"damage":17,"enemies":"Slime Boss","floor":16,"turns":10},{"damage":18,"enemies":"2 Thieves","floor":18,"turns":4},{"damage":9,"enemies":"Spheric Guardian","floor":20,"turns":5},{"damage":30,"enemies":"Snake Plant","floor":22,"turns":4},{"damage":16,"enemies":"Centurion and Healer","floor":31,"turns":10},{"damage":49,"enemies":"Automaton","floor":33,"turns":9},{"damage":20,"enemies":"3 Darklings","floor":35,"turns":6},{"damage":17,"enemies":"3 Shapes","floor":36,"turns":3},{"damage":34,"enemies":"Spire Growth","floor":37,"turns":5},{"damage":29,"enemies":"4 Shapes","floor":38,"turns":3}],"seed_played":"-136223089285389980","potions_obtained":[{"floor":1,"key":"SteroidPotion"},{"floor":7,"key":"SpeedPotion"},{"floor":12,"key":"EssenceOfSteel"},{"floor":16,"key":"GamblersBrew"},{"floor":18,"key":"SkillPotion"},{"floor":35,"key":"Weak Potion"}],"is_trial":false,"path_per_floor":["M","$","M","?","$","R","E","?","T","M","M","M","?","M","R","B",null,"M","?","M","?","M","R","$","R","T","$","R","$","?","M","R","B",null,"M","M","M"],"character_chosen":"IRONCLAD","items_purchased":["Armaments","MealTicket","Evolve","Flex","Blood Vial"],"campfire_rested":3,"item_purchase_floors":[5,24,24,24,27],"current_hp_per_floor":[60,60,60,46,46,46,36,36,36,42,30,36,36,20,41,30,62,50,50,47,47,23,44,44,65,72,79,79,79,79,69,69,28,66,54,45,19,0],"gold":229,"neow_bonus":"THREE_RARE_CARDS","is_prod":false,"is_daily":false,"chose_seed":false,"campfire_upgraded":3,"win_rate":0,"timestamp":1537939492,"path_taken":["M","$","M","?","$","R","E","?","T","M","?","?","?","M","R","BOSS","M","?","?","?","M","R","$","R","T","$","R","$","?","M","R","BOSS","M","?","M","M"],"build_version":"2018-09-20","purchased_purges":3,"victory":false,"max_hp_per_floor":[72,72,72,72,72,72,72,72,72,72,72,72,72,72,72,72,72,72,72,72,72,72,72,72,72,79,79,79,79,79,79,79,79,79,79,79,79,79],"card_choices":[{"not_picked":["Double Tap","Feed"],"picked":"Juggernaut","floor":0},{"not_picked":["Power Through","Iron Wave"],"picked":"Shrug It Off","floor":1},{"not_picked":["Hemokinesis","Clothesline"],"picked":"Body Slam","floor":3},{"not_picked":["Flex","Thunderclap"],"picked":"Shrug It Off","floor":7},{"not_picked":["Rupture","Headbutt"],"picked":"Shrug It Off","floor":10},{"not_picked":["Cleave","Thunderclap"],"picked":"Limit Break","floor":11},{"not_picked":["Combust","Pommel Strike"],"picked":"Second Wind","floor":12},{"not_picked":["Dual Wield","Twin Strike","Pommel Strike"],"picked":"SKIP","floor":14},{"not_picked":["Impervious","Fiend Fire"],"picked":"Juggernaut","floor":16},{"not_picked":["Clash"],"picked":"SKIP","floor":18},{"not_picked":[],"picked":"Infernal Blade+1","floor":20},{"not_picked":["Anger"],"picked":"SKIP","floor":22},{"not_picked":[],"picked":"Ghostly Armor+1","floor":31},{"not_picked":[],"picked":"Juggernaut","floor":33},{"not_picked":["Perfected Strike"],"picked":"SKIP","floor":35},{"not_picked":["Cleave+1"],"picked":"SKIP","floor":36},{"not_picked":["Cleave+1"],"picked":"SKIP","floor":37}],"player_experience":915659,"relics_obtained":[{"floor":7,"key":"Charon\u0027s Ashes"},{"floor":9,"key":"Red Skull"},{"floor":26,"key":"Strawberry"}],"event_choices":[{"event_name":"Shining Light","player_choice":"Entered Light","floor":4,"damage_taken":0},{"event_name":"Match and Keep!","player_choice":"1 cards matched","floor":8,"damage_taken":0},{"event_name":"Liars Game","player_choice":"agreed","floor":13,"damage_taken":0},{"event_name":"Wheel of Change","player_choice":"Gold","floor":19,"damage_taken":0},{"event_name":"Golden Shrine","player_choice":"Pray","floor":21,"damage_taken":0},{"event_name":"The Mausoleum","player_choice":"Yes","floor":30,"damage_taken":0}],"is_beta":false,"boss_relics":[{"not_picked":["Sozu","Black Star"],"picked":"Busted Crown"},{"not_picked":["Cursed Key","Orrery","Astrolabe"]}],"items_purged_floors":[2,24,27],"is_endless":false,"potions_floor_spawned":[1,7,12,16,18,35],"killed_by":"4 Shapes","ascension_level":5}