{"gold_per_floor":[109,109,109,126,51,51,72,72,72,72,72,86,103,114,114,216,216,234,248,248,265,265,299,299,299,299,299,199,298,298,326,326,326],"floor_reached":33,"playtime":1137,"items_purged":["Strike_R","Strike_R"],"score":339,"play_id":"5be64cd3-2df4-425c-97ae-17de361eae15","local_time":"20180926024541","is_ascension_mode":true,"campfire_choices":[{"data":"Heavy Blade","floor":6,"key":"SMITH"},{"data":"Cleave","floor":8,"key":"SMITH"},{"data":"Bash","floor":10,"key":"SMITH"},{"data":"Flex","floor":15,"key":"SMITH"},{"floor":24,"key":"REST"},{"data":"Heavy Blade","floor":27,"key":"SMITH"},{"floor":32,"key":"REST"}],"neow_cost":"NONE","seed_source_timestamp":614691114325241,"circlet_count":0,"master_deck":["Strike_R+1","Strike_R+1","Defend_R","Defend_R","Defend_R","Defend_R","Bash+1","Seeing Red","Heavy Blade+1","Inflame","Cleave+1","Heavy Blade+1","Flex+1","Offering","Evolve","Wild Strike","Necronomicurse","Shrug It Off","Flame Barrier+1","Dual Wield"],"relics":["Burning Blood","Meat on the Bone","Odd Mushroom","Kunai","Mark of Pain","Necronomicon","Bronze Scales","MutagenicStrength","Centennial Puzzle","Orichalcum"],"potions_floor_usage":[16,21,23,31,33],"damage_taken":[{"damage":5,"enemies":"2 Louse","floor":1,"turns":4},{"damage":2,"enemies":"Jaw Worm","floor":4,"turns":3},{"damage":31,"enemies":"The Mushroom Lair","floor":7,"turns":5},{"damage":1,"enemies":"Cultist","floor":12,"turns":3},{"damage":11,"enemies":"Exordium Thugs","floor":13,"turns":3},{"damage":9,"enemies":"Lots of Slimes","floor":14,"turns":3},{"damage":23,"enemies":"Hexaghost","floor":16,"turns":7},{"damage":20,"enemies":"Chosen","floor":18,"turns":4},{"damage":24,"enemies":"3 Byrds","floor":19,"turns":4},{"damage":9,"enemies":"Centurion and Healer","floor":21,"turns":4},{"damage":36,"enemies":"Book of Stabbing","floor":23,"turns":4},{"damage":20,"enemies":"Slavers","floor":31,"turns":4},{"damage":77,"enemies":"Automaton","floor":33,"turns":6}],"seed_played":"7781996288947509603","potions_obtained":[{"floor":12,"key":"Regen Potion"},{"floor":13,"key":"Energy Potion"},{"floor":14,"key":"Weak Potion"},{"floor":23,"key":"Strength Potion"},{"floor":31,"key":"SpeedPotion"}],"is_trial":false,"path_per_floor":["M","?","T","M","$","R","?","R","T","R","$","M","M","M","R","B",null,"M","M","?","M","?","E","R","?","T","R","$","?","?","E","R"],"character_chosen":"IRONCLAD","items_purchased":[],"campfire_rested":2,"item_purchase_floors":[],"current_hp_per_floor":[80,64,64,68,68,68,55,55,55,55,55,60,55,52,52,47,72,58,52,36,57,57,39,63,63,63,63,63,63,63,49,73,0],"gold":326,"neow_bonus":"TRANSFORM_CARD","is_prod":false,"is_daily":false,"chose_seed":false,"campfire_upgraded":5,"win_rate":0,"timestamp":1537944341,"path_taken":["M","?","?","?","$","R","?","R","T","R","$","M","?","M","R","BOSS","M","M","?","?","?","E","R","?","T","R","$","?","?","E","R","BOSS"],"build_version":"2018-09-20","purchased_purges":2,"victory":false,"max_hp_per_floor":[80,80,80,80,80,80,80,80,80,80,80,80,80,80,80,80,80,80,80,80,80,80,80,80,80,80,80,80,80,80,80,80,80],"card_choices":[{"not_picked":["True Grit","Headbutt"],"picked":"Heavy Blade","floor":1},{"not_picked":["Combust","Carnage"],"picked":"Inflame","floor":4},{"not_picked":["Warcry","Exhume"],"picked":"Cleave","floor":7},{"not_picked":["Cleave","Headbutt"],"picked":"Heavy Blade","floor":12},{"not_picked":["Rupture","Entrench","Heavy Blade"],"picked":"SKIP","floor":13},{"not_picked":["Twin Strike","Pummel"],"picked":"Flex","floor":14},{"not_picked":["Fiend Fire","Barricade"],"picked":"Offering","floor":16},{"not_picked":["Clash","Rampage"],"picked":"Evolve","floor":18},{"not_picked":["Pommel Strike","Evolve"],"picked":"Wild Strike","floor":19},{"not_picked":["Evolve","Rupture"],"picked":"Shrug It Off","floor":21},{"not_picked":["Perfected Strike","Twin Strike"],"picked":"Flame Barrier+1","floor":23},{"not_picked":["Shrug It Off","Corruption"],"picked":"Dual Wield","floor":31}],"player_experience":921156,"relics_obtained":[{"floor":3,"key":"Meat on the Bone"},{"floor":7,"key":"Odd Mushroom"},{"floor":9,"key":"Kunai"},{"floor":20,"key":"Necronomicon"},{"floor":23,"key":"Bronze Scales"},{"floor":26,"key":"Centennial Puzzle"},{"floor":31,"key":"Orichalcum"}],"event_choices":[{"event_name":"Shining Light","player_choice":"Entered Light","floor":2,"damage_taken":0},{"event_name":"Mushrooms","player_choice":"Fought Mushrooms","floor":7,"damage_taken":0},{"event_name":"Cursed Tome","player_choice":"Obtained Book","floor":20,"damage_taken":0},{"event_name":"Ghosts","player_choice":"Ignored","floor":22,"damage_taken":0},{"event_name":"Drug Dealer","player_choice":"Inject Mutagens","floor":25,"damage_taken":0},{"event_name":"Nest","player_choice":"Stole From Cult","floor":29,"damage_taken":0},{"event_name":"Vampires","player_choice":"Ignored","floor":30,"damage_taken":0}],"is_beta":false,"boss_relics":[{"not_picked":["Black Star","Calling Bell"],"picked":"Mark of Pain"}],"items_purged_floors":[5,28],"is_endless":false,"potions_floor_spawned":[12,13,14,23,31],"killed_by":"Automaton","ascension_level":5}