{"gold_per_floor":[119,139,152,152,172,172,30,30,57,21,21,61,82,105,105,233,233,251,269,293,318,318],"floor_reached":22,"playtime":1382,"items_purged":["Injury"],"score":190,"play_id":"f364c59e-3fed-41dc-8855-e4396c49cf94","local_time":"20180702115103","is_ascension_mode":false,"campfire_choices":[{"data":"Metallicize","floor":6.0,"key":"SMITH"},{"data":"Metallicize","floor":8.0,"key":"SMITH"},{"floor":15.0,"key":"REST"}],"neow_cost":"","seed_source_timestamp":0,"circlet_count":0,"master_deck":["Strike_R","Strike_R","Strike_R","Strike_R","Strike_R","Bash","Dual Wield","Spot Weakness","Carnage","Bloodletting","Metallicize+1","Metallicize+1","Seeing Red","Armaments","Cleave","Pommel Strike","Infernal Blade+1","Clothesline+1","Reckless Charge+1","Pommel Strike","Clash"],"special_seed":0,"relics":["Burning Blood","Golden Idol","Omamori","Happy Flower","Astrolabe"],"potions_floor_usage":[],"damage_taken":[{"damage":11.0,"enemies":"Jaw Worm","floor":1.0,"turns":6.0},{"damage":8.0,"enemies":"Small Slimes","floor":2.0,"turns":4.0},{"damage":1.0,"enemies":"Cultist","floor":3.0,"turns":3.0},{"damage":24.0,"enemies":"Lots of Slimes","floor":5.0,"turns":4.0},{"damage":34.0,"enemies":"Lagavulin","floor":12.0,"turns":8.0},{"damage":16.0,"enemies":"3 Louse","floor":13.0,"turns":5.0},{"damage":6.0,"enemies":"Large Slime","floor":14.0,"turns":5.0},{"damage":36.0,"enemies":"The Guardian","floor":16.0,"turns":8.0},{"damage":4,"enemies":"Chosen","floor":18,"turns":5},{"damage":22,"enemies":"Spheric Guardian","floor":19,"turns":4},{"damage":36,"enemies":"Snake Plant","floor":20,"turns":5},{"damage":21,"enemies":"Sentry and Sphere","floor":21,"turns":4},{"damage":22,"enemies":"Snecko","floor":22,"turns":4}],"seed_played":"7509452506989598476","potions_obtained":[{"floor":1.0,"key":"Strength Potion"},{"floor":3.0,"key":"FearPotion"},{"floor":12.0,"key":"Ancient Potion"},{"floor":13.0,"key":"Regen Potion"},{"floor":14.0,"key":"Regen Potion"},{"floor":18,"key":"SpeedPotion"},{"floor":21,"key":"Swift Potion"}],"is_trial":false,"path_per_floor":["M","M","M","?","M","R","$","R","T","$","$","E","M","M","R","B",null,"M","M","M","M"],"character_chosen":"IRONCLAD","items_purchased":["Metallicize","Seeing Red"],"campfire_rested":1,"item_purchase_floors":[],"current_hp_per_floor":[75,73,78,78,60,60,60,60,60,60,60,32,22,22,46,61,80,80,64,34,19,0],"gold":318,"neow_bonus":"","is_prod":false,"is_daily":false,"chose_seed":false,"campfire_upgraded":2,"win_rate":0.0,"timestamp":1530546663,"path_taken":["M","M","M","?","M","R","$","R","T","?","$","E","M","M","R","BOSS","M","M","?","M","M"],"build_version":"2018-06-28","purchased_purges":1,"victory":false,"max_hp_per_floor":[80,80,80,80,80,80,80,80,80,80,80,80,80,80,80,80,80,80,80,80,80,80],"card_choices":[{"not_picked":["Reckless Charge","Dual Wield"],"picked":"Spot Weakness","floor":1.0},{"not_picked":["Anger","Warcry"],"picked":"Carnage","floor":2.0},{"not_picked":["Havoc","Battle Trance"],"picked":"Bloodletting","floor":3.0},{"not_picked":["Battle Trance","Rampage"],"picked":"Metallicize","floor":5.0},{"not_picked":["Heavy Blade","Sword Boomerang"],"picked":"Armaments","floor":12.0},{"not_picked":["Headbutt","Armaments"],"picked":"Cleave","floor":13.0},{"not_picked":["Perfected Strike","Entrench"],"picked":"Pommel Strike","floor":14.0},{"not_picked":["True Grit","Anger","Armaments"],"picked":"SKIP","floor":18},{"not_picked":["Clothesline+1","Blood for Blood"],"picked":"Pommel Strike","floor":19},{"not_picked":["Clothesline+1","Sword Boomerang","Warcry"],"picked":"SKIP","floor":20},{"not_picked":["Heavy Blade","Whirlwind"],"picked":"Clash","floor":21}],"player_experience":104094,"relics_obtained":[{"floor":9.0,"key":"Omamori"},{"floor":12.0,"key":"Happy Flower"}],"event_choices":[{"event_name":"Golden Idol","player_choice":"Take Wound","floor":4.0,"damage_taken":0.0}],"boss_relics":[{"not_picked":["Fusion Hammer","Ectoplasm"],"picked":"Astrolabe"}],"items_purged_floors":[],"is_endless":false,"potions_floor_spawned":[1,3,12,13,14,18,21],"killed_by":"Snecko","ascension_level":0}