{"gold_per_floor":[119,119,119,119,119,148,166,183,183,183,183],"floor_reached":11,"playtime":162,"items_purged":[],"score":182,"play_id":"bbba674b-77e7-493c-afeb-c370a0c9b6e9","local_time":"20190507214755","is_ascension_mode":true,"campfire_choices":[{"data":"Cloak And Dagger","floor":10,"key":"SMITH"}],"neow_cost":"NONE","seed_source_timestamp":1410162387076241,"circlet_count":0,"master_deck":["AscendersBane","Defend_G","Defend_G","Defend_G","Defend_G","Defend_G+1","Strike_G","Strike_G","Strike_G","Strike_G","Survivor","Neutralize","Outmaneuver+1","Cloak And Dagger+1","Backstab"],"relics":["Ring of the Snake","NeowsBlessing","Gremlin Horn","Dodecahedron","Molten Egg 2"],"potions_floor_usage":[],"damage_taken":[{"damage":0,"enemies":"Small Slimes","floor":1,"turns":1},{"damage":0,"enemies":"Lagavulin","floor":6,"turns":2},{"damage":0,"enemies":"2 Louse","floor":7,"turns":1},{"damage":0,"enemies":"Jaw Worm","floor":8,"turns":5},{"damage":48,"enemies":"Gremlin Nob","floor":11,"turns":4}],"seed_played":"-4600696954405805085","potions_obtained":[],"is_trial":false,"path_per_floor":["M","?","?","?","T","E","M","M","T","R","E"],"character_chosen":"THE_SILENT","items_purchased":[],"campfire_rested":0,"item_purchase_floors":[],"current_hp_per_floor":[59,52,57,36,36,36,36,36,36,36,0],"gold":183,"neow_bonus":"THREE_ENEMY_KILL","is_prod":false,"is_daily":false,"chose_seed":false,"campfire_upgraded":1,"win_rate":0,"timestamp":1557258475,"path_taken":["M","?","?","?","?","E","M","?","T","R","E"],"build_version":"2019-04-23","purchased_purges":0,"victory":false,"max_hp_per_floor":[66,66,71,71,71,71,71,71,71,71,71],"card_choices":[{"not_picked":["Underhanded Strike","Slice"],"picked":"Outmaneuver","floor":1},{"not_picked":["Underhanded Strike","Accuracy","Terror"],"picked":"SKIP","floor":6},{"not_picked":["Deflect","Dagger Throw"],"picked":"Cloak And Dagger","floor":7},{"not_picked":["Deadly Poison","Concentrate"],"picked":"Backstab","floor":8}],"player_experience":1578956,"relics_obtained":[{"floor":5,"key":"Gremlin Horn"},{"floor":6,"key":"Dodecahedron"},{"floor":9,"key":"Molten Egg 2"}],"event_choices":[{"cards_removed":["Strike_G"],"damage_healed":0,"gold_gain":0,"player_choice":"Card Removal","damage_taken":7,"max_hp_gain":0,"max_hp_loss":0,"event_name":"Golden Wing","floor":2,"gold_loss":0},{"damage_healed":0,"gold_gain":0,"player_choice":"Donut","damage_taken":0,"max_hp_gain":5,"max_hp_loss":0,"event_name":"Big Fish","floor":3,"gold_loss":0},{"damage_healed":0,"gold_gain":0,"player_choice":"Entered Light","damage_taken":21,"max_hp_gain":0,"max_hp_loss":0,"event_name":"Shining Light","floor":4,"gold_loss":0,"cards_upgraded":["Defend_G","Outmaneuver"]}],"is_beta":true,"boss_relics":[],"items_purged_floors":[],"is_endless":false,"potions_floor_spawned":[],"killed_by":"Gremlin Nob","ascension_level":18}