{"gold_per_floor":[111,111,124,143,143,143,186,206,206,206,224,263,263,296,296,424,424,444,464,258,274,294,294,294,294,294,294,313,332,345,368,368,497,497,517,535,404,423,439,439,475,475,499,517,517,532,285,285],"floor_reached":48,"playtime":2360,"items_purged":[],"score":709,"play_id":"6b2ce1c3-a71b-457d-8807-6a8227c5e528","local_time":"20181029041307","is_ascension_mode":true,"campfire_choices":[{"data":"Zap","floor":6,"key":"SMITH"},{"floor":15,"key":"REST"},{"floor":23,"key":"REST"},{"data":"White Noise","floor":27,"key":"SMITH"},{"floor":32,"key":"REST"},{"floor":40,"key":"REST"},{"floor":45,"key":"REST"}],"neow_cost":"NONE","seed_source_timestamp":559107250710999,"circlet_count":0,"master_deck":["Zap+1","Dualcast+1","Doom and Gloom","Conserve Battery","Leap","White Noise+1","Defragment","Rebound+1","Conserve Battery","Genetic Algorithm","Biased Cognition","Ball Lightning+1","Sweeping Beam+1","Auto Shields","Reinforced Body","Redo","Lockon+1","Redo","Conserve Battery","Heatsinks","Redo+1","Lockon+1","Redo+1","Darkness","Beam Cell+1","Loop","Echo Form","Heatsinks+1","Hello World","Panache","Hello World","Skim+1","Auto Shields+1","Chaos+1","Madness+1","Conserve Battery+1"],"relics":["Cracked Core","Golden Idol","Art of War","Molten Egg 2","Bird Faced Urn","Strawberry","Girya","Pandora\u0027s Box","Membership Card","WingedGreaves","Sozu","Toxic Egg 2","Orichalcum","HandDrill","Bronze Scales"],"potions_floor_usage":[14,16,18,22,31,33,33],"damage_taken":[{"damage":2,"enemies":"Jaw Worm","floor":1,"turns":3},{"damage":3,"enemies":"2 Louse","floor":3,"turns":2},{"damage":5,"enemies":"Small Slimes","floor":4,"turns":3},{"damage":7,"enemies":"Lagavulin","floor":7,"turns":5},{"damage":9,"enemies":"Blue Slaver","floor":8,"turns":4},{"damage":3,"enemies":"3 Louse","floor":11,"turns":3},{"damage":19,"enemies":"Gremlin Nob","floor":12,"turns":4},{"damage":17,"enemies":"Lagavulin","floor":14,"turns":4},{"damage":15,"enemies":"Hexaghost","floor":16,"turns":9},{"damage":16,"enemies":"3 Byrds","floor":18,"turns":3},{"damage":16,"enemies":"2 Thieves","floor":19,"turns":3},{"damage":15,"enemies":"Snake Plant","floor":21,"turns":3},{"damage":14,"enemies":"Centurion and Healer","floor":22,"turns":6},{"damage":12,"enemies":"3 Cultists","floor":28,"turns":4},{"damage":17,"enemies":"Sentry and Sphere","floor":29,"turns":5},{"damage":14,"enemies":"Snake Plant","floor":30,"turns":3},{"damage":27,"enemies":"Centurion and Healer","floor":31,"turns":6},{"damage":29,"enemies":"Champ","floor":33,"turns":9},{"damage":0,"enemies":"3 Shapes","floor":35,"turns":3},{"damage":16,"enemies":"Orb Walker","floor":36,"turns":3},{"damage":12,"enemies":"Transient","floor":38,"turns":5},{"damage":53,"enemies":"Jaw Worm Horde","floor":39,"turns":4},{"damage":40,"enemies":"Reptomancer","floor":41,"turns":4},{"damage":41,"enemies":"3 Darklings","floor":44,"turns":4},{"damage":40,"enemies":"Transient","floor":46,"turns":5},{"damage":25,"enemies":"2 Orb Walkers","floor":48,"turns":3}],"seed_played":"-9087878585193841741","potions_obtained":[{"floor":8,"key":"PowerPotion"},{"floor":11,"key":"LiquidBronze"},{"floor":12,"key":"Fire Potion"},{"floor":14,"key":"AttackPotion"},{"floor":16,"key":"Ancient Potion"},{"floor":21,"key":"LiquidBronze"},{"floor":22,"key":"Regen Potion"}],"is_trial":false,"path_per_floor":["M","?","M","M","?","R","E","M","T","?","M","E","?","E","R","B",null,"M","M","$","M","M","R","?","?","T","R","M","M","M","M","R","B",null,"M","M","$","M","M","R","E","?","T","M","R","M","$"],"character_chosen":"DEFECT","items_purchased":["Membership Card","Panache","Hello World","HandDrill","Bronze Scales","Madness+1","Conserve Battery+1"],"campfire_rested":5,"item_purchase_floors":[20,37,37,47,47,47,47],"current_hp_per_floor":[73,73,70,65,50,50,43,34,34,31,32,24,24,13,37,36,71,59,47,47,36,28,52,52,52,52,52,44,33,23,16,40,21,68,76,70,70,70,35,59,37,37,37,12,36,14,14,0],"gold":285,"neow_bonus":"TEN_PERCENT_HP_BONUS","is_prod":false,"is_daily":false,"chose_seed":false,"campfire_upgraded":2,"win_rate":0,"timestamp":1540800787,"path_taken":["M","?","M","M","?","R","E","M","T","?","?","E","?","E","R","BOSS","M","M","$","M","M","R","?","?","T","R","M","M","M","M","R","BOSS","M","M","$","M","M","R","E","?","T","M","R","M","$","?"],"build_version":"2018-10-25v2","purchased_purges":0,"victory":false,"max_hp_per_floor":[82,76,76,76,76,76,76,76,76,76,76,83,83,83,83,83,83,83,83,83,83,83,83,83,83,83,83,83,83,83,83,83,83,83,83,83,83,83,83,83,83,83,83,83,83,83,83,83],"card_choices":[{"not_picked":["Sweeping Beam","Cold Snap"],"picked":"Doom and Gloom","floor":1},{"not_picked":["Fusion","Heatsinks"],"picked":"Conserve Battery","floor":3},{"not_picked":["Steam","Go for the Eyes"],"picked":"Leap","floor":4},{"not_picked":["Double Energy","Steam Power"],"picked":"White Noise","floor":7},{"not_picked":["Aggregate","Consume"],"picked":"Defragment","floor":8},{"not_picked":["Stack","Static Discharge"],"picked":"Rebound+1","floor":11},{"not_picked":["Coolheaded","All For One+1"],"picked":"Conserve Battery","floor":12},{"not_picked":["Capacitor","Turbo"],"picked":"Genetic Algorithm","floor":14},{"not_picked":["Amplify","Core Surge+1"],"picked":"Biased Cognition","floor":16},{"not_picked":["Double Energy","Coolheaded"],"picked":"Redo","floor":18},{"not_picked":["Steam","Ball Lightning+1"],"picked":"Conserve Battery","floor":19},{"not_picked":["Compile Driver+1","Beam Cell+1"],"picked":"Heatsinks","floor":21},{"not_picked":["Barrage+1","Steam"],"picked":"Redo+1","floor":22},{"not_picked":["Aggregate","Core Surge+1"],"picked":"Redo+1","floor":28},{"not_picked":["Gash+1","Leap"],"picked":"Darkness","floor":29},{"not_picked":["Gash+1","Stack+1"],"picked":"Beam Cell+1","floor":30},{"not_picked":["Hologram","Conserve Battery"],"picked":"Loop","floor":31},{"not_picked":["Machine Learning","Amplify"],"picked":"Echo Form","floor":33},{"not_picked":["Steam+1","Recycle"],"picked":"Heatsinks+1","floor":35},{"not_picked":["Beam Cell+1","Leap+1"],"picked":"Hello World","floor":36},{"not_picked":["Rebound+1","Gash+1","Cold Snap+1"],"picked":"SKIP","floor":38},{"not_picked":["Fusion+1","Coolheaded"],"picked":"Skim+1","floor":39},{"not_picked":["Rebound+1","Defragment"],"picked":"Auto Shields+1","floor":41},{"not_picked":["Ball Lightning+1","Stack+1"],"picked":"Chaos+1","floor":44},{"not_picked":["Coolheaded+1","Stack+1","Tempest+1"],"picked":"SKIP","floor":46}],"player_experience":1490665,"relics_obtained":[{"floor":7,"key":"Art of War"},{"floor":9,"key":"Molten Egg 2"},{"floor":12,"key":"Strawberry"},{"floor":14,"key":"Girya"},{"floor":26,"key":"WingedGreaves"},{"floor":41,"key":"Toxic Egg 2"},{"floor":43,"key":"Orichalcum"}],"event_choices":[{"damage_healed":0,"gold_gain":0,"player_choice":"Lose Max HP","damage_taken":0,"relics_obtained":["Golden Idol"],"max_hp_gain":0,"max_hp_loss":6,"event_name":"Golden Idol","floor":2,"gold_loss":0},{"damage_healed":0,"gold_gain":0,"player_choice":"Entered Light","damage_taken":15,"max_hp_gain":0,"max_hp_loss":0,"event_name":"Shining Light","floor":5,"gold_loss":0,"cards_upgraded":["Dualcast","Defend_B"]},{"damage_healed":0,"gold_gain":0,"player_choice":"Success","damage_taken":3,"relics_obtained":["Bird Faced Urn"],"max_hp_gain":0,"max_hp_loss":0,"event_name":"Scrap Ooze","floor":10,"gold_loss":0},{"cards_removed":["Strike_B"],"damage_healed":0,"gold_gain":0,"player_choice":"Offered Basic","damage_taken":0,"max_hp_gain":0,"max_hp_loss":0,"event_name":"Bonfire Elementals","floor":13,"gold_loss":0},{"damage_healed":0,"gold_gain":0,"player_choice":"Copied","damage_taken":0,"max_hp_gain":0,"max_hp_loss":0,"event_name":"Duplicator","floor":24,"gold_loss":0,"cards_obtained":["Lockon"]},{"cards_removed":["Undo"],"damage_healed":0,"gold_gain":0,"player_choice":"Purged","damage_taken":0,"max_hp_gain":0,"max_hp_loss":0,"event_name":"Purifier","floor":25,"gold_loss":0},{"damage_healed":0,"gold_gain":0,"player_choice":"Ignored","damage_taken":0,"max_hp_gain":0,"max_hp_loss":0,"event_name":"Tomb of Lord Red Mask","floor":42,"gold_loss":0},{"damage_healed":0,"gold_gain":0,"player_choice":"Fight","damage_taken":0,"max_hp_gain":0,"max_hp_loss":0,"event_name":"Mysterious Sphere","floor":48,"gold_loss":0}],"is_beta":false,"boss_relics":[{"not_picked":["Ectoplasm","Busted Crown"],"picked":"Pandora\u0027s Box"},{"not_picked":["Empty Cage","Calling Bell"],"picked":"Sozu"}],"items_purged_floors":[],"is_endless":false,"potions_floor_spawned":[8,11,12,14,16,21,22,28,30,38,41,46],"killed_by":"2 Orb Walkers","ascension_level":6}