{"gold_per_floor":[116,130,29,29,29,59,73,107,107,122,141,152,152,166,166,245,245,263,273,373,74,74,74,74,99,124,124,124,137,137,5,5,5],"floor_reached":33,"playtime":1147,"items_purged":["Strike_B"],"score":518,"play_id":"e91853ee-52b7-4e2e-b1b7-d32a3c5bf341","local_time":"20190503165217","is_ascension_mode":true,"campfire_choices":[{"data":"Reinforced Body","floor":13,"key":"SMITH"},{"floor":15,"key":"REST"},{"floor":23,"key":"REST"},{"data":"Defragment","floor":28,"key":"SMITH"},{"floor":30,"key":"REST"},{"data":"Coolheaded","floor":32,"key":"SMITH"}],"neow_cost":"NONE","seed_source_timestamp":1045839556003625,"circlet_count":0,"master_deck":["AscendersBane","Strike_B","Strike_B","Strike_B","Defend_B","Defend_B","Defend_B","Defend_B","Zap","Dualcast","Compile Driver","Compile Driver","Doom and Gloom+1","Coolheaded+1","FTL","Ball Lightning","Reinforced Body+1","Ball Lightning","Auto Shields","Glacier","Core Surge","Compile Driver","Defragment+1","Go for the Eyes","Force Field","Regret","Beam Cell+1","Conserve Battery"],"relics":["Cracked Core","NeowsBlessing","Bottled Flame","Turnip","Pear","Cursed Key","Matryoshka","Regal Pillow","MutagenicStrength","Omamori","Juzu Bracelet","DataDisk","Strawberry","Nloth\u0027s Gift"],"potions_floor_usage":[8,11,20],"damage_taken":[{"damage":0,"enemies":"Cultist","floor":1,"turns":1},{"damage":0,"enemies":"Small Slimes","floor":2,"turns":1},{"damage":0,"enemies":"Gremlin Nob","floor":6,"turns":1},{"damage":14,"enemies":"2 Louse","floor":7,"turns":2},{"damage":8,"enemies":"3 Sentries","floor":8,"turns":4},{"damage":0,"enemies":"Large Slime","floor":10,"turns":4},{"damage":0,"enemies":"Looter","floor":11,"turns":2},{"damage":13,"enemies":"Exordium Thugs","floor":12,"turns":3},{"damage":9,"enemies":"Red Slaver","floor":14,"turns":4},{"damage":52,"enemies":"The Guardian","floor":16,"turns":12},{"damage":21,"enemies":"Shell Parasite","floor":18,"turns":4},{"damage":1,"enemies":"Spheric Guardian","floor":19,"turns":3},{"damage":27,"enemies":"Colosseum Slavers","floor":20,"turns":3},{"damage":8,"enemies":"Colosseum Nobs","floor":20,"turns":4},{"damage":24,"enemies":"Centurion and Healer","floor":29,"turns":5},{"damage":69,"enemies":"Collector","floor":33,"turns":6}],"seed_played":"-6052885334069413666","potions_obtained":[{"floor":2,"key":"SpeedPotion"},{"floor":7,"key":"Poison Potion"},{"floor":10,"key":"Block Potion"},{"floor":12,"key":"LiquidBronze"},{"floor":14,"key":"Fire Potion"},{"floor":19,"key":"PowerPotion"}],"is_trial":false,"path_per_floor":["M","M","$","$","?","E","M","E","T","M","M","M","R","M","R","B",null,"M","M","?","$","?","R","?","T","T","?","R","M","R","$","R","B"],"character_chosen":"DEFECT","items_purchased":["Doom and Gloom","Coolheaded","Regal Pillow","Go for the Eyes","Force Field","Conserve Battery"],"campfire_rested":3,"item_purchase_floors":[3,3,21,21,21,31],"current_hp_per_floor":[64,64,64,64,64,64,50,42,52,52,52,39,39,30,54,2,61,40,39,4,4,4,43,43,43,50,50,50,26,67,67,67,0],"gold":5,"neow_bonus":"THREE_ENEMY_KILL","is_prod":false,"is_daily":false,"chose_seed":false,"campfire_upgraded":3,"win_rate":0,"timestamp":1556895137,"path_taken":["M","M","?","$","?","E","M","E","T","M","?","M","R","M","R","BOSS","M","M","?","$","?","R","?","?","T","?","R","M","R","$","R","BOSS"],"build_version":"2019-04-23","purchased_purges":1,"victory":false,"max_hp_per_floor":[71,71,71,71,71,71,71,71,81,81,81,81,81,81,81,81,81,81,81,81,81,81,81,81,81,88,88,88,88,88,88,88,88],"card_choices":[{"not_picked":["Leap","Skim"],"picked":"Compile Driver","floor":1},{"not_picked":["Fusion","Rip and Tear"],"picked":"Compile Driver","floor":2},{"not_picked":["Chill","Steam"],"picked":"FTL","floor":6},{"not_picked":["Beam Cell","Multi-Cast"],"picked":"Ball Lightning","floor":7},{"not_picked":["Streamline","Hello World"],"picked":"Reinforced Body","floor":8},{"not_picked":["Stack","Hologram"],"picked":"Ball Lightning","floor":10},{"not_picked":["Rebound","Redo"],"picked":"Auto Shields","floor":11},{"not_picked":["Cold Snap","Reprogram","Amplify"],"picked":"SKIP","floor":12},{"not_picked":["Recycle","Gash"],"picked":"Glacier","floor":14},{"not_picked":["Reboot","Hyperbeam"],"picked":"Core Surge","floor":16},{"not_picked":["Compile Driver","Hologram+1","Stack"],"picked":"SKIP","floor":18},{"not_picked":["Redo+1","Double Energy"],"picked":"Compile Driver","floor":19},{"not_picked":["BootSequence","Rebound"],"picked":"Defragment","floor":20},{"not_picked":["Melter","Scrape"],"picked":"Beam Cell+1","floor":29}],"player_experience":1464020,"relics_obtained":[{"floor":6,"key":"Bottled Flame"},{"floor":8,"key":"Turnip"},{"floor":9,"key":"Pear"},{"floor":20,"key":"Du-Vu Doll"},{"floor":20,"key":"Matryoshka"},{"floor":25,"key":"Omamori"},{"floor":25,"key":"Juzu Bracelet"},{"floor":26,"key":"DataDisk"},{"floor":26,"key":"Strawberry"}],"event_choices":[{"damage_healed":0,"gold_gain":0,"player_choice":"Upgraded","damage_taken":0,"max_hp_gain":0,"max_hp_loss":0,"event_name":"Upgrade Shrine","floor":5,"gold_loss":0,"cards_upgraded":["Doom and Gloom"]},{"damage_healed":0,"gold_gain":0,"player_choice":"Fight","damage_taken":0,"max_hp_gain":0,"max_hp_loss":0,"event_name":"Colosseum","floor":20,"gold_loss":0},{"damage_healed":0,"gold_gain":0,"player_choice":"Fought Nobs","damage_taken":0,"max_hp_gain":0,"max_hp_loss":0,"event_name":"Colosseum","floor":20,"gold_loss":0},{"damage_healed":0,"gold_gain":0,"player_choice":"Inject Mutagens","damage_taken":0,"relics_obtained":["MutagenicStrength"],"max_hp_gain":0,"max_hp_loss":0,"event_name":"Drug Dealer","floor":22,"gold_loss":0},{"damage_healed":0,"gold_gain":0,"player_choice":"Ignored","damage_taken":0,"max_hp_gain":0,"max_hp_loss":0,"event_name":"Ghosts","floor":24,"gold_loss":0},{"damage_healed":0,"gold_gain":0,"player_choice":"Traded Relic","damage_taken":0,"relics_obtained":["Nloth\u0027s Gift"],"max_hp_gain":0,"max_hp_loss":0,"event_name":"N\u0027loth","floor":27,"relics_lost":["Du-Vu Doll"],"gold_loss":0}],"is_beta":true,"boss_relics":[{"not_picked":["FrozenCore","Busted Crown"],"picked":"Cursed Key"}],"items_purged_floors":[31],"is_endless":false,"potions_floor_spawned":[2,7,10,12,14,19],"killed_by":"Collector","ascension_level":17}