{"gold_per_floor":[116,116,66,66,84,116,131,156,179,179,198,198,228,240,240,336,336,350,250,175,185,201,201],"floor_reached":23,"playtime":616,"items_purged":["Strike_B"],"score":378,"play_id":"2c941995-415e-40dc-9992-4c342c1a0dd7","local_time":"20190429114236","is_ascension_mode":true,"campfire_choices":[{"data":"Zap","floor":10,"key":"SMITH"},{"floor":12,"key":"REST"},{"floor":15,"key":"REST"}],"neow_cost":"NONE","seed_source_timestamp":682189172893299,"circlet_count":0,"master_deck":["AscendersBane","Defend_B","Defend_B","Defend_B","Defend_B","Zap+1","Dualcast","Ball Lightning","Double Energy","Doom and Gloom","Defragment","Sweeping Beam","Coolheaded","Barrage","Ball Lightning","Fission","Steam+1","Redo"],"relics":["Cracked Core","NeowsBlessing","Centennial Puzzle","Oddly Smooth Stone","Art of War","Regal Pillow","Runic Pyramid"],"potions_floor_usage":[8,13,23,23],"damage_taken":[{"damage":0,"enemies":"Cultist","floor":1,"turns":1},{"damage":0,"enemies":"2 Louse","floor":5,"turns":1},{"damage":0,"enemies":"3 Sentries","floor":6,"turns":1},{"damage":7,"enemies":"Small Slimes","floor":7,"turns":2},{"damage":20,"enemies":"Lagavulin","floor":8,"turns":5},{"damage":11,"enemies":"Looter","floor":11,"turns":3},{"damage":18,"enemies":"3 Sentries","floor":13,"turns":3},{"damage":12,"enemies":"Gremlin Gang","floor":14,"turns":2},{"damage":32,"enemies":"Slime Boss","floor":16,"turns":5},{"damage":2,"enemies":"Spheric Guardian","floor":18,"turns":3},{"damage":33,"enemies":"3 Byrds","floor":21,"turns":3},{"damage":22,"enemies":"Centurion and Healer","floor":22,"turns":4},{"damage":15,"enemies":"Book of Stabbing","floor":23,"turns":4}],"seed_played":"-7040498464106287605","potions_obtained":[{"floor":1,"key":"SteroidPotion"},{"floor":5,"key":"Dexterity Potion"},{"floor":6,"key":"AttackPotion"},{"floor":11,"key":"FocusPotion"},{"floor":22,"key":"Strength Potion"}],"is_trial":false,"path_per_floor":["M","?","?","?","M","E","M","E","T","R","M","R","E","M","R","B",null,"M","$","?","M","M","E"],"character_chosen":"DEFECT","items_purchased":["Redo"],"campfire_rested":2,"item_purchase_floors":[19],"current_hp_per_floor":[68,61,61,66,66,66,59,39,39,39,28,52,34,22,61,29,67,65,65,65,32,10,0],"gold":201,"neow_bonus":"THREE_ENEMY_KILL","is_prod":false,"is_daily":false,"chose_seed":false,"campfire_upgraded":1,"win_rate":0,"timestamp":1556530956,"path_taken":["M","?","?","?","M","E","M","E","T","R","M","R","E","M","R","BOSS","M","$","?","M","M","E"],"build_version":"2019-04-23","purchased_purges":1,"victory":false,"max_hp_per_floor":[75,75,75,80,80,80,80,80,80,80,80,80,80,80,80,80,80,80,80,80,80,80,80],"card_choices":[{"not_picked":["BootSequence","Go for the Eyes"],"picked":"Ball Lightning","floor":1},{"not_picked":["Hello World","Stack"],"picked":"Double Energy","floor":5},{"not_picked":["FTL","Hologram"],"picked":"Doom and Gloom","floor":6},{"not_picked":["Leap","Darkness"],"picked":"Defragment","floor":7},{"not_picked":["Amplify","Double Energy"],"picked":"Sweeping Beam","floor":8},{"not_picked":["Blizzard","Redo"],"picked":"Coolheaded","floor":11},{"not_picked":["Doom and Gloom","Melter"],"picked":"Barrage","floor":13},{"not_picked":["Steam","Storm"],"picked":"Ball Lightning","floor":14},{"not_picked":["Amplify","All For One"],"picked":"Fission","floor":16},{"not_picked":["Sweeping Beam","Go for the Eyes"],"picked":"Steam+1","floor":18},{"not_picked":["Streamline","Turbo","Steam"],"picked":"SKIP","floor":21},{"not_picked":["Barrage","Darkness","Scrape"],"picked":"SKIP","floor":22}],"player_experience":1308996,"relics_obtained":[{"floor":6,"key":"Centennial Puzzle"},{"floor":8,"key":"Oddly Smooth Stone"},{"floor":9,"key":"Art of War"},{"floor":13,"key":"Regal Pillow"}],"event_choices":[{"cards_removed":["Strike_B"],"damage_healed":0,"gold_gain":0,"player_choice":"Card Removal","damage_taken":7,"max_hp_gain":0,"max_hp_loss":0,"event_name":"Golden Wing","floor":2,"gold_loss":0},{"cards_removed":["Strike_B"],"damage_healed":0,"gold_gain":0,"player_choice":"Card Removal","damage_taken":0,"max_hp_gain":0,"max_hp_loss":0,"event_name":"The Cleric","floor":3,"gold_loss":50},{"damage_healed":0,"gold_gain":0,"player_choice":"Donut","damage_taken":0,"max_hp_gain":5,"max_hp_loss":0,"event_name":"Big Fish","floor":4,"gold_loss":0},{"cards_removed":["Strike_B"],"damage_healed":0,"gold_gain":0,"player_choice":"Gave Gold","damage_taken":0,"max_hp_gain":0,"max_hp_loss":0,"event_name":"Beggar","floor":20,"gold_loss":75}],"is_beta":true,"boss_relics":[{"not_picked":["Empty Cage","Tiny House"],"picked":"Runic Pyramid"}],"items_purged_floors":[19],"is_endless":false,"potions_floor_spawned":[1,5,6,11,22],"killed_by":"Book of Stabbing","ascension_level":12}