{"gold_per_floor":[118,118,137,137,137,137,165,184,184,184],"floor_reached":10,"playtime":264,"items_purged":[],"score":132,"play_id":"bb834a17-00e4-4a0e-8514-8352f34839d9","local_time":"20190514171310","is_ascension_mode":true,"campfire_choices":[{"data":"Barricade","floor":6,"key":"SMITH"}],"neow_cost":"NONE","seed_source_timestamp":1998375421092182,"circlet_count":0,"master_deck":["AscendersBane","Strike_R","Strike_R","Strike_R","Strike_R","Strike_R","Defend_R+1","Defend_R","Defend_R","Defend_R+1","Bash+1","Barricade+1","Iron Wave","Inflame","Metallicize","Inflame"],"relics":["Burning Blood","Bottled Flame","Juzu Bracelet"],"potions_floor_usage":[],"damage_taken":[{"damage":14,"enemies":"Jaw Worm","floor":1,"turns":4},{"damage":14,"enemies":"Small Slimes","floor":3,"turns":4},{"damage":21,"enemies":"Lagavulin","floor":7,"turns":8},{"damage":12,"enemies":"2 Louse","floor":8,"turns":4},{"damage":9,"enemies":"3 Sentries","floor":10,"turns":3}],"seed_played":"-7492092582090238101","potions_obtained":[{"floor":3,"key":"Fire Potion"},{"floor":7,"key":"GamblersBrew"},{"floor":8,"key":"Weak Potion"}],"is_trial":false,"path_per_floor":["M","?","M","?","?","R","E","M","T","E"],"character_chosen":"IRONCLAD","items_purchased":[],"campfire_rested":0,"item_purchase_floors":[],"current_hp_per_floor":[60,60,52,29,34,34,19,13,13,4],"gold":184,"neow_bonus":"ONE_RANDOM_RARE_CARD","is_prod":false,"is_daily":false,"chose_seed":false,"campfire_upgraded":1,"win_rate":0,"timestamp":1557846790,"path_taken":["M","?","M","?","?","R","E","M","T","E"],"build_version":"2019-05-07","purchased_purges":0,"victory":false,"max_hp_per_floor":[75,75,75,75,80,80,80,80,80,80],"card_choices":[{"not_picked":["Sever Soul","Pummel"],"picked":"Iron Wave","floor":1},{"not_picked":["Twin Strike","Body Slam"],"picked":"Inflame","floor":3},{"not_picked":["Exhume","Pommel Strike"],"picked":"Metallicize","floor":7},{"not_picked":["Clash","Cleave"],"picked":"Inflame","floor":8}],"player_experience":1892233,"relics_obtained":[{"floor":7,"key":"Bottled Flame"},{"floor":9,"key":"Juzu Bracelet"}],"event_choices":[{"damage_healed":0,"gold_gain":0,"player_choice":"Grow","damage_taken":0,"max_hp_gain":0,"max_hp_loss":0,"event_name":"Living Wall","floor":2,"gold_loss":0,"cards_upgraded":["Bash"]},{"damage_healed":0,"gold_gain":0,"player_choice":"Entered Light","damage_taken":23,"max_hp_gain":0,"max_hp_loss":0,"event_name":"Shining Light","floor":4,"gold_loss":0,"cards_upgraded":["Defend_R","Defend_R"]},{"damage_healed":0,"gold_gain":0,"player_choice":"Donut","damage_taken":0,"max_hp_gain":5,"max_hp_loss":0,"event_name":"Big Fish","floor":5,"gold_loss":0}],"is_beta":true,"boss_relics":[],"items_purged_floors":[],"is_endless":false,"potions_floor_spawned":[3,7,8],"killed_by":"3 Sentries","ascension_level":20}