{"gold_per_floor":[114,114,20,20,45,57,69,81,93,124,218,230,242,265,277,363,375,397,409,432,463,475,487,509,534,546,9,9,9,23,41,41,113,113,129,56,68,85,46,46,62,112,112,112],"floor_reached":44,"playtime":1780,"items_purged":[],"score":766,"play_id":"3f87738b-789f-4f81-9ab6-20c1aeed6fc4","local_time":"20190521020138","is_ascension_mode":true,"campfire_choices":[{"data":"Bash","floor":6.0,"key":"SMITH"},{"data":"Carnage","floor":8.0,"key":"SMITH"},{"data":"Twin Strike","floor":12.0,"key":"SMITH"},{"data":"Disarm","floor":15.0,"key":"SMITH"},{"floor":23.0,"key":"REST"},{"data":"Feed","floor":28.0,"key":"SMITH"},{"floor":32.0,"key":"REST"},{"data":"Demon Form","floor":40.0,"key":"SMITH"}],"neow_cost":"PERCENT_DAMAGE","seed_source_timestamp":391855173995047,"circlet_count":0,"master_deck":["AscendersBane","Strike_R","Strike_R","Strike_R","Defend_R","Defend_R","Defend_R","Defend_R","Bash+1","Twin Strike+1","Shrug It Off","Carnage+1","Disarm+1","Feed+1","Disarm+1","Heavy Blade","Whirlwind","Limit Break","Shockwave","Shockwave","Reaper","Intimidate","Flame Barrier","Thunderclap+1","Demon Form+1","Armaments+1"],"special_seed":0,"relics":["Burning Blood","MawBank","Kunai","Tiny Chest","Runic Pyramid","Letter Opener","Membership Card","Matryoshka","Ornamental Fan","Cursed Key"],"potions_floor_usage":[44],"damage_taken":[{"damage":8.0,"enemies":"Jaw Worm","floor":1.0,"turns":5.0},{"damage":0.0,"enemies":"Cultist","floor":10.0,"turns":4.0},{"damage":0.0,"enemies":"2 Louse","floor":14.0,"turns":2.0},{"damage":49.0,"enemies":"Hexaghost","floor":16.0,"turns":12.0},{"damage":12.0,"enemies":"3 Byrds","floor":18.0,"turns":6.0},{"damage":7.0,"enemies":"Chosen","floor":20.0,"turns":5.0},{"damage":65.0,"enemies":"Snecko","floor":21.0,"turns":12.0},{"damage":22.0,"enemies":"Centurion and Healer","floor":24.0,"turns":8.0},{"damage":2.0,"enemies":"Snake Plant","floor":25.0,"turns":7.0},{"damage":28.0,"enemies":"Cultist and Chosen","floor":30.0,"turns":9.0},{"damage":3.0,"enemies":"Snecko","floor":31.0,"turns":5.0},{"damage":66.0,"enemies":"Champ","floor":33.0,"turns":17.0},{"damage":37.0,"enemies":"3 Darklings","floor":35.0,"turns":7.0},{"damage":7.0,"enemies":"Orb Walker","floor":37.0,"turns":4.0},{"damage":49.0,"enemies":"4 Shapes","floor":38.0,"turns":9.0},{"damage":35.0,"enemies":"Writhing Mass","floor":41.0,"turns":9.0},{"damage":59,"enemies":"Transient","floor":44,"turns":4}],"seed_played":"151258795380723408","potions_obtained":[{"floor":16.0,"key":"SteroidPotion"},{"floor":18.0,"key":"Regen Potion"},{"floor":24.0,"key":"SkillPotion"},{"floor":30.0,"key":"Strength Potion"},{"floor":35.0,"key":"Ancient Potion"}],"is_trial":false,"path_per_floor":["M","?","$","?","T","R","$","R","T","M","T","R","?","M","R","B",null,"M","?","M","M","$","R","M","M","T","$","R","?","M","M","R","B",null,"M","$","M","M","$","R","M","?","T","M"],"character_chosen":"IRONCLAD","items_purchased":["Shrug It Off","Carnage","Membership Card","Matryoshka","Ornamental Fan","Shockwave","Flame Barrier","Dexterity Potion","Demon Form"],"campfire_rested":2,"item_purchase_floors":[3,3,27,27,27,27,36,36,39],"current_hp_per_floor":[62,62,62,62,62,62,62,62,62,68,68,68,68,74,74,31,75,72,72,74,30,30,58,45,52,52,52,52,52,34,41,73,17,89,68,68,71,56,56,56,37,37,37,0],"gold":112,"neow_bonus":"TWENTY_PERCENT_HP_BONUS","is_prod":false,"is_daily":false,"chose_seed":false,"campfire_upgraded":6,"win_rate":0,"timestamp":1558375298,"path_taken":["M","?","?","?","?","R","?","R","T","?","?","R","?","M","R","BOSS","M","?","M","M","$","R","M","M","T","$","R","?","M","M","R","BOSS","M","$","M","M","$","R","M","?","T","M"],"build_version":"2019-01-23","purchased_purges":0,"victory":false,"max_hp_per_floor":[89,89,89,89,89,89,89,89,89,89,89,89,89,89,89,89,89,92,92,95,95,95,95,98,101,101,101,101,101,105,109,109,113,113,113,113,117,121,121,121,125,125,125,125],"card_choices":[{"not_picked":["Havoc","Armaments"],"picked":"Twin Strike","floor":1.0},{"not_picked":["Thunderclap","Sword Boomerang","Clash"],"picked":"SKIP","floor":10.0},{"not_picked":["Flex","Twin Strike"],"picked":"Disarm","floor":14.0},{"not_picked":["Immolate","Offering"],"picked":"Feed","floor":16.0},{"not_picked":["Bloodletting","Havoc","Entrench"],"picked":"SKIP","floor":18.0},{"not_picked":["Iron Wave","Perfected Strike"],"picked":"Disarm+1","floor":20.0},{"not_picked":["Infernal Blade","Perfected Strike"],"picked":"Heavy Blade","floor":21.0},{"not_picked":["Searing Blow","Sentinel+1"],"picked":"Whirlwind","floor":24.0},{"not_picked":["Body Slam","Armaments"],"picked":"Limit Break","floor":25.0},{"not_picked":["Blood for Blood","Heavy Blade","Twin Strike+1"],"picked":"SKIP","floor":30.0},{"not_picked":["Carnage","Anger"],"picked":"Shockwave","floor":31.0},{"not_picked":["Exhume","Bludgeon"],"picked":"Reaper","floor":33.0},{"not_picked":["Iron Wave","Thunderclap"],"picked":"Intimidate","floor":35.0},{"not_picked":["Heavy Blade","Headbutt"],"picked":"Thunderclap+1","floor":37.0},{"not_picked":["Armaments","Rampage","Sword Boomerang"],"picked":"SKIP","floor":38.0},{"not_picked":["Feel No Pain+1","Sentinel"],"picked":"Armaments+1","floor":41.0}],"player_experience":549278,"relics_obtained":[{"floor":5.0,"key":"MawBank"},{"floor":9.0,"key":"Kunai"},{"floor":11.0,"key":"Tiny Chest"},{"floor":26.0,"key":"Letter Opener"}],"event_choices":[{"cards_removed":["Strike_R"],"damage_healed":0.0,"max_hp_gain":0.0,"max_hp_loss":0.0,"gold_gain":0.0,"event_name":"Bonfire Elementals","player_choice":"Offered Basic","floor":2.0,"gold_loss":0.0,"damage_taken":0.0},{"cards_removed":["Strike_R"],"damage_healed":0.0,"max_hp_gain":0.0,"max_hp_loss":0.0,"gold_gain":0.0,"event_name":"Living Wall","player_choice":"Forget","floor":4.0,"gold_loss":0.0,"damage_taken":0.0},{"damage_healed":0.0,"max_hp_gain":0.0,"max_hp_loss":0.0,"gold_gain":0.0,"event_name":"Liars Game","player_choice":"Ignored","floor":13.0,"gold_loss":0.0,"damage_taken":0.0},{"damage_healed":0.0,"max_hp_gain":0.0,"max_hp_loss":0.0,"gold_gain":0.0,"event_name":"Vampires","player_choice":"Ignored","floor":19.0,"gold_loss":0.0,"damage_taken":0.0},{"damage_healed":0.0,"max_hp_gain":0.0,"max_hp_loss":0.0,"gold_gain":0.0,"event_name":"The Mausoleum","player_choice":"Ignored","floor":29.0,"gold_loss":0.0,"damage_taken":0.0},{"damage_healed":0.0,"max_hp_gain":0.0,"max_hp_loss":0.0,"gold_gain":50.0,"event_name":"Golden Shrine","player_choice":"Pray","floor":42.0,"gold_loss":0.0,"damage_taken":0.0}],"is_beta":false,"boss_relics":[{"not_picked":["Calling Bell","Velvet Choker"],"picked":"Runic Pyramid"},{"not_picked":["Snecko Eye","Black Star"],"picked":"Cursed Key"}],"items_purged_floors":[],"is_endless":false,"potions_floor_spawned":[16,18,24,30,35,38],"killed_by":"Transient","ascension_level":16}