{"gold_per_floor":[109,9,9,28,28,62,62,62,62,76,76,34,46,65,65,141,141,152,37,87,87,105,105,121,121,121,147,47,47,47,67,67,144,144,163,163,87,107,107,107,120,134,160,160,173,184,184,200,200,200],"floor_reached":50,"playtime":2755,"items_purged":["Strike_B","Strike_B+1"],"score":857,"play_id":"6aac8898-f2a8-4c36-969d-7b350e93646f","local_time":"20190516222849","is_ascension_mode":true,"campfire_choices":[{"data":"Gash","floor":8.0,"key":"SMITH"},{"data":"Gash","floor":11.0,"key":"SMITH"},{"floor":15.0,"key":"REST"},{"floor":23,"key":"REST"},{"floor":25,"key":"REST"},{"data":"Beam Cell","floor":30,"key":"SMITH"},{"floor":32,"key":"REST"},{"data":"Sunder","floor":40,"key":"SMITH"},{"floor":44,"key":"REST"},{"floor":47,"key":"REST"},{"floor":49,"key":"REST"}],"neow_cost":"NONE","seed_source_timestamp":0,"circlet_count":0,"master_deck":["AscendersBane","Strike_B+1","Defend_B+1","Defend_B+1","Defend_B+1","Defend_B+1","Zap","Dualcast","Rebound","Gash+1","Self Repair","Gash+1","Scrape","Beam Cell+1","Machine Learning","Go for the Eyes","FTL","Sunder+1","Reprogram","Glacier","Auto Shields","Streamline","All For One","Loop+1","Gash","Streamline","Rebound","Gash","Chill","Gash","Go for the Eyes"],"special_seed":0,"relics":["Cracked Core","Mercury Hourglass","Oddly Smooth Stone","Runic Pyramid","Pear","Du-Vu Doll","Nuclear Battery","Blood Vial"],"potions_floor_usage":[16,16,24,24,50,50],"damage_taken":[{"damage":7.0,"enemies":"Jaw Worm","floor":1.0,"turns":3.0},{"damage":1.0,"enemies":"Small Slimes","floor":4.0,"turns":3.0},{"damage":30.0,"enemies":"Lagavulin","floor":6.0,"turns":7.0},{"damage":0.0,"enemies":"2 Louse","floor":10.0,"turns":2.0},{"damage":7.0,"enemies":"Blue Slaver","floor":13.0,"turns":2.0},{"damage":14.0,"enemies":"Red Slaver","floor":14.0,"turns":2.0},{"damage":34,"enemies":"Hexaghost","floor":16,"turns":9},{"damage":34,"enemies":"2 Thieves","floor":18,"turns":4},{"damage":10,"enemies":"Shell Parasite","floor":22,"turns":4},{"damage":47,"enemies":"Snecko","floor":24,"turns":7},{"damage":9,"enemies":"Gremlin Leader","floor":27,"turns":8},{"damage":9,"enemies":"3 Cultists","floor":31,"turns":5},{"damage":47,"enemies":"Collector","floor":33,"turns":11},{"damage":19,"enemies":"3 Shapes","floor":35,"turns":4},{"damage":13,"enemies":"3 Darklings","floor":38,"turns":5},{"damage":22,"enemies":"Maw","floor":41,"turns":6},{"damage":22,"enemies":"4 Shapes","floor":42,"turns":5},{"damage":23,"enemies":"Writhing Mass","floor":45,"turns":5},{"damage":2,"enemies":"Transient","floor":46,"turns":5},{"damage":25,"enemies":"Sphere and 2 Shapes","floor":48,"turns":6},{"damage":89,"enemies":"Donu and Deca","floor":50,"turns":6}],"seed_played":"1134825355869538871","potions_obtained":[{"floor":6.0,"key":"SkillPotion"},{"floor":13.0,"key":"FearPotion"},{"floor":16,"key":"EssenceOfSteel"},{"floor":18,"key":"FocusPotion"},{"floor":41,"key":"Swift Potion"},{"floor":42,"key":"Strength Potion"},{"floor":46,"key":"SkillPotion"}],"is_trial":false,"path_per_floor":["M","$","?","M","?","E","$","R","T","M","R","$","M","M","R","B",null,"M","$","?","?","M","R","M","R","T","E","$","?","R","M","R","B",null,"M","?","$","M","?","R","M","M","T","R","M","M","R","M","R","B"],"character_chosen":"DEFECT","items_purchased":["Gash","Scrape","FTL","Sunder","Gash","Streamline"],"campfire_rested":7,"item_purchase_floors":[2,12,19,19,37,37],"current_hp_per_floor":[64,64,64,63,63,40,40,40,40,40,40,40,33,19,42,15,62,35,35,35,35,25,48,1,24,34,32,32,50,50,48,74,34,75,63,63,63,57,57,57,42,27,27,53,32,32,58,42,68,0],"gold":200,"neow_bonus":"TEN_PERCENT_HP_BONUS","is_prod":false,"is_daily":false,"chose_seed":false,"campfire_upgraded":4,"win_rate":0,"timestamp":1558060129,"path_taken":["M","$","?","M","?","E","$","R","T","M","R","?","M","?","R","BOSS","M","$","?","?","M","R","M","R","T","E","?","?","R","M","R","BOSS","M","?","$","?","?","R","M","?","T","R","M","M","R","M","R","BOSS"],"build_version":"2019-01-23","purchased_purges":2,"victory":false,"max_hp_per_floor":[78,78,78,78,78,78,78,78,78,78,78,78,78,78,78,78,78,78,78,78,78,78,78,78,78,88,88,88,88,88,88,88,88,88,88,88,88,88,88,88,88,88,88,88,88,88,88,88,88,88],"card_choices":[{"not_picked":["Steam","Stack"],"picked":"Rebound","floor":1.0},{"not_picked":["Glacier","Doom and Gloom"],"picked":"Self Repair","floor":4.0},{"not_picked":["Steam","Multi-Cast"],"picked":"Gash","floor":6.0},{"not_picked":["Storm","Cold Snap","Compile Driver"],"picked":"SKIP","floor":10.0},{"not_picked":["Compile Driver","Turbo","Defragment"],"picked":"SKIP","floor":13.0},{"not_picked":["Consume","Redo"],"picked":"Beam Cell","floor":14.0},{"not_picked":["Amplify","Buffer"],"picked":"Machine Learning","floor":16},{"not_picked":["Fusion","Leap"],"picked":"Go for the Eyes","floor":18},{"not_picked":["Undo","Storm"],"picked":"Reprogram","floor":22},{"not_picked":["Cold Snap","Beam Cell"],"picked":"Glacier","floor":24},{"not_picked":["Undo","Consume"],"picked":"Auto Shields","floor":27},{"not_picked":["Undo","Sweeping Beam"],"picked":"Streamline","floor":31},{"not_picked":["Electrodynamics","Hyperbeam"],"picked":"All For One","floor":33},{"not_picked":["Rebound+1","Stack"],"picked":"Loop+1","floor":35},{"not_picked":["Sweeping Beam","Go for the Eyes"],"picked":"Rebound","floor":38},{"not_picked":["Stack+1","Hologram"],"picked":"Gash","floor":41},{"not_picked":["Stack","Steam"],"picked":"Chill","floor":42},{"not_picked":["Compile Driver","Cold Snap"],"picked":"Gash","floor":45},{"not_picked":["Rip and Tear","Compile Driver"],"picked":"Go for the Eyes","floor":46},{"not_picked":["Sweeping Beam","Steam","Redo"],"picked":"SKIP","floor":48}],"player_experience":2915073,"relics_obtained":[{"floor":6.0,"key":"Mercury Hourglass"},{"floor":9.0,"key":"Oddly Smooth Stone"},{"floor":26,"key":"Pear"},{"floor":27,"key":"Du-Vu Doll"},{"floor":43,"key":"Blood Vial"}],"event_choices":[{"damage_healed":0.0,"max_hp_gain":0.0,"max_hp_loss":0.0,"gold_gain":0.0,"event_name":"Golden Idol","player_choice":"Ignored","floor":3.0,"gold_loss":0.0,"damage_taken":0.0},{"damage_healed":0.0,"max_hp_gain":0.0,"max_hp_loss":0.0,"gold_gain":0.0,"event_name":"The Cleric","player_choice":"Leave","floor":5.0,"gold_loss":0.0,"damage_taken":0.0},{"damage_healed":0,"gold_gain":50,"player_choice":"Stole From Cult","damage_taken":0,"max_hp_gain":0,"max_hp_loss":0,"event_name":"Nest","floor":20,"gold_loss":0},{"damage_healed":0,"gold_gain":0,"player_choice":"Simplicity","damage_taken":0,"max_hp_gain":0,"max_hp_loss":0,"event_name":"Back to Basics","floor":21,"gold_loss":0,"cards_upgraded":["Strike_B","Strike_B","Strike_B","Defend_B","Defend_B","Defend_B","Defend_B"]},{"damage_healed":18,"gold_gain":0,"player_choice":"Heal","damage_taken":0,"max_hp_gain":0,"max_hp_loss":0,"event_name":"The Library","floor":29,"gold_loss":0},{"damage_healed":0,"gold_gain":0,"player_choice":"Leave","damage_taken":0,"max_hp_gain":0,"max_hp_loss":0,"event_name":"FaceTrader","floor":36,"gold_loss":0},{"cards_removed":["Strike_B"],"damage_healed":0,"gold_gain":0,"player_choice":"Purged","damage_taken":0,"max_hp_gain":0,"max_hp_loss":0,"event_name":"Purifier","floor":39,"gold_loss":0}],"is_beta":false,"boss_relics":[{"not_picked":["Orrery","Philosopher\u0027s Stone"],"picked":"Runic Pyramid"},{"not_picked":["Runic Dome","Pandora\u0027s Box"],"picked":"Nuclear Battery"}],"items_purged_floors":[2,28],"is_endless":false,"potions_floor_spawned":[6,13,16,18,41,42,46,48],"killed_by":"Donu and Deca","ascension_level":16}