{"gold_per_floor":[114,114,124,73,223,250,250,261,261,261,261,290,306,317,317,317],"floor_reached":16,"playtime":417,"items_purged":[],"score":263,"play_id":"a5bf6fa9-d180-40c8-89fc-d3ad7deb30ff","local_time":"20190511224730","is_ascension_mode":true,"campfire_choices":[{"data":"Whirlwind","floor":7,"key":"SMITH"},{"data":"Uppercut","floor":10,"key":"SMITH"},{"data":"Shrug It Off","floor":15,"key":"SMITH"}],"neow_cost":"NONE","seed_source_timestamp":1759081716281900,"circlet_count":0,"master_deck":["AscendersBane","Strike_R","Strike_R","Strike_R","Strike_R","Defend_R","Defend_R","Defend_R","Defend_R","Bash","Whirlwind+1","Uppercut+1","Thunderclap","Doubt","Metallicize","Shockwave","Shrug It Off+1","Flame Barrier"],"relics":["Burning Blood","NeowsBlessing","Mummified Hand","Sundial","Omamori"],"potions_floor_usage":[16],"damage_taken":[{"damage":0,"enemies":"2 Louse","floor":1,"turns":1},{"damage":0,"enemies":"Cultist","floor":3,"turns":1},{"damage":0,"enemies":"3 Sentries","floor":6,"turns":1},{"damage":8,"enemies":"Jaw Worm","floor":8,"turns":4},{"damage":45,"enemies":"Lagavulin","floor":12,"turns":7},{"damage":3,"enemies":"Looter","floor":13,"turns":4},{"damage":0,"enemies":"2 Fungi Beasts","floor":14,"turns":1},{"damage":55,"enemies":"Slime Boss","floor":16,"turns":12}],"seed_played":"4435967809051595649","potions_obtained":[{"floor":3,"key":"Energy Potion"},{"floor":6,"key":"PowerPotion"},{"floor":14,"key":"SpeedPotion"}],"is_trial":false,"path_per_floor":["M","?","M","$","?","E","R","M","T","R","?","E","M","M","R","B"],"character_chosen":"IRONCLAD","items_purchased":["Thunderclap"],"campfire_rested":0,"item_purchase_floors":[4],"current_hp_per_floor":[74,74,75,75,75,75,75,73,73,73,78,39,42,48,48,0],"gold":317,"neow_bonus":"THREE_ENEMY_KILL","is_prod":false,"is_daily":false,"chose_seed":false,"campfire_upgraded":3,"win_rate":0,"timestamp":1557607650,"path_taken":["M","?","?","$","?","E","R","M","T","R","?","E","M","M","R","BOSS"],"build_version":"2019-05-07","purchased_purges":0,"victory":false,"max_hp_per_floor":[75,75,75,75,75,75,75,75,75,75,80,80,80,80,80,80],"card_choices":[{"not_picked":["True Grit","Pommel Strike"],"picked":"Whirlwind","floor":1},{"not_picked":["Thunderclap","Armaments"],"picked":"Uppercut","floor":3},{"not_picked":["Evolve","Clothesline"],"picked":"Metallicize","floor":6},{"not_picked":["Feel No Pain","Warcry"],"picked":"Shockwave","floor":8},{"not_picked":["Heavy Blade","Perfected Strike","Wild Strike"],"picked":"SKIP","floor":12},{"not_picked":["Infernal Blade","Body Slam"],"picked":"Shrug It Off","floor":13},{"not_picked":["Headbutt","Exhume"],"picked":"Flame Barrier","floor":14}],"player_experience":1790980,"relics_obtained":[{"floor":6,"key":"Mummified Hand"},{"floor":9,"key":"Sundial"},{"floor":12,"key":"Omamori"}],"event_choices":[{"cards_removed":["Strike_R"],"damage_healed":0,"gold_gain":0,"player_choice":"Purged","damage_taken":0,"max_hp_gain":0,"max_hp_loss":0,"event_name":"Purifier","floor":2,"gold_loss":0},{"damage_healed":0,"gold_gain":150,"player_choice":"AGREE","damage_taken":0,"max_hp_gain":0,"max_hp_loss":0,"event_name":"Liars Game","floor":5,"gold_loss":0,"cards_obtained":["Doubt"]},{"damage_healed":0,"gold_gain":0,"player_choice":"Donut","damage_taken":0,"max_hp_gain":5,"max_hp_loss":0,"event_name":"Big Fish","floor":11,"gold_loss":0}],"is_beta":true,"boss_relics":[],"items_purged_floors":[],"is_endless":false,"potions_floor_spawned":[3,6,13,14],"killed_by":"Slime Boss","ascension_level":19}