{"gold_per_floor":[110,110,125,3,23,23,52,64,64,96,109,109,134,149,149,251,301,314,6,26,26,43,43,75,93,93,93,103,103,103,129,129,234,234,252,152,172,191,202,202,232,250,277,312,361,361,311,328,328,328],"floor_reached":51,"playtime":4642,"items_purged":["Strike_B","Strike_B","Chill"],"score":996,"play_id":"76a3a675-ecb1-4aff-a3b3-03d97cff9a08","local_time":"20190425153820","is_ascension_mode":true,"campfire_choices":[{"data":"Static Discharge","floor":6,"key":"SMITH"},{"floor":15,"key":"REST"},{"data":"Reinforced Body","floor":23,"key":"SMITH"},{"floor":27,"key":"REST"},{"data":"Ghostly","floor":29,"key":"SMITH"},{"data":"Ghostly","floor":32,"key":"SMITH"},{"floor":40,"key":"REST"},{"data":"Ghostly","floor":46,"key":"SMITH"},{"floor":49,"key":"REST"}],"neow_cost":"NONE","seed_source_timestamp":346685928855994,"circlet_count":0,"master_deck":["Defend_B","Defend_B","Defend_B","Defend_B","Zap+1","Dualcast","Heatsinks","Reinforced Body+1","Static Discharge+1","Cold Snap","Static Discharge","Streamline","Conserve Battery","Self Repair","Hologram","Sweeping Beam+1","Genetic Algorithm","Core Surge","Conserve Battery+1","Compile Driver","Capacitor","Coolheaded","Genetic Algorithm","Ghostly+1","Ghostly+1","Ghostly+1","Ghostly","Ghostly","FTL","Hologram","Hologram+1","Reinforced Body","Self Repair+1","Thunder Strike"],"relics":["Cracked Core","Cables","Question Card","Dodecahedron","Strawberry","Tiny House","PreservedInsect","DataDisk","Omamori","Incense Burner","Pear","Inserter","Bottled Lightning","Centennial Puzzle","Smiling Mask","Calipers"],"potions_floor_usage":[13,50,50],"damage_taken":[{"damage":1,"enemies":"Cultist","floor":1,"turns":3},{"damage":0,"enemies":"Jaw Worm","floor":3,"turns":3},{"damage":8,"enemies":"2 Louse","floor":5,"turns":3},{"damage":6,"enemies":"Gremlin Nob","floor":7,"turns":3},{"damage":11,"enemies":"Red Slaver","floor":8,"turns":3},{"damage":3,"enemies":"Lagavulin","floor":10,"turns":5},{"damage":0,"enemies":"Looter","floor":11,"turns":4},{"damage":22,"enemies":"Gremlin Nob","floor":13,"turns":3},{"damage":17,"enemies":"Exordium Wildlife","floor":14,"turns":4},{"damage":38,"enemies":"The Guardian","floor":16,"turns":14},{"damage":7,"enemies":"3 Byrds","floor":18,"turns":2},{"damage":21,"enemies":"Shell Parasite","floor":20,"turns":9},{"damage":0,"enemies":"Chosen and Byrds","floor":22,"turns":8},{"damage":10,"enemies":"Gremlin Leader","floor":24,"turns":5},{"damage":22,"enemies":"Snecko","floor":25,"turns":6},{"damage":9,"enemies":"Centurion and Healer","floor":28,"turns":8},{"damage":5,"enemies":"Slavers","floor":31,"turns":3},{"damage":32,"enemies":"Automaton","floor":33,"turns":11},{"damage":2,"enemies":"Orb Walker","floor":35,"turns":4},{"damage":9,"enemies":"3 Darklings","floor":37,"turns":6},{"damage":41,"enemies":"Jaw Worm Horde","floor":38,"turns":5},{"damage":8,"enemies":"4 Shapes","floor":39,"turns":8},{"damage":9,"enemies":"Nemesis","floor":41,"turns":7},{"damage":3,"enemies":"Transient","floor":42,"turns":5},{"damage":7,"enemies":"Reptomancer","floor":44,"turns":6},{"damage":6,"enemies":"2 Orb Walkers","floor":45,"turns":6},{"damage":44,"enemies":"Writhing Mass","floor":48,"turns":7},{"damage":33,"enemies":"Time Eater","floor":50,"turns":18}],"seed_played":"-3067443139639223042","potions_obtained":[{"floor":1,"key":"FearPotion"},{"floor":8,"key":"Weak Potion"},{"floor":10,"key":"PowerPotion"},{"floor":16,"key":"Poison Potion"},{"floor":20,"key":"FairyPotion"},{"floor":28,"key":"SkillPotion"}],"is_trial":false,"path_per_floor":["M","?","M","$","M","R","E","M","T","E","M","?","E","M","R","B",null,"M","$","M","?","M","R","E","M","T","R","M","R","?","E","R","B",null,"M","$","M","M","M","R","E","M","T","E","?","R","$","M","R","B",null],"character_chosen":"DEFECT","items_purchased":["Cold Snap","Compile Driver","PreservedInsect","Capacitor","Coolheaded"],"campfire_rested":4,"item_purchase_floors":[4,19,19,19,19],"current_hp_per_floor":[67,67,67,67,59,59,53,42,42,39,46,46,38,28,52,21,72,65,65,51,43,43,43,40,25,25,37,35,35,35,40,40,15,44,49,49,47,13,22,37,45,49,49,53,53,53,53,26,41,25],"gold":328,"neow_bonus":"TRANSFORM_CARD","is_prod":false,"is_daily":false,"chose_seed":false,"campfire_upgraded":5,"win_rate":0,"timestamp":1556199500,"path_taken":["M","?","M","$","M","R","E","M","T","E","?","?","E","M","R","BOSS","M","$","M","?","M","R","E","M","T","R","M","R","?","E","R","BOSS","M","$","M","M","M","R","E","M","T","E","?","R","$","M","R","BOSS"],"build_version":"2019-04-23","purchased_purges":3,"victory":true,"max_hp_per_floor":[75,75,75,75,75,75,75,75,75,75,75,75,82,82,82,82,87,87,87,87,43,43,43,43,43,43,43,43,43,43,53,53,53,53,53,53,53,53,53,53,53,53,53,53,53,53,53,53,53,53],"card_choices":[{"not_picked":["Cold Snap","Sweeping Beam"],"picked":"Reinforced Body","floor":1},{"not_picked":["Stack","Hologram"],"picked":"Static Discharge","floor":3},{"not_picked":["Melter","Storm"],"picked":"Static Discharge","floor":5},{"not_picked":["Double Energy","Rebound"],"picked":"Streamline","floor":7},{"not_picked":["Heatsinks","Auto Shields"],"picked":"Conserve Battery","floor":8},{"not_picked":["Streamline","Static Discharge","Gash"],"picked":"Self Repair","floor":10},{"not_picked":["Sweeping Beam","Streamline","Redo"],"picked":"Hologram","floor":11},{"not_picked":["Coolheaded","Streamline","Double Energy"],"picked":"Sweeping Beam","floor":13},{"not_picked":["Ball Lightning","Redo","All For One"],"picked":"Genetic Algorithm","floor":14},{"not_picked":["Hyperbeam","Thunder Strike","Amplify"],"picked":"Core Surge","floor":16},{"not_picked":["Cold Snap","Blizzard","Coolheaded"],"picked":"Chill","floor":17},{"not_picked":["Beam Cell","Barrage","Streamline"],"picked":"Conserve Battery+1","floor":18},{"not_picked":["Rebound","FTL","Scrape"],"picked":"Genetic Algorithm","floor":20},{"not_picked":["Barrage","Cold Snap","Darkness"],"picked":"FTL","floor":22},{"not_picked":["Auto Shields","Multi-Cast","Capacitor+1"],"picked":"Hologram","floor":24},{"not_picked":["Gash","Storm","Undo+1","Beam Cell"],"picked":"SKIP","floor":25},{"not_picked":["Redo","Conserve Battery","Leap+1"],"picked":"Hologram+1","floor":28},{"not_picked":["Redo","Coolheaded","Rebound"],"picked":"Reinforced Body","floor":31},{"not_picked":["Skim","Redo","Fusion","Steam+1"],"picked":"SKIP","floor":35},{"not_picked":["Beam Cell","Machine Learning","Steam","Leap"],"picked":"SKIP","floor":37},{"not_picked":["Steam Power+1","Lockon+1","Compile Driver+1"],"picked":"Self Repair+1","floor":38},{"not_picked":["Beam Cell","Genetic Algorithm+1","Conserve Battery","Gash+1"],"picked":"SKIP","floor":39},{"not_picked":["Go for the Eyes+1","Genetic Algorithm","Steam+1","Force Field"],"picked":"SKIP","floor":41},{"not_picked":["Reprogram+1","Tempest+1","Hologram","Glacier+1"],"picked":"SKIP","floor":42},{"not_picked":["Turbo+1","Capacitor","Hologram","Sweeping Beam+1"],"picked":"SKIP","floor":44},{"not_picked":["Go for the Eyes","Rebound+1","Turbo"],"picked":"Thunder Strike","floor":45},{"not_picked":["Cold Snap+1","Gash","Hologram","Ball Lightning"],"picked":"SKIP","floor":48}],"player_experience":1217571,"relics_obtained":[{"floor":7,"key":"Cables"},{"floor":9,"key":"Question Card"},{"floor":10,"key":"Dodecahedron"},{"floor":13,"key":"Strawberry"},{"floor":24,"key":"DataDisk"},{"floor":26,"key":"Omamori"},{"floor":31,"key":"Pear"},{"floor":41,"key":"Bottled Lightning"},{"floor":43,"key":"Centennial Puzzle"},{"floor":44,"key":"Smiling Mask"},{"floor":45,"key":"Calipers"}],"event_choices":[{"damage_healed":0,"gold_gain":0,"player_choice":"Forge","damage_taken":0,"max_hp_gain":0,"max_hp_loss":0,"event_name":"Accursed Blacksmith","floor":2,"gold_loss":0,"cards_upgraded":["Zap"]},{"damage_healed":0,"gold_gain":0,"cards_transformed":["Strike_B"],"player_choice":"Transformed","damage_taken":0,"max_hp_gain":0,"max_hp_loss":0,"event_name":"Transmorgrifier","floor":12,"gold_loss":0,"cards_obtained":["Aggregate"]},{"damage_healed":0,"gold_gain":0,"player_choice":"Became a Ghost","damage_taken":0,"max_hp_gain":0,"max_hp_loss":44,"event_name":"Ghosts","floor":21,"gold_loss":0,"cards_obtained":["Ghostly","Ghostly","Ghostly","Ghostly","Ghostly"]},{"cards_removed":["Aggregate"],"damage_healed":0,"gold_gain":0,"player_choice":"Gave Card","damage_taken":0,"relics_obtained":["Incense Burner"],"max_hp_gain":0,"max_hp_loss":0,"event_name":"WeMeetAgain","floor":30,"gold_loss":0},{"damage_healed":0,"gold_gain":0,"player_choice":"Fight","damage_taken":0,"max_hp_gain":0,"max_hp_loss":0,"event_name":"Mysterious Sphere","floor":45,"gold_loss":0}],"is_beta":true,"boss_relics":[{"not_picked":["Eternal Feather","Snecko Eye"],"picked":"Tiny House"},{"not_picked":["Busted Crown","Coffee Dripper"],"picked":"Inserter"}],"items_purged_floors":[4,36,47],"is_endless":false,"potions_floor_spawned":[1,8,10,11,16,20,22,28,39,41,44],"ascension_level":7}