{"gold_per_floor":[13,28,38,38,58,58,70,87,87,106,106,76,7,17,17,17],"floor_reached":16,"playtime":767,"items_purged":[],"score":120,"play_id":"c074a611-1ca7-43d5-bd62-68bb7900d5ba","local_time":"20180929183909","is_ascension_mode":true,"campfire_choices":[{"data":"Armaments","floor":6,"key":"SMITH"},{"data":"Barricade","floor":11,"key":"SMITH"},{"data":"Whirlwind","floor":15,"key":"SMITH"}],"neow_cost":"NO_GOLD","seed_source_timestamp":205832618529325,"circlet_count":0,"master_deck":["Strike_R","Strike_R","Strike_R","Strike_R","Strike_R","Defend_R","Defend_R","Defend_R","Defend_R","Bash","Flex","Armaments+1","Barricade+1","Flex","Fire Breathing","Demon Form","Twin Strike","Feel No Pain","Whirlwind+1"],"relics":["Burning Blood","Dead Branch","Dodecahedron"],"potions_floor_usage":[12,16,16],"damage_taken":[{"damage":1,"enemies":"Cultist","floor":1,"turns":4},{"damage":3,"enemies":"Jaw Worm","floor":2,"turns":5},{"damage":1,"enemies":"2 Louse","floor":3,"turns":2},{"damage":8,"enemies":"Red Slaver","floor":5,"turns":6},{"damage":12,"enemies":"Looter","floor":7,"turns":4},{"damage":17,"enemies":"3 Louse","floor":8,"turns":4},{"damage":12,"enemies":"2 Fungi Beasts","floor":10,"turns":4},{"damage":6,"enemies":"Looter","floor":12,"turns":4},{"damage":13,"enemies":"Large Slime","floor":14,"turns":5},{"damage":61,"enemies":"Slime Boss","floor":16,"turns":7}],"seed_played":"6610150716673717746","potions_obtained":[{"floor":2,"key":"GamblersBrew"},{"floor":7,"key":"PowerPotion"},{"floor":8,"key":"SteroidPotion"},{"floor":14,"key":"PowerPotion"}],"is_trial":false,"path_per_floor":["M","M","M","?","M","R","M","M","T","M","R","M","$","M","R"],"character_chosen":"IRONCLAD","items_purchased":["Feel No Pain"],"campfire_rested":0,"item_purchase_floors":[13],"current_hp_per_floor":[80,80,80,80,78,78,72,61,61,55,55,55,55,48,48,0],"gold":17,"neow_bonus":"ONE_RARE_RELIC","is_prod":false,"is_daily":false,"chose_seed":false,"campfire_upgraded":3,"win_rate":0,"timestamp":1538260749,"path_taken":["M","M","M","?","?","R","M","M","T","M","R","M","?","M","R","BOSS"],"build_version":"2018-09-27","purchased_purges":0,"victory":false,"max_hp_per_floor":[80,80,80,80,80,80,80,80,80,80,80,80,80,80,80,80],"card_choices":[{"not_picked":["True Grit","Shockwave"],"picked":"Flex","floor":1},{"not_picked":["Combust","Headbutt"],"picked":"Armaments","floor":2},{"not_picked":["Armaments","Bloodletting","Entrench"],"picked":"SKIP","floor":3},{"not_picked":["Havoc","True Grit"],"picked":"Flex","floor":5},{"not_picked":["Seeing Red","Pummel","Whirlwind"],"picked":"SKIP","floor":7},{"not_picked":["Clash","Warcry"],"picked":"Fire Breathing","floor":8},{"not_picked":["Feel No Pain","Sever Soul"],"picked":"Demon Form","floor":10},{"not_picked":["Headbutt","Wild Strike"],"picked":"Twin Strike","floor":12},{"not_picked":["Sword Boomerang","Intimidate"],"picked":"Whirlwind","floor":14}],"player_experience":1078877,"relics_obtained":[{"floor":9,"key":"Dodecahedron"}],"event_choices":[{"event_name":"Match and Keep!","player_choice":"1 cards matched","floor":4,"damage_taken":0}],"is_beta":false,"boss_relics":[],"items_purged_floors":[],"is_endless":false,"potions_floor_spawned":[2,7,8,14],"killed_by":"Slime Boss","ascension_level":5}