{"gold_per_floor":[210,53,63,138,149,149,149,149,227,246,246,3,39,62,62,153,153,178,194,194,194,212,212,212],"floor_reached":24,"playtime":789,"items_purged":["Strike_G"],"score":382,"play_id":"4c4e429e-9619-4638-bcc9-0fbe15a9aede","local_time":"20190509203110","is_ascension_mode":true,"campfire_choices":[{"data":"Noxious Fumes","floor":6,"key":"SMITH"},{"data":"Neutralize","floor":8,"key":"SMITH"},{"data":"Bane","floor":11,"key":"SMITH"},{"data":"Dodge and Roll","floor":15,"key":"SMITH"},{"data":"Corpse Explosion","floor":23,"key":"SMITH"}],"neow_cost":"NONE","seed_source_timestamp":1577729787695766,"circlet_count":0,"master_deck":["AscendersBane","Defend_G","Defend_G","Defend_G","Defend_G","Defend_G","Strike_G","Strike_G","Strike_G","Strike_G","Survivor","Neutralize+1","Noxious Fumes+1","Bane+1","Dodge and Roll+1","Bane","Well Laid Plans","Blur","PiercingWail","Corpse Explosion+1","Escape Plan","Blur"],"relics":["Ring of the Snake","Snake Skull","Golden Idol","Matryoshka","Dodecahedron","Coffee Dripper"],"potions_floor_usage":[16,16,24],"damage_taken":[{"damage":0,"enemies":"2 Louse","floor":1,"turns":3},{"damage":3,"enemies":"Jaw Worm","floor":3,"turns":5},{"damage":0,"enemies":"Cultist","floor":5,"turns":3},{"damage":1,"enemies":"Blue Slaver","floor":10,"turns":4},{"damage":14,"enemies":"Lagavulin","floor":13,"turns":5},{"damage":0,"enemies":"Looter","floor":14,"turns":4},{"damage":18,"enemies":"The Guardian","floor":16,"turns":11},{"damage":0,"enemies":"Spheric Guardian","floor":18,"turns":5},{"damage":27,"enemies":"3 Byrds","floor":19,"turns":5},{"damage":33,"enemies":"3 Cultists","floor":22,"turns":4},{"damage":21,"enemies":"Cultist and Chosen","floor":24,"turns":5}],"seed_played":"6361920073113147160","potions_obtained":[{"floor":3,"key":"Block Potion"},{"floor":13,"key":"Regen Potion"},{"floor":16,"key":"Regen Potion"},{"floor":19,"key":"LiquidBronze"}],"is_trial":false,"path_per_floor":["M","$","M","?","M","R","?","R","T","M","R","$","E","M","R","B",null,"M","M","?","?","M","R","M"],"character_chosen":"THE_SILENT","items_purchased":["Snake Skull","Well Laid Plans","Blur"],"campfire_rested":0,"item_purchase_floors":[2,12,12],"current_hp_per_floor":[59,59,56,45,45,45,45,45,45,44,44,44,30,30,30,27,52,52,25,25,37,4,4,0],"gold":212,"neow_bonus":"HUNDRED_GOLD","is_prod":false,"is_daily":false,"chose_seed":false,"campfire_upgraded":5,"win_rate":0,"timestamp":1557426670,"path_taken":["M","$","M","?","M","R","?","R","T","M","R","$","E","M","R","BOSS","M","M","?","?","M","R","?"],"build_version":"2019-05-07","purchased_purges":1,"victory":false,"max_hp_per_floor":[66,66,66,66,66,66,60,60,60,60,60,60,60,60,60,60,60,60,60,60,60,60,60,60],"card_choices":[{"not_picked":["Deflect","Blade Dance"],"picked":"Noxious Fumes","floor":1},{"not_picked":["Dash","Dodge and Roll"],"picked":"Bane","floor":3},{"not_picked":["Deflect","Flying Knee"],"picked":"Dodge and Roll","floor":5},{"not_picked":["Underhanded Strike","Outmaneuver"],"picked":"Bane","floor":10},{"not_picked":["Unload","Dagger Spray","Flechettes"],"picked":"SKIP","floor":13},{"not_picked":["Poisoned Stab","Sucker Punch"],"picked":"PiercingWail","floor":14},{"not_picked":["Unload","Storm of Steel"],"picked":"Corpse Explosion","floor":16},{"not_picked":["Outmaneuver","Calculated Gamble","Terror"],"picked":"SKIP","floor":18},{"not_picked":["Poisoned Stab","Deflect"],"picked":"Escape Plan","floor":19},{"not_picked":["Blade Dance","Slice"],"picked":"Blur","floor":22}],"player_experience":1681400,"relics_obtained":[{"floor":9,"key":"Matryoshka"},{"floor":13,"key":"Dodecahedron"}],"event_choices":[{"damage_healed":0,"gold_gain":75,"player_choice":"Gather Gold","damage_taken":11,"max_hp_gain":0,"max_hp_loss":0,"event_name":"World of Goop","floor":4,"gold_loss":0},{"damage_healed":0,"gold_gain":0,"player_choice":"Lose Max HP","damage_taken":0,"relics_obtained":["Golden Idol"],"max_hp_gain":0,"max_hp_loss":6,"event_name":"Golden Idol","floor":7,"gold_loss":0},{"damage_healed":0,"gold_gain":0,"player_choice":"Ignored","damage_taken":0,"max_hp_gain":0,"max_hp_loss":0,"event_name":"Ghosts","floor":20,"gold_loss":0},{"damage_healed":12,"gold_gain":0,"player_choice":"Heal","damage_taken":0,"max_hp_gain":0,"max_hp_loss":0,"event_name":"The Library","floor":21,"gold_loss":0}],"is_beta":true,"boss_relics":[{"not_picked":["WristBlade","Snecko Eye"],"picked":"Coffee Dripper"}],"items_purged_floors":[12],"is_endless":false,"potions_floor_spawned":[3,13,16,19],"killed_by":"Cultist and Chosen","ascension_level":19}