{"gold_per_floor":[109,126,145,158,168,168,202,202],"floor_reached":8,"playtime":342,"items_purged":[],"score":105,"play_id":"6b904f38-7bfd-4fe1-bd54-78fe602d298b","local_time":"20190430183616","is_ascension_mode":true,"campfire_choices":[{"floor":6,"key":"REST"}],"neow_cost":"NONE","seed_source_timestamp":793683721781623,"circlet_count":0,"master_deck":["AscendersBane","Strike_R","Strike_R","Strike_R","Strike_R","Strike_R","Defend_R","Defend_R","Defend_R","Defend_R","Bash","Inflame","Disarm","Headbutt","Inflame","Sword Boomerang","Clothesline","Berserk"],"relics":["Burning Blood","Charon\u0027s Ashes"],"potions_floor_usage":[4,5],"damage_taken":[{"damage":8,"enemies":"Small Slimes","floor":1,"turns":4},{"damage":12,"enemies":"Jaw Worm","floor":2,"turns":2},{"damage":8,"enemies":"Cultist","floor":3,"turns":4},{"damage":47,"enemies":"Gremlin Gang","floor":4,"turns":8},{"damage":6,"enemies":"Red Slaver","floor":5,"turns":3},{"damage":30,"enemies":"Gremlin Nob","floor":7,"turns":4},{"damage":16,"enemies":"Lots of Slimes","floor":8,"turns":1}],"seed_played":"1764641012692972287","potions_obtained":[{"floor":2,"key":"Energy Potion"},{"floor":3,"key":"Ancient Potion"},{"floor":7,"key":"SkillPotion"}],"is_trial":false,"path_per_floor":["M","M","M","M","M","R","E","M"],"character_chosen":"IRONCLAD","items_purchased":[],"campfire_rested":1,"item_purchase_floors":[],"current_hp_per_floor":[66,60,58,17,17,39,15,0],"gold":202,"neow_bonus":"THREE_CARDS","is_prod":false,"is_daily":false,"chose_seed":false,"campfire_upgraded":0,"win_rate":0,"timestamp":1556642176,"path_taken":["M","M","M","M","M","R","E","M"],"build_version":"2019-04-23","purchased_purges":0,"victory":false,"max_hp_per_floor":[75,75,75,75,75,75,75,75],"card_choices":[{"not_picked":["Burning Pact","Thunderclap"],"picked":"Inflame","floor":0},{"not_picked":["Armaments","Ghostly Armor"],"picked":"Disarm","floor":1},{"not_picked":["Thunderclap","Flex"],"picked":"Headbutt","floor":2},{"not_picked":["Clash","Second Wind"],"picked":"Inflame","floor":3},{"not_picked":["Combust","Clothesline"],"picked":"Sword Boomerang","floor":4},{"not_picked":["Pommel Strike","Seeing Red"],"picked":"Clothesline","floor":5},{"not_picked":["Rage","Headbutt"],"picked":"Berserk","floor":7}],"player_experience":1367473,"relics_obtained":[{"floor":7,"key":"Charon\u0027s Ashes"}],"event_choices":[],"is_beta":true,"boss_relics":[],"items_purged_floors":[],"is_endless":false,"potions_floor_spawned":[2,3,7],"killed_by":"Lots of Slimes","ascension_level":15}