{"gold_per_floor":[119,119,136,156,172,205,216,216],"floor_reached":8,"playtime":495,"items_purged":[],"score":63,"play_id":"125c8117-97c4-4aa8-82ba-6dbafb01305c","local_time":"20181103235902","is_ascension_mode":true,"campfire_choices":[],"neow_cost":"NONE","seed_source_timestamp":478848345502321,"circlet_count":0,"master_deck":["Strike_R","Strike_R","Strike_R","Strike_R","Strike_R","Defend_R","Defend_R","Defend_R","Defend_R","Bash","Cleave","Iron Wave","Thunderclap","Body Slam","Entrench","Juggernaut"],"relics":["Burning Blood","Boot","Ornamental Fan","Shovel"],"potions_floor_usage":[8],"damage_taken":[{"damage":5,"enemies":"Small Slimes","floor":1,"turns":4},{"damage":6,"enemies":"Cultist","floor":3,"turns":3},{"damage":7,"enemies":"2 Louse","floor":4,"turns":3},{"damage":18,"enemies":"Exordium Wildlife","floor":5,"turns":4},{"damage":41,"enemies":"Lagavulin","floor":6,"turns":8},{"damage":5,"enemies":"Looter","floor":7,"turns":4},{"damage":22,"enemies":"3 Sentries","floor":8,"turns":5}],"seed_played":"-3937925776096534654","potions_obtained":[{"floor":1,"key":"FearPotion"},{"floor":7,"key":"SpeedPotion"}],"is_trial":false,"path_per_floor":["M","?","M","M","M","E","M","E"],"character_chosen":"IRONCLAD","items_purchased":[],"campfire_rested":0,"item_purchase_floors":[],"current_hp_per_floor":[80,80,80,79,67,32,33,11],"gold":216,"neow_bonus":"RANDOM_COMMON_RELIC","is_prod":false,"is_daily":false,"chose_seed":false,"campfire_upgraded":0,"win_rate":0,"timestamp":1541285942,"path_taken":["M","?","M","M","M","E","?","E"],"build_version":"2018-11-02","purchased_purges":0,"victory":false,"max_hp_per_floor":[80,80,80,80,80,80,80,80],"card_choices":[{"not_picked":["Searing Blow","Body Slam"],"picked":"Cleave","floor":1},{"not_picked":["Second Wind","Wild Strike"],"picked":"Iron Wave","floor":3},{"not_picked":["Clash","Feel No Pain"],"picked":"Thunderclap","floor":4},{"not_picked":["Cleave","Rupture"],"picked":"Body Slam","floor":5},{"not_picked":["True Grit","Second Wind"],"picked":"Entrench","floor":6},{"not_picked":["Rupture","Iron Wave"],"picked":"Juggernaut","floor":7}],"player_experience":207850,"relics_obtained":[{"floor":6,"key":"Shovel"}],"event_choices":[{"damage_healed":0,"gold_gain":0,"player_choice":"Gave Potion","damage_taken":0,"relics_obtained":["Ornamental Fan"],"max_hp_gain":0,"max_hp_loss":0,"event_name":"WeMeetAgain","floor":2,"gold_loss":0}],"is_beta":true,"boss_relics":[],"items_purged_floors":[],"is_endless":false,"potions_floor_spawned":[1,7],"killed_by":"3 Sentries","ascension_level":1}