{"gold_per_floor":[119,119,119,129,204,238,256,289,289,305,324,324,342,342,342,441,441,461,471,483,501,282,282,295,295],"floor_reached":25,"playtime":1423,"items_purged":["Defend_B"],"score":351,"play_id":"9f3d6d10-aa23-4e64-93c8-f51b06e32221","local_time":"20190426180754","is_ascension_mode":true,"campfire_choices":[{"data":"Zap","floor":12,"key":"SMITH"},{"data":"Static Discharge","floor":15,"key":"SMITH"},{"data":"Fission","floor":23,"key":"SMITH"}],"neow_cost":"NONE","seed_source_timestamp":445300595920938,"circlet_count":0,"master_deck":["Strike_B+1","Strike_B+1","Defend_B","Defend_B","Zap+1","Dualcast","Doom and Gloom","Go for the Eyes","Compile Driver","Cold Snap","Coolheaded","Chill","Static Discharge+1","Fission+1","Coolheaded+1","Skim+1","Reprogram+1","Capacitor","Redo+1","Barrage"],"relics":["Cracked Core","NeowsBlessing","Meat on the Bone","StoneCalendar","Pen Nib","Turnip","Astrolabe","PreservedInsect"],"potions_floor_usage":[8,25,25],"damage_taken":[{"damage":0,"enemies":"Jaw Worm","floor":1,"turns":1},{"damage":0,"enemies":"2 Louse","floor":4,"turns":1},{"damage":0,"enemies":"Lagavulin","floor":6,"turns":1},{"damage":0,"enemies":"Small Slimes","floor":7,"turns":2},{"damage":12,"enemies":"Gremlin Nob","floor":8,"turns":3},{"damage":2,"enemies":"2 Fungi Beasts","floor":10,"turns":2},{"damage":5,"enemies":"Looter","floor":11,"turns":3},{"damage":14,"enemies":"Exordium Thugs","floor":13,"turns":3},{"damage":16,"enemies":"The Guardian","floor":16,"turns":9},{"damage":7,"enemies":"Chosen","floor":18,"turns":3},{"damage":20,"enemies":"2 Thieves","floor":19,"turns":4},{"damage":12,"enemies":"Centurion and Healer","floor":20,"turns":7},{"damage":19,"enemies":"3 Cultists","floor":21,"turns":4},{"damage":2,"enemies":"Snake Plant","floor":24,"turns":4},{"damage":45,"enemies":"Gremlin Leader","floor":25,"turns":4}],"seed_played":"2115568670174847471","potions_obtained":[{"floor":4,"key":"Weak Potion"},{"floor":10,"key":"GamblersBrew"},{"floor":11,"key":"Explosive Potion"},{"floor":19,"key":"EssenceOfSteel"},{"floor":20,"key":"SpeedPotion"}],"is_trial":false,"path_per_floor":["M","?","?","M","?","E","M","E","T","M","M","R","M","?","R","B",null,"M","M","M","M","$","R","M","E"],"character_chosen":"DEFECT","items_purchased":["PreservedInsect"],"campfire_rested":0,"item_purchase_floors":[22],"current_hp_per_floor":[68,50,35,47,36,48,48,48,48,46,41,41,39,39,39,35,65,58,38,38,31,31,31,41,0],"gold":295,"neow_bonus":"THREE_ENEMY_KILL","is_prod":false,"is_daily":false,"chose_seed":false,"campfire_upgraded":3,"win_rate":0,"timestamp":1556294874,"path_taken":["M","?","?","M","?","E","M","E","T","M","M","R","M","?","R","BOSS","M","M","M","M","$","R","M","E"],"build_version":"2019-04-23","purchased_purges":1,"victory":false,"max_hp_per_floor":[75,75,75,75,75,75,75,75,75,75,75,75,75,75,75,75,75,75,75,75,75,75,75,75,75],"card_choices":[{"not_picked":["Sweeping Beam","Leap"],"picked":"Doom and Gloom","floor":1},{"not_picked":["Redo","Reinforced Body"],"picked":"Go for the Eyes","floor":4},{"not_picked":["Reinforced Body","Steam"],"picked":"Compile Driver","floor":6},{"not_picked":["Storm","Sweeping Beam"],"picked":"Cold Snap","floor":7},{"not_picked":["Melter","Compile Driver"],"picked":"Coolheaded","floor":8},{"not_picked":["Sweeping Beam","Hologram"],"picked":"Chill","floor":10},{"not_picked":["Compile Driver","Meteor Strike"],"picked":"Static Discharge","floor":11},{"not_picked":["Steam Power","Leap","Scrape"],"picked":"SKIP","floor":13},{"not_picked":["Machine Learning","Creative AI"],"picked":"Fission","floor":16},{"not_picked":["Sunder+1","Tempest","Stack"],"picked":"SKIP","floor":18},{"not_picked":["Scrape","Stack+1"],"picked":"Capacitor","floor":19},{"not_picked":["Go for the Eyes","Conserve Battery"],"picked":"Redo+1","floor":20},{"not_picked":["Chill","Beam Cell","Streamline"],"picked":"SKIP","floor":21},{"not_picked":["Redo+1","Rebound"],"picked":"Barrage","floor":24}],"player_experience":1248294,"relics_obtained":[{"floor":6,"key":"StoneCalendar"},{"floor":8,"key":"Pen Nib"},{"floor":9,"key":"Turnip"}],"event_choices":[{"damage_healed":0,"gold_gain":0,"player_choice":"Success","damage_taken":18,"relics_obtained":["Meat on the Bone"],"max_hp_gain":0,"max_hp_loss":0,"event_name":"Scrap Ooze","floor":2,"gold_loss":0},{"damage_healed":0,"gold_gain":0,"player_choice":"Entered Light","damage_taken":15,"max_hp_gain":0,"max_hp_loss":0,"event_name":"Shining Light","floor":3,"gold_loss":0,"cards_upgraded":["Strike_B","Strike_B"]},{"damage_healed":0,"gold_gain":75,"player_choice":"Gather Gold","damage_taken":11,"max_hp_gain":0,"max_hp_loss":0,"event_name":"World of Goop","floor":5,"gold_loss":0},{"damage_healed":0,"gold_gain":0,"player_choice":"Ignored","damage_taken":0,"max_hp_gain":0,"max_hp_loss":0,"event_name":"Liars Game","floor":14,"gold_loss":0}],"is_beta":true,"boss_relics":[{"not_picked":["Tiny House","Cursed Key"],"picked":"Astrolabe"}],"items_purged_floors":[22],"is_endless":false,"potions_floor_spawned":[4,10,11,19,20],"killed_by":"Gremlin Leader","ascension_level":9}