{"gold_per_floor":[132,187,246,277,349,349,349,426,473,473,501,501,533,593,593,710,710,710,710,710,410,410,410,410,265,265,265,265,265,265,265,265,265,265,265,265,265,265,265,265,28,28,28,28,28,28,28,28,28,28],"floor_reached":51,"playtime":4877,"items_purged":[],"score":1152,"play_id":"f238e0ad-2c8a-4173-91e6-9873dbe7dd60","local_time":"20190519210357","is_ascension_mode":true,"campfire_choices":[{"floor":6.0,"key":"REST"},{"floor":10.0,"key":"REST"},{"data":"Neutralize","floor":12.0,"key":"SMITH"},{"floor":15.0,"key":"REST"},{"floor":24.0,"key":"REST"},{"floor":28.0,"key":"REST"},{"floor":32.0,"key":"REST"},{"floor":40.0,"key":"REST"},{"floor":49.0,"key":"REST"}],"neow_cost":"PERCENT_DAMAGE","seed_source_timestamp":210725226619800,"circlet_count":0,"master_deck":["AscendersBane","Defend_G","Defend_G","Defend_G","Defend_G","Defend_G","Strike_G","Strike_G","Strike_G","Strike_G","Strike_G","Survivor","Neutralize+1","Panache","HandOfGreed","Backflip","Deflect","Leg Sweep","Deadly Poison","Blur","Poisoned Stab","Leg Sweep","Cloak And Dagger","Die Die Die","Adrenaline","Acrobatics","PiercingWail","Cloak And Dagger","Caltrops","Phantasmal Killer","Bane","Glass Knife","Normality","Leg Sweep+1","Dodge and Roll","Neutralize","Footwork","Parasite"],"special_seed":0,"relics":["Ring of the Snake","Orichalcum","Vajra","Ectoplasm","Red Mask","Happy Flower","Omamori","Kunai","Oddly Smooth Stone","Pen Nib","Ninja Scroll","Calling Bell","Art of War","StoneCalendar","The Courier","Incense Burner","Nunchaku","Anchor"],"potions_floor_usage":[50],"damage_taken":[{"damage":1.0,"enemies":"Cultist","floor":1.0,"turns":5.0},{"damage":1.0,"enemies":"2 Louse","floor":2.0,"turns":5.0},{"damage":0.0,"enemies":"Small Slimes","floor":3.0,"turns":5.0},{"damage":1.0,"enemies":"Blue Slaver","floor":4.0,"turns":5.0},{"damage":24.0,"enemies":"Gremlin Gang","floor":5.0,"turns":9.0},{"damage":12.0,"enemies":"Lots of Slimes","floor":8.0,"turns":9.0},{"damage":27.0,"enemies":"Gremlin Nob","floor":11.0,"turns":6.0},{"damage":7.0,"enemies":"Large Slime","floor":13.0,"turns":8.0},{"damage":0.0,"enemies":"Exordium Wildlife","floor":14.0,"turns":6.0},{"damage":24.0,"enemies":"Slime Boss","floor":16.0,"turns":18.0},{"damage":7.0,"enemies":"Chosen","floor":18.0,"turns":6.0},{"damage":1.0,"enemies":"Masked Bandits","floor":20.0,"turns":7.0},{"damage":5.0,"enemies":"Shell Parasite","floor":22.0,"turns":5.0},{"damage":4.0,"enemies":"Slavers","floor":23.0,"turns":4.0},{"damage":23.0,"enemies":"Gremlin Leader","floor":27.0,"turns":13.0},{"damage":12.0,"enemies":"Sentry and Sphere","floor":29.0,"turns":7.0},{"damage":0.0,"enemies":"Centurion and Healer","floor":30.0,"turns":7.0},{"damage":23.0,"enemies":"Slavers","floor":31.0,"turns":6.0},{"damage":31.0,"enemies":"Collector","floor":33.0,"turns":12.0},{"damage":9.0,"enemies":"3 Darklings","floor":35.0,"turns":7.0},{"damage":0.0,"enemies":"3 Shapes","floor":36.0,"turns":3.0},{"damage":10.0,"enemies":"2 Orb Walkers","floor":37.0,"turns":7.0},{"damage":3.0,"enemies":"3 Darklings","floor":39.0,"turns":7.0},{"damage":0.0,"enemies":"Writhing Mass","floor":42.0,"turns":10.0},{"damage":4.0,"enemies":"Spire Growth","floor":44.0,"turns":7.0},{"damage":3.0,"enemies":"3 Darklings","floor":47.0,"turns":5.0},{"damage":1.0,"enemies":"Maw","floor":48.0,"turns":9.0},{"damage":50,"enemies":"Time Eater","floor":50,"turns":15}],"seed_played":"50960027257441507","potions_obtained":[{"floor":2.0,"key":"Dexterity Potion"},{"floor":4.0,"key":"Ancient Potion"},{"floor":11.0,"key":"SkillPotion"},{"floor":13.0,"key":"Dexterity Potion"},{"floor":18.0,"key":"SpeedPotion"},{"floor":20.0,"key":"Explosive Potion"},{"floor":23.0,"key":"PowerPotion"},{"floor":30.0,"key":"Energy Potion"},{"floor":36.0,"key":"LiquidBronze"},{"floor":39.0,"key":"GhostInAJar"}],"is_trial":false,"path_per_floor":["M","M","M","M","M","R","?","M","T","R","E","R","M","M","R","B",null,"M","?","?","$","M","E","R","$","T","E","R","M","M","E","R","B",null,"M","M","?","?","M","R","$","M","T","M","$","$","M","M","R","B",null],"character_chosen":"THE_SILENT","items_purchased":["Happy Flower","Omamori","Oddly Smooth Stone","Nunchaku"],"campfire_rested":8,"item_purchase_floors":[21,21,25,41],"current_hp_per_floor":[43,42,42,41,17,36,36,24,24,43,16,16,9,9,28,4,51,44,44,43,43,38,34,53,53,53,30,49,37,37,14,33,2,50,41,41,31,31,28,47,47,47,47,43,43,43,40,39,58,8],"gold":28,"neow_bonus":"RANDOM_COLORLESS_2","is_prod":false,"is_daily":false,"chose_seed":false,"campfire_upgraded":1,"win_rate":0,"timestamp":1558292637,"path_taken":["M","M","?","M","M","R","?","M","T","R","E","R","?","M","R","BOSS","M","?","?","$","M","E","R","$","T","E","R","M","M","E","R","BOSS","M","M","?","?","?","R","$","M","T","M","?","$","M","M","R","BOSS"],"build_version":"2019-01-23","purchased_purges":0,"victory":true,"max_hp_per_floor":[66,66,66,66,66,66,66,66,66,66,66,66,66,66,66,66,66,66,66,66,66,66,66,66,66,66,66,66,66,66,66,66,66,66,66,66,66,66,66,66,66,66,66,66,66,66,66,66,66,66],"card_choices":[{"not_picked":["Quick Slash","Prepared"],"picked":"Backflip","floor":1.0},{"not_picked":["Concentrate","Distraction"],"picked":"Deflect","floor":2.0},{"not_picked":["Sucker Punch","Finisher"],"picked":"Leg Sweep","floor":3.0},{"not_picked":["Prepared","Flying Knee"],"picked":"Deadly Poison","floor":4.0},{"not_picked":["Endless Agony","Choke"],"picked":"Blur","floor":5.0},{"not_picked":["Riddle With Holes","Prepared"],"picked":"Poisoned Stab","floor":8.0},{"not_picked":["Backflip","Slice"],"picked":"Leg Sweep","floor":11.0},{"not_picked":["Predator","Dodge and Roll"],"picked":"Cloak And Dagger","floor":13.0},{"not_picked":["Dodge and Roll","Riddle With Holes"],"picked":"Die Die Die","floor":14.0},{"not_picked":["Night Terror","Bullet Time"],"picked":"Adrenaline","floor":16.0},{"not_picked":["Flying Knee+1","Underhanded Strike"],"picked":"Acrobatics","floor":18.0},{"not_picked":["Sucker Punch+1","Bouncing Flask"],"picked":"PiercingWail","floor":22.0},{"not_picked":["Underhanded Strike","Flying Knee"],"picked":"Cloak And Dagger","floor":23.0},{"not_picked":["Poisoned Stab","Bane"],"picked":"Caltrops","floor":27.0},{"not_picked":["Poisoned Stab","Acrobatics+1"],"picked":"Phantasmal Killer","floor":29.0},{"not_picked":["Distraction","Acrobatics"],"picked":"Bane","floor":30.0},{"not_picked":["Choke","Acrobatics","PiercingWail+1"],"picked":"SKIP","floor":31.0},{"not_picked":["Grand Finale","Storm of Steel"],"picked":"Glass Knife","floor":33.0},{"not_picked":["Infinite Blades+1","Slice"],"picked":"Leg Sweep+1","floor":35.0},{"not_picked":["Outmaneuver","Finisher"],"picked":"Dodge and Roll","floor":36.0},{"not_picked":["Infinite Blades","Slice","Concentrate+1"],"picked":"SKIP","floor":39.0},{"not_picked":["PiercingWail+1","Concentrate+1","Quick Slash"],"picked":"SKIP","floor":42.0},{"not_picked":["Prepared","Riddle With Holes","Slice"],"picked":"SKIP","floor":44.0},{"not_picked":["Bullet Time","Noxious Fumes","Blade Dance"],"picked":"SKIP","floor":47.0},{"not_picked":["Quick Slash","Acrobatics","PiercingWail"],"picked":"SKIP","floor":48.0}],"player_experience":777211,"relics_obtained":[{"floor":9.0,"key":"Orichalcum"},{"floor":11.0,"key":"Vajra"},{"floor":20.0,"key":"Red Mask"},{"floor":23.0,"key":"Kunai"},{"floor":27.0,"key":"Pen Nib"},{"floor":31.0,"key":"Ninja Scroll"},{"floor":34.0,"key":"Art of War"},{"floor":34.0,"key":"StoneCalendar"},{"floor":34.0,"key":"The Courier"},{"floor":37.0,"key":"Incense Burner"},{"floor":43.0,"key":"Anchor"}],"event_choices":[{"damage_healed":0.0,"max_hp_gain":0.0,"max_hp_loss":0.0,"gold_gain":0.0,"event_name":"FaceTrader","player_choice":"Leave","floor":7.0,"gold_loss":0.0,"damage_taken":0.0},{"damage_healed":0.0,"max_hp_gain":0.0,"max_hp_loss":0.0,"gold_gain":0.0,"event_name":"Beggar","player_choice":"Ignored","floor":19.0,"gold_loss":0.0,"damage_taken":0.0},{"damage_healed":0.0,"max_hp_gain":0.0,"max_hp_loss":0.0,"gold_gain":0.0,"event_name":"Masked Bandits","player_choice":"Fought Bandits","floor":20.0,"gold_loss":0.0,"damage_taken":0.0},{"damage_healed":0.0,"max_hp_gain":0.0,"max_hp_loss":0.0,"gold_gain":0.0,"event_name":"Mysterious Sphere","player_choice":"Fight","floor":37.0,"gold_loss":0.0,"damage_taken":0.0},{"damage_healed":0.0,"max_hp_gain":0.0,"max_hp_loss":0.0,"gold_gain":0.0,"event_name":"Match and Keep!","player_choice":"2 cards matched","floor":38.0,"gold_loss":0.0,"damage_taken":0.0,"cards_obtained":["Neutralize","Footwork"]}],"is_beta":false,"boss_relics":[{"not_picked":["Runic Dome","Coffee Dripper"],"picked":"Ectoplasm"},{"not_picked":["Black Star","Snecko Eye"],"picked":"Calling Bell"}],"items_purged_floors":[],"is_endless":false,"potions_floor_spawned":[2,4,11,13,14,18,20,23,30,36,39,42,44],"ascension_level":14}