{"gold_per_floor":[113,130,130,130,3,29,29,59,111,139,159,178,192,192,192,192],"floor_reached":16,"playtime":390,"items_purged":["Strike_B"],"score":283,"play_id":"8489ed0f-fdd3-4ca6-982d-9e8d070def2b","local_time":"20190511102810","is_ascension_mode":true,"campfire_choices":[{"data":"Stack","floor":7,"key":"SMITH"},{"floor":15,"key":"REST"}],"neow_cost":"NONE","seed_source_timestamp":1714750329441176,"circlet_count":0,"master_deck":["AscendersBane","Strike_B","Strike_B","Strike_B","Defend_B","Defend_B","Defend_B","Defend_B","Zap","Dualcast","Steam","Compile Driver","Stack+1","Ball Lightning","Double Energy","Seek","Sunder","Stack","BootSequence"],"relics":["Cracked Core","NeowsBlessing","Happy Flower","Pantograph","Orichalcum","Vajra","Pear"],"potions_floor_usage":[8,16],"damage_taken":[{"damage":0,"enemies":"Jaw Worm","floor":1,"turns":1},{"damage":0,"enemies":"2 Louse","floor":2,"turns":1},{"damage":0,"enemies":"Gremlin Nob","floor":6,"turns":1},{"damage":14,"enemies":"3 Sentries","floor":8,"turns":5},{"damage":40,"enemies":"Lagavulin","floor":10,"turns":7},{"damage":2,"enemies":"Small Slimes","floor":11,"turns":3},{"damage":2,"enemies":"Blue Slaver","floor":12,"turns":2},{"damage":0,"enemies":"2 Fungi Beasts","floor":13,"turns":2},{"damage":68,"enemies":"Hexaghost","floor":16,"turns":9}],"seed_played":"-4969563934100022426","potions_obtained":[{"floor":2,"key":"Explosive Potion"},{"floor":6,"key":"SmokeBomb"},{"floor":13,"key":"FocusPotion"}],"is_trial":false,"path_per_floor":["M","M","?","?","$","E","R","E","T","E","M","M","M","?","R","B"],"character_chosen":"DEFECT","items_purchased":["Stack"],"campfire_rested":1,"item_purchase_floors":[5],"current_hp_per_floor":[64,64,69,64,64,64,64,50,50,20,18,16,16,16,41,0],"gold":192,"neow_bonus":"THREE_ENEMY_KILL","is_prod":false,"is_daily":false,"chose_seed":false,"campfire_upgraded":1,"win_rate":0,"timestamp":1557563290,"path_taken":["M","M","?","?","$","E","R","E","T","E","?","M","M","?","R","BOSS"],"build_version":"2019-05-07","purchased_purges":1,"victory":false,"max_hp_per_floor":[71,71,76,76,76,76,76,76,76,86,86,86,86,86,86,86],"card_choices":[{"not_picked":["Turbo","Steam Power"],"picked":"Steam","floor":1},{"not_picked":["Hologram","Steam"],"picked":"Compile Driver","floor":2},{"not_picked":["Aggregate","Force Field"],"picked":"Ball Lightning","floor":6},{"not_picked":["Barrage","Streamline"],"picked":"Double Energy","floor":8},{"not_picked":["Scrape","Rebound"],"picked":"Seek","floor":10},{"not_picked":["Aggregate","Beam Cell"],"picked":"Sunder","floor":11},{"not_picked":["Storm","Melter"],"picked":"Stack","floor":12},{"not_picked":["Sweeping Beam","Coolheaded"],"picked":"BootSequence","floor":13}],"player_experience":1772708,"relics_obtained":[{"floor":6,"key":"Pantograph"},{"floor":8,"key":"Orichalcum"},{"floor":9,"key":"Vajra"},{"floor":10,"key":"Pear"}],"event_choices":[{"damage_healed":0,"gold_gain":0,"player_choice":"Donut","damage_taken":0,"max_hp_gain":5,"max_hp_loss":0,"event_name":"Big Fish","floor":3,"gold_loss":0},{"damage_healed":0,"gold_gain":0,"player_choice":"Success","damage_taken":5,"relics_obtained":["Happy Flower"],"max_hp_gain":0,"max_hp_loss":0,"event_name":"Scrap Ooze","floor":4,"gold_loss":0},{"damage_healed":0,"gold_gain":0,"player_choice":"Ignored","damage_taken":0,"max_hp_gain":0,"max_hp_loss":0,"event_name":"Shining Light","floor":14,"gold_loss":0}],"is_beta":true,"boss_relics":[],"items_purged_floors":[5],"is_endless":false,"potions_floor_spawned":[2,6,13],"killed_by":"Hexaghost","ascension_level":19}