{"gold_per_floor":[20,20,20,20,39,72,84,84,165,165,124,142,142,67,67,163,163,183,183,194,89,101,101,101],"floor_reached":24,"playtime":667,"items_purged":["Regret"],"score":277,"play_id":"1ace92d4-fc72-4114-a90c-540f323e85d1","local_time":"20181029215828","is_ascension_mode":true,"campfire_choices":[{"floor":8,"key":"REST"},{"data":"Dualcast","floor":10,"key":"SMITH"},{"data":"Loop","floor":13,"key":"SMITH"},{"floor":15,"key":"REST"},{"floor":23,"key":"REST"}],"neow_cost":"NO_GOLD","seed_source_timestamp":624723549741500,"circlet_count":0,"master_deck":["Defend_B","Defend_B","Defend_B","Defend_B","Zap+1","Dualcast+1","Madness","Blind","Static Discharge","Ball Lightning","Loop+1","Cold Snap","Defragment","Chaos","Creative AI","Rebound","Bite","Bite","Bite","Bite","Bite","Barrage+1","Melter","Storm","Darkness"],"relics":["Cracked Core","Boot","Happy Flower","Tiny Chest","White Beast Statue"],"potions_floor_usage":[24,24],"damage_taken":[{"damage":0,"enemies":"Jaw Worm","floor":1,"turns":3},{"damage":17,"enemies":"Small Slimes","floor":5,"turns":3},{"damage":37,"enemies":"Gremlin Nob","floor":6,"turns":4},{"damage":1,"enemies":"2 Louse","floor":7,"turns":2},{"damage":7,"enemies":"2 Fungi Beasts","floor":12,"turns":2},{"damage":24,"enemies":"Hexaghost","floor":16,"turns":7},{"damage":15,"enemies":"Shell Parasite","floor":18,"turns":6},{"damage":22,"enemies":"Spheric Guardian","floor":20,"turns":4},{"damage":27,"enemies":"Snecko","floor":22,"turns":4},{"damage":31,"enemies":"Gremlin Leader","floor":24,"turns":5}],"seed_played":"-1974433247219975027","potions_obtained":[{"floor":1,"key":"EssenceOfSteel"},{"floor":5,"key":"Weak Potion"},{"floor":7,"key":"Energy Potion"},{"floor":18,"key":"Explosive Potion"}],"is_trial":false,"path_per_floor":["M","?","?","?","M","E","M","R","T","R","$","M","R","$","R","B",null,"M","?","M","$","M","R"],"character_chosen":"DEFECT","items_purchased":["Defragment","Melter","Storm"],"campfire_rested":3,"item_purchase_floors":[11,21,21],"current_hp_per_floor":[68,68,68,68,51,14,13,35,35,35,35,28,28,28,50,26,63,48,48,30,30,7,22,0],"gold":101,"neow_bonus":"RANDOM_COLORLESS_2","is_prod":false,"is_daily":false,"chose_seed":false,"campfire_upgraded":2,"win_rate":0,"timestamp":1540864708,"path_taken":["M","?","?","?","?","E","M","R","T","R","$","M","R","?","R","BOSS","M","?","M","$","?","R","E"],"build_version":"2018-10-25v2","purchased_purges":1,"victory":false,"max_hp_per_floor":[75,75,75,75,75,75,75,75,75,75,75,75,75,75,75,75,75,75,52,52,52,52,52,52],"card_choices":[{"not_picked":["Compile Driver","Consume"],"picked":"Static Discharge","floor":1},{"not_picked":["Rebound","Redo"],"picked":"Ball Lightning","floor":5},{"not_picked":["Chill","Compile Driver"],"picked":"Loop","floor":6},{"not_picked":["Force Field","Turbo"],"picked":"Cold Snap","floor":7},{"not_picked":["Cold Snap","Stack"],"picked":"Chaos","floor":12},{"not_picked":["Fission","All For One"],"picked":"Creative AI","floor":16},{"not_picked":["Recycle","Streamline"],"picked":"Rebound","floor":18},{"not_picked":["Recycle","Double Energy"],"picked":"Barrage+1","floor":20},{"not_picked":["Leap","Compile Driver"],"picked":"Darkness","floor":22}],"player_experience":1513676,"relics_obtained":[{"floor":6,"key":"Happy Flower"},{"floor":9,"key":"Tiny Chest"}],"event_choices":[{"damage_healed":0,"gold_gain":0,"player_choice":"Leave","damage_taken":0,"max_hp_gain":0,"max_hp_loss":0,"event_name":"The Cleric","floor":2,"gold_loss":0},{"damage_healed":0,"gold_gain":0,"player_choice":"Box","damage_taken":0,"relics_obtained":["Boot"],"max_hp_gain":0,"max_hp_loss":0,"event_name":"Big Fish","floor":3,"gold_loss":0,"cards_obtained":["Regret"]},{"damage_healed":0,"gold_gain":0,"player_choice":"Upgraded","damage_taken":0,"max_hp_gain":0,"max_hp_loss":0,"event_name":"Upgrade Shrine","floor":4,"gold_loss":0,"cards_upgraded":["Zap"]},{"damage_healed":0,"gold_gain":0,"player_choice":"Became a vampire","damage_taken":0,"max_hp_gain":0,"max_hp_loss":23,"event_name":"Vampires","floor":19,"gold_loss":0,"cards_obtained":["Bite","Bite","Bite","Bite","Bite"]}],"is_beta":false,"boss_relics":[{"not_picked":["Snecko Eye","Velvet Choker"],"picked":"White Beast Statue"}],"items_purged_floors":[14],"is_endless":false,"potions_floor_spawned":[1,5,7,12,18,20,22],"killed_by":"Gremlin Leader","ascension_level":6}