{"gold_per_floor":[115,127,202,202,4,4,22,39,64,90,6,6,6,25,25,99,99,113,127,52,52,52],"floor_reached":22,"playtime":794,"items_purged":["Decay"],"score":322,"play_id":"cdf15314-76f9-45e3-865a-2c6a4cf08c7d","local_time":"20190121145514","is_ascension_mode":true,"campfire_choices":[{"data":"Cleave","floor":6,"key":"SMITH"},{"floor":12,"key":"REST"},{"data":"Bash","floor":15,"key":"SMITH"}],"neow_cost":"PERCENT_DAMAGE","seed_source_timestamp":34113896446100,"circlet_count":0,"master_deck":["AscendersBane","Strike_R","Strike_R","Strike_R","Strike_R","Strike_R","Defend_R","Defend_R","Defend_R","Defend_R","Bash+1","Cleave+1","Shrug It Off","Heavy Blade","Pommel Strike","Thunderclap","Bandage Up","Shrug It Off","Double Tap","Writhe","Clumsy","Flex","Cleave+1","Shame"],"relics":["Burning Blood","Ginger","Medical Kit","Ancient Tea Set","Potion Belt","Calling Bell","Anchor","Self Forming Clay","WingedGreaves","Oddly Smooth Stone"],"potions_floor_usage":[2,8,10,16,16,18,19],"damage_taken":[{"damage":1,"enemies":"Cultist","floor":1,"turns":3},{"damage":0,"enemies":"Small Slimes","floor":2,"turns":3},{"damage":2,"enemies":"2 Louse","floor":7,"turns":3},{"damage":13,"enemies":"Lots of Slimes","floor":8,"turns":3},{"damage":27,"enemies":"Lagavulin","floor":10,"turns":6},{"damage":8,"enemies":"Blue Slaver","floor":14,"turns":2},{"damage":29,"enemies":"The Guardian","floor":16,"turns":8},{"damage":21,"enemies":"Chosen","floor":18,"turns":5},{"damage":31,"enemies":"3 Byrds","floor":19,"turns":6},{"damage":40,"enemies":"Cultist and Chosen","floor":22,"turns":5}],"seed_played":"-465209564319096760","potions_obtained":[{"floor":1,"key":"EntropicBrew"},{"floor":8,"key":"Fire Potion"},{"floor":10,"key":"AttackPotion"},{"floor":13,"key":"Strength Potion"},{"floor":13,"key":"Explosive Potion"},{"floor":19,"key":"LiquidBronze"}],"is_trial":false,"path_per_floor":["M","M","?","?","$","R","M","M","T","E","$","R","?","M","R","B",null,"M","M","$","?","M"],"character_chosen":"IRONCLAD","items_purchased":["Medical Kit","Bandage Up"],"campfire_rested":1,"item_purchase_floors":[5,11],"current_hp_per_floor":[55,61,50,50,50,50,54,47,47,26,26,48,48,46,46,27,63,52,31,31,31,0],"gold":52,"neow_bonus":"ONE_RARE_RELIC","is_prod":false,"is_daily":false,"chose_seed":false,"campfire_upgraded":2,"win_rate":0,"timestamp":1548100514,"path_taken":["M","?","?","?","$","R","?","M","T","E","$","R","?","M","R","BOSS","M","M","?","?","M"],"build_version":"2019-01-17v2","purchased_purges":1,"victory":false,"max_hp_per_floor":[75,75,75,75,75,75,75,75,75,75,75,75,75,75,75,75,75,75,75,75,75,75],"card_choices":[{"not_picked":["Reckless Charge","Twin Strike"],"picked":"Cleave","floor":1},{"not_picked":["Pommel Strike","Heavy Blade"],"picked":"Shrug It Off","floor":2},{"not_picked":["Havoc","Reckless Charge"],"picked":"Heavy Blade","floor":7},{"not_picked":["Blood for Blood","Wild Strike"],"picked":"Pommel Strike","floor":8},{"not_picked":["Immolate","Uppercut"],"picked":"Thunderclap","floor":10},{"not_picked":["Body Slam","Reckless Charge"],"picked":"Shrug It Off","floor":14},{"not_picked":["Bludgeon","Fiend Fire"],"picked":"Double Tap","floor":16},{"not_picked":["Pummel","Havoc"],"picked":"Flex","floor":18},{"not_picked":["Clash","Headbutt"],"picked":"Cleave+1","floor":19}],"player_experience":1828691,"relics_obtained":[{"floor":9,"key":"Ancient Tea Set"},{"floor":10,"key":"Potion Belt"},{"floor":17,"key":"Anchor"},{"floor":17,"key":"Self Forming Clay"},{"floor":17,"key":"WingedGreaves"}],"event_choices":[{"damage_healed":0,"gold_gain":75,"player_choice":"Gather Gold","damage_taken":11,"max_hp_gain":0,"max_hp_loss":0,"event_name":"World of Goop","floor":3,"gold_loss":0},{"damage_healed":0,"gold_gain":0,"player_choice":"0 cards matched","damage_taken":0,"max_hp_gain":0,"max_hp_loss":0,"event_name":"Match and Keep!","floor":4,"gold_loss":0,"cards_obtained":[]},{"damage_healed":0,"gold_gain":0,"player_choice":"Got Potions","damage_taken":0,"max_hp_gain":0,"max_hp_loss":0,"event_name":"Lab","floor":13,"gold_loss":0},{"damage_healed":0,"gold_gain":0,"player_choice":"Stole Relic","damage_taken":0,"relics_obtained":["Oddly Smooth Stone"],"max_hp_gain":0,"max_hp_loss":0,"event_name":"Addict","floor":21,"gold_loss":0,"cards_obtained":["Shame"]}],"is_beta":false,"boss_relics":[{"not_picked":["Orrery","Philosopher\u0027s Stone"],"picked":"Calling Bell"}],"items_purged_floors":[20],"is_endless":false,"potions_floor_spawned":[1,8,10,19],"killed_by":"Cultist and Chosen","ascension_level":15}