{"gold_per_floor":[119,68,68,143,159,159,124,124,124,124,49,85,98,121,121,217,217,230,248,163,52,66,66,87,87,87,87,37,37,55,69,69,69],"floor_reached":33,"playtime":1730,"items_purged":["Strike_R"],"score":478,"play_id":"c7e02d37-d1c2-4ed2-a02f-d0ec1c2bd373","local_time":"20190510214723","is_ascension_mode":true,"campfire_choices":[{"data":"Uppercut","floor":6,"key":"SMITH"},{"data":"Armaments","floor":8,"key":"SMITH"},{"data":"Bash","floor":10,"key":"SMITH"},{"floor":15,"key":"REST"},{"data":"Armaments","floor":23,"key":"SMITH"},{"data":"Shrug It Off","floor":25,"key":"SMITH"},{"data":"Shockwave","floor":27,"key":"SMITH"},{"floor":29,"key":"REST"},{"floor":32,"key":"REST"}],"neow_cost":"NONE","seed_source_timestamp":1667763114550841,"circlet_count":0,"master_deck":["AscendersBane","Strike_R","Strike_R","Strike_R","Defend_R","Defend_R","Defend_R","Defend_R","Bash+1","Flame Barrier","Armaments+1","Sword Boomerang","Uppercut+1","Armaments+1","Pommel Strike+1","Shockwave+1","Feed","Metallicize","Ghostly Armor","Iron Wave","Shrug It Off+1","Iron Wave","Impervious","Headbutt","Clothesline"],"relics":["Black Blood","Golden Idol","Mercury Hourglass","Bottled Lightning","Blue Candle","Matryoshka"],"potions_floor_usage":[22,22,24,31],"damage_taken":[{"damage":1,"enemies":"Cultist","floor":1,"turns":5},{"damage":10,"enemies":"Small Slimes","floor":5,"turns":4},{"damage":40,"enemies":"3 Sentries","floor":12,"turns":8},{"damage":0,"enemies":"Jaw Worm","floor":13,"turns":3},{"damage":4,"enemies":"Large Slime","floor":14,"turns":6},{"damage":22,"enemies":"The Guardian","floor":16,"turns":16},{"damage":26,"enemies":"Chosen","floor":18,"turns":6},{"damage":33,"enemies":"Spheric Guardian","floor":19,"turns":9},{"damage":21,"enemies":"Centurion and Healer","floor":22,"turns":14},{"damage":39,"enemies":"Snecko","floor":24,"turns":8},{"damage":40,"enemies":"Chosen and Byrds","floor":30,"turns":9},{"damage":35,"enemies":"Sentry and Sphere","floor":31,"turns":9},{"damage":71,"enemies":"Automaton","floor":33,"turns":6}],"seed_played":"609976929761009149","potions_obtained":[{"floor":12,"key":"Regen Potion"},{"floor":16,"key":"Regen Potion"},{"floor":22,"key":"AttackPotion"},{"floor":30,"key":"GamblersBrew"}],"is_trial":false,"path_per_floor":["M","$","?","?","M","R","?","R","T","R","$","E","M","M","R","B",null,"M","M","?","$","M","R","M","R","T","R","?","R","M","M","R","B"],"character_chosen":"IRONCLAD","items_purchased":["Sword Boomerang","Iron Wave","Shrug It Off"],"campfire_rested":3,"item_purchase_floors":[2,21,21],"current_hp_per_floor":[73,73,47,36,32,32,50,50,50,50,50,16,22,24,46,30,64,52,33,33,33,81,81,52,52,52,52,52,78,51,30,58,0],"gold":69,"neow_bonus":"TRANSFORM_CARD","is_prod":false,"is_daily":false,"chose_seed":false,"campfire_upgraded":6,"win_rate":0,"timestamp":1557517643,"path_taken":["M","?","?","?","M","R","?","R","T","R","$","E","M","M","R","BOSS","M","M","?","$","M","R","M","R","T","R","?","R","M","M","R","BOSS"],"build_version":"2019-05-07","purchased_purges":1,"victory":false,"max_hp_per_floor":[75,75,75,75,75,75,75,75,75,75,75,75,75,75,75,75,75,79,83,83,83,87,87,87,87,87,87,87,87,90,94,94,94],"card_choices":[{"not_picked":["Headbutt","Havoc"],"picked":"Armaments","floor":1},{"not_picked":["Flex","Cleave"],"picked":"Uppercut","floor":5},{"not_picked":["Dual Wield","Clash"],"picked":"Armaments","floor":12},{"not_picked":["Reckless Charge","Heavy Blade"],"picked":"Pommel Strike","floor":13},{"not_picked":["Dual Wield","Perfected Strike"],"picked":"Shockwave","floor":14},{"not_picked":["Impervious","Fiend Fire"],"picked":"Feed","floor":16},{"not_picked":["Perfected Strike+1","Rupture"],"picked":"Metallicize","floor":18},{"not_picked":["Flame Barrier","Whirlwind"],"picked":"Ghostly Armor","floor":19},{"not_picked":["Body Slam","Armaments"],"picked":"Iron Wave","floor":22},{"not_picked":["Body Slam","Dual Wield"],"picked":"Impervious","floor":24},{"not_picked":["Flex","Twin Strike"],"picked":"Headbutt","floor":30},{"not_picked":["Rampage","Clash"],"picked":"Clothesline","floor":31}],"player_experience":1726102,"relics_obtained":[{"floor":9,"key":"Mercury Hourglass"},{"floor":12,"key":"Bottled Lightning"},{"floor":26,"key":"Matryoshka"}],"event_choices":[{"damage_healed":0,"gold_gain":0,"player_choice":"Take Damage","damage_taken":26,"relics_obtained":["Golden Idol"],"max_hp_gain":0,"max_hp_loss":0,"event_name":"Golden Idol","floor":3,"gold_loss":0},{"damage_healed":0,"gold_gain":75,"player_choice":"Gather Gold","damage_taken":11,"max_hp_gain":0,"max_hp_loss":0,"event_name":"World of Goop","floor":4,"gold_loss":0},{"damage_healed":18,"gold_gain":0,"player_choice":"Healed","damage_taken":0,"max_hp_gain":0,"max_hp_loss":0,"event_name":"The Cleric","floor":7,"gold_loss":35},{"damage_healed":0,"gold_gain":0,"player_choice":"Obtained Relic","damage_taken":0,"relics_obtained":["Blue Candle"],"max_hp_gain":0,"max_hp_loss":0,"event_name":"Addict","floor":20,"gold_loss":85},{"damage_healed":0,"gold_gain":0,"player_choice":"Upgrade","damage_taken":0,"max_hp_gain":0,"max_hp_loss":0,"event_name":"Designer","floor":28,"gold_loss":50,"cards_upgraded":["Pommel Strike"]}],"is_beta":true,"boss_relics":[{"not_picked":["White Beast Statue","Lizard Tail"],"picked":"Black Blood"}],"items_purged_floors":[11],"is_endless":false,"potions_floor_spawned":[12,16,18,22,30],"killed_by":"Automaton","ascension_level":19}