{"gold_per_floor":[218,0,0,14,28,56,68,68,144,144,164,164,6,25,25,116,116,137,162,162,162,181,220,220,240,286,286,306,306,347,112,112,112],"floor_reached":33,"playtime":1300,"items_purged":["Strike_R"],"score":593,"play_id":"93d2d6c6-330d-4a09-b740-9f1258fc2a37","local_time":"20190505115339","is_ascension_mode":true,"campfire_choices":[{"data":"Armaments","floor":8,"key":"SMITH"},{"data":"Bash","floor":12,"key":"SMITH"},{"floor":15,"key":"REST"},{"floor":24,"key":"REST"},{"floor":27,"key":"RECALL"},{"floor":29,"key":"REST"},{"floor":32,"key":"REST"}],"neow_cost":"NONE","seed_source_timestamp":1200567945876179,"circlet_count":0,"master_deck":["AscendersBane","Strike_R","Strike_R","Strike_R+1","Strike_R+1","Defend_R","Defend_R","Defend_R","Defend_R","Bash+1","Clothesline","Clothesline","Shrug It Off","True Grit","Armaments+1","Battle Trance","Heavy Blade","Reaper","Shrug It Off","Flame Barrier","Ghostly","Ghostly","Ghostly","True Grit+1","Ghostly Armor"],"relics":["Burning Blood","Brimstone","Mango","Kunai","Golden Idol","Bag of Preparation","Fusion Hammer","Red Skull","Whetstone","Bottled Flame","Vajra"],"potions_floor_usage":[16,33,33],"damage_taken":[{"damage":6,"enemies":"Cultist","floor":1,"turns":3},{"damage":4,"enemies":"Small Slimes","floor":4,"turns":3},{"damage":16,"enemies":"2 Louse","floor":5,"turns":3},{"damage":42,"enemies":"Lagavulin","floor":6,"turns":6},{"damage":13,"enemies":"Looter","floor":7,"turns":3},{"damage":0,"enemies":"Large Slime","floor":11,"turns":4},{"damage":36,"enemies":"Exordium Thugs","floor":14,"turns":5},{"damage":29,"enemies":"The Guardian","floor":16,"turns":7},{"damage":44,"enemies":"2 Thieves","floor":18,"turns":4},{"damage":20,"enemies":"Shell Parasite","floor":19,"turns":4},{"damage":8,"enemies":"Chosen and Byrds","floor":22,"turns":5},{"damage":18,"enemies":"Slavers","floor":23,"turns":6},{"damage":6,"enemies":"Snake Plant","floor":25,"turns":4},{"damage":19,"enemies":"Shelled Parasite and Fungi","floor":28,"turns":5},{"damage":16,"enemies":"Gremlin Leader","floor":30,"turns":5},{"damage":40,"enemies":"Automaton","floor":33,"turns":6}],"seed_played":"-5972230832504593231","potions_obtained":[{"floor":1,"key":"Strength Potion"},{"floor":6,"key":"Swift Potion"},{"floor":14,"key":"AttackPotion"},{"floor":16,"key":"Strength Potion"},{"floor":22,"key":"SkillPotion"},{"floor":23,"key":"SpeedPotion"}],"is_trial":false,"path_per_floor":["M","$","?","M","M","E","M","R","T","?","M","R","$","M","R","B",null,"M","M","?","$","M","E","R","M","T","R","M","R","E","$","R","B"],"character_chosen":"IRONCLAD","items_purchased":["Brimstone","Bag of Preparation","Vajra"],"campfire_rested":4,"item_purchase_floors":[2,13,31],"current_hp_per_floor":[68,68,68,70,60,38,31,31,31,31,37,37,37,7,31,8,63,37,38,38,38,40,28,40,40,40,40,27,39,29,29,40,0],"gold":112,"neow_bonus":"HUNDRED_GOLD","is_prod":false,"is_daily":false,"chose_seed":false,"campfire_upgraded":2,"win_rate":0,"timestamp":1557050019,"path_taken":["M","$","?","M","M","E","M","R","T","?","M","R","$","M","R","BOSS","M","M","?","$","M","E","R","M","T","R","M","R","E","$","R","BOSS"],"build_version":"2019-04-23","purchased_purges":1,"victory":false,"max_hp_per_floor":[75,75,75,75,75,89,89,89,89,81,81,81,81,81,81,81,81,81,81,40,40,40,40,40,40,40,40,40,40,40,40,40,40],"card_choices":[{"not_picked":["Reckless Charge","Heavy Blade"],"picked":"Clothesline","floor":1},{"not_picked":["Wild Strike","Clash"],"picked":"Clothesline","floor":4},{"not_picked":["Thunderclap","Disarm"],"picked":"Shrug It Off","floor":5},{"not_picked":["Havoc","Sever Soul"],"picked":"True Grit","floor":6},{"not_picked":["Infernal Blade","Evolve"],"picked":"Armaments","floor":7},{"not_picked":["Carnage","Warcry"],"picked":"Battle Trance","floor":11},{"not_picked":["Clash","Metallicize"],"picked":"Heavy Blade","floor":14},{"not_picked":["Limit Break","Double Tap"],"picked":"Reaper","floor":16},{"not_picked":["Clash","Headbutt"],"picked":"Shrug It Off","floor":18},{"not_picked":["Evolve","Heavy Blade"],"picked":"Flame Barrier","floor":19},{"not_picked":["Wild Strike","Body Slam","Searing Blow"],"picked":"SKIP","floor":22},{"not_picked":["Warcry","Flex+1"],"picked":"True Grit+1","floor":23},{"not_picked":["Metallicize","Searing Blow","Armaments"],"picked":"SKIP","floor":25},{"not_picked":["Bloodletting","Sever Soul"],"picked":"Ghostly Armor","floor":28},{"not_picked":["Warcry","Carnage+1","Spot Weakness"],"picked":"SKIP","floor":30}],"player_experience":1509982,"relics_obtained":[{"floor":6,"key":"Mango"},{"floor":9,"key":"Kunai"},{"floor":23,"key":"Red Skull"},{"floor":26,"key":"Whetstone"},{"floor":30,"key":"Bottled Flame"}],"event_choices":[{"damage_healed":0,"gold_gain":0,"player_choice":"Leave","damage_taken":0,"max_hp_gain":0,"max_hp_loss":0,"event_name":"The Cleric","floor":3,"gold_loss":0},{"damage_healed":0,"gold_gain":0,"player_choice":"Lose Max HP","damage_taken":0,"relics_obtained":["Golden Idol"],"max_hp_gain":0,"max_hp_loss":8,"event_name":"Golden Idol","floor":10,"gold_loss":0},{"damage_healed":0,"gold_gain":0,"player_choice":"Became a Ghost","damage_taken":0,"max_hp_gain":0,"max_hp_loss":41,"event_name":"Ghosts","floor":20,"gold_loss":0,"cards_obtained":["Ghostly","Ghostly","Ghostly"]}],"is_beta":true,"boss_relics":[{"not_picked":["Mark of Pain","Empty Cage"],"picked":"Fusion Hammer"}],"items_purged_floors":[31],"is_endless":false,"potions_floor_spawned":[1,6,14,16,22,23,25,28],"killed_by":"Automaton","ascension_level":18}