{"gold_per_floor":[112,112,132,132,142,142,170,170,197,197,223,240,220,239,239,318,368,382,382,392,392,15,15,31,31,61,61],"floor_reached":27,"playtime":1249,"items_purged":[],"score":518,"play_id":"673100b5-089b-44a3-8d2d-5162f679e95e","local_time":"20190501153228","is_ascension_mode":true,"campfire_choices":[{"data":"Bludgeon","floor":6,"key":"SMITH"},{"data":"Offering","floor":8,"key":"SMITH"},{"data":"Bash","floor":10,"key":"SMITH"},{"data":"Flame Barrier","floor":15,"key":"SMITH"},{"floor":23,"key":"REST"}],"neow_cost":"NONE","seed_source_timestamp":868147756713941,"circlet_count":0,"master_deck":["AscendersBane","Strike_R+1","Strike_R+1","Strike_R+1","Strike_R+1","Strike_R+1","Defend_R+1","Defend_R+1","Defend_R+1","Defend_R+1","Bash+1","Bludgeon+1","Flame Barrier+1","Bloodletting","Offering+1","Combust","Limit Break","Immolate","Sword Boomerang","Disarm","Shrug It Off","Shrug It Off+1","Ghostly Armor+1","Inflame"],"relics":["Burning Blood","Juzu Bracelet","Art of War","Regal Pillow","Tiny House","Toxic Egg 2","Tiny Chest"],"potions_floor_usage":[16,18,18,27],"damage_taken":[{"damage":9,"enemies":"Small Slimes","floor":1,"turns":4},{"damage":0,"enemies":"Jaw Worm","floor":3,"turns":5},{"damage":0,"enemies":"Cultist","floor":5,"turns":3},{"damage":20,"enemies":"3 Sentries","floor":7,"turns":7},{"damage":6,"enemies":"Gremlin Nob","floor":11,"turns":2},{"damage":19,"enemies":"Gremlin Gang","floor":12,"turns":4},{"damage":7,"enemies":"Looter","floor":14,"turns":2},{"damage":6,"enemies":"Slime Boss","floor":16,"turns":5},{"damage":22,"enemies":"Shell Parasite","floor":18,"turns":5},{"damage":41,"enemies":"2 Thieves","floor":20,"turns":3},{"damage":29,"enemies":"Snake Plant","floor":24,"turns":3},{"damage":38,"enemies":"Gremlin Leader","floor":27,"turns":4}],"seed_played":"-1108706819696521457","potions_obtained":[{"floor":3,"key":"FairyPotion"},{"floor":4,"key":"Block Potion"},{"floor":4,"key":"Strength Potion"},{"floor":17,"key":"Energy Potion"},{"floor":18,"key":"Swift Potion"}],"is_trial":false,"path_per_floor":["M","?","M","?","M","R","E","R","T","R","E","M","?","M","R","B",null,"M","?","M","?","$","R","M","?","T","E"],"character_chosen":"IRONCLAD","items_purchased":["Toxic Egg 2","Shrug It Off+1","Ghostly Armor+1"],"campfire_rested":1,"item_purchase_floors":[22,22,22],"current_hp_per_floor":[65,65,71,71,75,75,61,61,61,61,61,48,48,47,47,47,73,57,57,22,22,22,61,38,38,38,0],"gold":61,"neow_bonus":"ONE_RANDOM_RARE_CARD","is_prod":false,"is_daily":false,"chose_seed":false,"campfire_upgraded":4,"win_rate":0,"timestamp":1556717548,"path_taken":["M","?","M","?","M","R","E","R","T","R","E","M","?","M","R","BOSS","M","?","M","?","$","R","M","?","T","E"],"build_version":"2019-04-23","purchased_purges":0,"victory":false,"max_hp_per_floor":[75,75,75,75,75,75,75,75,75,75,75,75,75,75,75,75,80,80,80,80,80,80,80,80,80,80,80],"card_choices":[{"not_picked":["Wild Strike","Thunderclap"],"picked":"Flame Barrier","floor":1},{"not_picked":["Twin Strike","Second Wind","Fire Breathing"],"picked":"SKIP","floor":3},{"not_picked":["Pommel Strike","Heavy Blade"],"picked":"Bloodletting","floor":5},{"not_picked":["Rage","Corruption"],"picked":"Offering","floor":7},{"not_picked":["Anger","Body Slam"],"picked":"Combust","floor":11},{"not_picked":["Havoc","Flex","Armaments"],"picked":"SKIP","floor":12},{"not_picked":["Flame Barrier","Sentinel"],"picked":"Limit Break","floor":14},{"not_picked":["Double Tap","Fiend Fire"],"picked":"Immolate","floor":16},{"not_picked":["Armaments","Sever Soul"],"picked":"Sword Boomerang","floor":17},{"not_picked":["Searing Blow","Sentinel+1","Clash+1"],"picked":"SKIP","floor":18},{"not_picked":["Havoc","Ghostly Armor"],"picked":"Shrug It Off","floor":20},{"not_picked":["Twin Strike","Havoc+1"],"picked":"Inflame","floor":24}],"player_experience":1396604,"relics_obtained":[{"floor":7,"key":"Juzu Bracelet"},{"floor":9,"key":"Art of War"},{"floor":11,"key":"Regal Pillow"},{"floor":26,"key":"Tiny Chest"}],"event_choices":[{"damage_healed":0,"gold_gain":0,"player_choice":"Ignored","damage_taken":0,"max_hp_gain":0,"max_hp_loss":0,"event_name":"Liars Game","floor":2,"gold_loss":0},{"damage_healed":0,"gold_gain":0,"player_choice":"Got Potions","damage_taken":0,"max_hp_gain":0,"max_hp_loss":0,"event_name":"Lab","floor":4,"gold_loss":0},{"damage_healed":0,"gold_gain":0,"player_choice":"Bought 1 Potion","damage_taken":0,"max_hp_gain":0,"max_hp_loss":0,"event_name":"The Woman in Blue","floor":13,"gold_loss":0},{"damage_healed":0,"gold_gain":0,"player_choice":"1 cards matched","damage_taken":0,"max_hp_gain":0,"max_hp_loss":0,"event_name":"Match and Keep!","floor":19,"gold_loss":0,"cards_obtained":["Disarm"]},{"damage_healed":0,"gold_gain":0,"player_choice":"Simplicity","damage_taken":0,"max_hp_gain":0,"max_hp_loss":0,"event_name":"Back to Basics","floor":21,"gold_loss":0,"cards_upgraded":["Strike_R","Strike_R","Strike_R","Strike_R","Defend_R","Defend_R","Defend_R","Defend_R"]},{"damage_healed":0,"gold_gain":0,"player_choice":"Ignored","damage_taken":0,"max_hp_gain":0,"max_hp_loss":0,"event_name":"Ghosts","floor":25,"gold_loss":0}],"is_beta":true,"boss_relics":[{"not_picked":["Coffee Dripper","White Beast Statue"],"picked":"Tiny House"}],"items_purged_floors":[],"is_endless":false,"potions_floor_spawned":[3,5,7,18],"killed_by":"Gremlin Leader","ascension_level":15}