{"gold_per_floor":[115,130,305,320,320,320,333,359,382,407,407,424,452,465,465,562,562,573,573,573,593,273,273,273,287,338,263,263,263,263,263,263,359,359,377,124,137,137,137,137,166,181,206,216,216,216,233,233],"floor_reached":48,"playtime":4360,"items_purged":["Strike_G","Die Die Die"],"score":550,"play_id":"fb54127c-5f05-44f7-953a-f62d58288893","local_time":"20181020172642","is_ascension_mode":true,"campfire_choices":[{"data":"Distraction","floor":6,"key":"SMITH"},{"floor":11,"key":"REST"},{"floor":15,"key":"REST"},{"floor":24,"key":"REST"},{"floor":30,"key":"REST"},{"floor":32,"key":"REST"},{"floor":40,"key":"REST"},{"floor":46,"key":"REST"}],"neow_cost":"NONE","seed_source_timestamp":207220414452267,"circlet_count":0,"master_deck":["Defend_G","Defend_G","Defend_G","Defend_G","Strike_G","Strike_G","Strike_G","Survivor","Neutralize","Dagger Spray","Distraction+1","PiercingWail","Prepared","Caltrops","Corpse Explosion","Dodge and Roll","Poisoned Stab","Acrobatics","Venomology","Blade Dance","Blur","Venomology","Deadly Poison+1","Bane","Footwork","Reflex+1"],"relics":["Ring of the Snake","PreservedInsect","Boot","Oddly Smooth Stone","Letter Opener","Orrery","Bottled Tornado","Regal Pillow","MutagenicStrength","Snecko Eye","Anchor","Bird Faced Urn","Mummified Hand","Bronze Scales"],"potions_floor_usage":[8,10,13,13,18,18,21,21,23,25,25,25,28,33,33,35,37,38,41,41,41,42,42,42,42,42,42,44,47,47,48,48,48],"damage_taken":[{"damage":0,"enemies":"Small Slimes","floor":1,"turns":4},{"damage":1,"enemies":"Jaw Worm","floor":2,"turns":4},{"damage":7,"enemies":"2 Louse","floor":4,"turns":4},{"damage":0,"enemies":"Lots of Slimes","floor":7,"turns":3},{"damage":34,"enemies":"Gremlin Nob","floor":8,"turns":5},{"damage":24,"enemies":"Lagavulin","floor":10,"turns":6},{"damage":15,"enemies":"3 Louse","floor":12,"turns":2},{"damage":6,"enemies":"3 Sentries","floor":13,"turns":3},{"damage":0,"enemies":"Looter","floor":14,"turns":3},{"damage":32,"enemies":"Hexaghost","floor":16,"turns":11},{"damage":43,"enemies":"Spheric Guardian","floor":18,"turns":8},{"damage":19,"enemies":"Shell Parasite","floor":21,"turns":9},{"damage":1,"enemies":"Book of Stabbing","floor":23,"turns":2},{"damage":45,"enemies":"Centurion and Healer","floor":25,"turns":10},{"damage":0,"enemies":"Cultist and Chosen","floor":28,"turns":1},{"damage":80,"enemies":"Automaton","floor":33,"turns":12},{"damage":30,"enemies":"3 Darklings","floor":35,"turns":3},{"damage":10,"enemies":"3 Shapes","floor":37,"turns":4},{"damage":4,"enemies":"Mind Bloom Boss Battle","floor":38,"turns":8},{"damage":39,"enemies":"Nemesis","floor":41,"turns":8},{"damage":43,"enemies":"Maw","floor":42,"turns":9},{"damage":6,"enemies":"4 Shapes","floor":44,"turns":4},{"damage":58,"enemies":"Jaw Worm Horde","floor":47,"turns":5},{"damage":30,"enemies":"Transient","floor":48,"turns":2}],"seed_played":"-564073489890660825","potions_obtained":[{"floor":4,"key":"SteroidPotion"},{"floor":7,"key":"Poison Potion"},{"floor":8,"key":"Ancient Potion"},{"floor":12,"key":"AttackPotion"},{"floor":18,"key":"Ancient Potion"},{"floor":33,"key":"Poison Potion"},{"floor":38,"key":"Regen Potion"},{"floor":41,"key":"Regen Potion"},{"floor":44,"key":"Strength Potion"},{"floor":47,"key":"Weak Potion"}],"is_trial":false,"path_per_floor":["M","M","?","M","?","R","M","E","T","E","R","M","E","M","R","B",null,"M","?","?","M","$","E","R","M","T","?","M","?","R","?","R","B",null,"M","$","M","?","?","R","E","M","T","M","?","R","M"],"character_chosen":"THE_SILENT","items_purchased":["Bottled Tornado","Anchor"],"campfire_rested":7,"item_purchase_floors":[22,36],"current_hp_per_floor":[77,76,76,69,74,74,74,40,40,16,40,25,19,19,43,11,82,53,53,53,34,34,33,57,12,12,12,12,12,51,51,82,2,82,52,52,42,38,38,77,54,32,32,30,30,69,15,0],"gold":233,"neow_bonus":"TEN_PERCENT_HP_BONUS","is_prod":false,"is_daily":false,"chose_seed":false,"campfire_upgraded":1,"win_rate":0,"timestamp":1540049202,"path_taken":["M","M","?","?","?","R","M","E","T","E","R","M","E","?","R","BOSS","M","?","?","?","$","E","R","M","T","?","M","?","R","?","R","BOSS","M","$","M","?","?","R","E","M","T","M","?","R","M","M"],"build_version":"2018-10-18","purchased_purges":2,"victory":false,"max_hp_per_floor":[77,77,77,77,82,82,82,82,82,82,82,82,82,82,82,82,82,82,82,82,82,82,82,82,82,82,82,82,82,82,82,82,82,82,82,82,82,82,82,82,82,82,82,82,82,82,82,82],"card_choices":[{"not_picked":["Deadly Poison","Dagger Throw"],"picked":"Dagger Spray","floor":1},{"not_picked":["Outmaneuver","Sucker Punch"],"picked":"Distraction","floor":2},{"not_picked":["Reflex","Blade Dance"],"picked":"PiercingWail","floor":4},{"not_picked":["Dagger Spray","Deadly Poison"],"picked":"Prepared","floor":7},{"not_picked":["Escape Plan","Doppelganger"],"picked":"Caltrops","floor":8},{"not_picked":["Backflip","Expertise"],"picked":"Corpse Explosion","floor":10},{"not_picked":["Dagger Spray","Tactician"],"picked":"Dodge and Roll","floor":12},{"not_picked":["Quick Slash","Slice"],"picked":"Poisoned Stab","floor":13},{"not_picked":["PiercingWail","Prepared"],"picked":"Acrobatics","floor":14},{"not_picked":["Unload","Die Die Die"],"picked":"Venomology","floor":16},{"not_picked":["Crippling Poison","Prepared"],"picked":"Blade Dance","floor":17},{"not_picked":["Flying Knee","Calculated Gamble"],"picked":"Blur","floor":17},{"not_picked":["Heel Hook","Deadly Poison"],"picked":"Venomology","floor":17},{"not_picked":["Expertise","Outmaneuver"],"picked":"Deadly Poison","floor":17},{"not_picked":["Finisher","Dagger Spray"],"picked":"Expertise","floor":17},{"not_picked":["Poisoned Stab","Quick Slash"],"picked":"Bane","floor":18},{"not_picked":["Distraction","Expertise","Sucker Punch"],"picked":"SKIP","floor":21},{"not_picked":["Acrobatics","Leg Sweep","Dagger Spray"],"picked":"SKIP","floor":25},{"not_picked":["Unload","Phantasmal Killer"],"picked":"Die Die Die","floor":33},{"not_picked":["Deflect","Flying Knee+1","Cloak And Dagger"],"picked":"SKIP","floor":35},{"not_picked":["Acrobatics","Underhanded Strike"],"picked":"Footwork","floor":37},{"not_picked":["Riddle With Holes","Deadly Poison"],"picked":"Reflex+1","floor":38},{"not_picked":["Flechettes+1","Cloak And Dagger+1","Malaise"],"picked":"SKIP","floor":41},{"not_picked":["Deflect","Riddle With Holes","Cloak And Dagger"],"picked":"SKIP","floor":42},{"not_picked":["Bouncing Flask","Flying Knee","Bane+1"],"picked":"SKIP","floor":44},{"not_picked":["Flying Knee+1","Dagger Throw+1","Acrobatics"],"picked":"SKIP","floor":47}],"player_experience":60709,"relics_obtained":[{"floor":8,"key":"PreservedInsect"},{"floor":9,"key":"Boot"},{"floor":10,"key":"Oddly Smooth Stone"},{"floor":13,"key":"Letter Opener"},{"floor":26,"key":"Regal Pillow"},{"floor":38,"key":"Bird Faced Urn"},{"floor":41,"key":"Mummified Hand"},{"floor":43,"key":"Bronze Scales"}],"event_choices":[{"damage_healed":0,"gold_gain":175,"player_choice":"AGREE","damage_taken":0,"max_hp_gain":0,"max_hp_loss":0,"event_name":"Liars Game","floor":3,"gold_loss":0,"cards_obtained":["Doubt"]},{"damage_healed":0,"gold_gain":0,"player_choice":"Donut","damage_taken":0,"max_hp_gain":5,"max_hp_loss":0,"event_name":"Big Fish","floor":5,"gold_loss":0},{"damage_healed":0,"gold_gain":0,"player_choice":"Forge","damage_taken":0,"max_hp_gain":0,"max_hp_loss":0,"event_name":"Accursed Blacksmith","floor":19,"gold_loss":0,"cards_upgraded":["Deadly Poison"]},{"cards_removed":["Strike_G"],"damage_healed":0,"gold_gain":0,"player_choice":"Offered Basic","damage_taken":0,"max_hp_gain":0,"max_hp_loss":0,"event_name":"Bonfire Elementals","floor":20,"gold_loss":0},{"cards_removed":["Expertise"],"damage_healed":0,"gold_gain":0,"player_choice":"Gave Gold","damage_taken":0,"max_hp_gain":0,"max_hp_loss":0,"event_name":"Beggar","floor":27,"gold_loss":75},{"damage_healed":0,"gold_gain":0,"player_choice":"Inject Mutagens","damage_taken":0,"relics_obtained":["MutagenicStrength"],"max_hp_gain":0,"max_hp_loss":0,"event_name":"Drug Dealer","floor":29,"gold_loss":0},{"cards_removed":["Doubt"],"damage_healed":0,"gold_gain":0,"player_choice":"Removed Curses","damage_taken":0,"max_hp_gain":0,"max_hp_loss":0,"event_name":"Fountain of Cleansing","floor":31,"gold_loss":0},{"damage_healed":0,"gold_gain":0,"player_choice":"Fight","damage_taken":0,"max_hp_gain":0,"max_hp_loss":0,"event_name":"MindBloom","floor":38,"gold_loss":0},{"damage_healed":0,"gold_gain":0,"player_choice":"Ignored","damage_taken":0,"max_hp_gain":0,"max_hp_loss":0,"event_name":"Mysterious Sphere","floor":39,"gold_loss":0},{"cards_removed":["Defend_G"],"damage_healed":0,"gold_gain":0,"player_choice":"Removed Skill","damage_taken":0,"max_hp_gain":0,"max_hp_loss":0,"event_name":"Falling","floor":45,"gold_loss":0}],"is_beta":false,"boss_relics":[{"not_picked":["WristBlade","Coffee Dripper"],"picked":"Orrery"},{"not_picked":["Fusion Hammer","Empty Cage"],"picked":"Snecko Eye"}],"items_purged_floors":[22,36],"is_endless":false,"potions_floor_spawned":[4,7,8,12,18,23,28,33,38,41,44,47],"killed_by":"Transient","ascension_level":2}