{"gold_per_floor":[115,40,50,0,18,18,42,60,135,135,135,191,191,39,39,142,142,161,161,101,101,121,121],"floor_reached":23,"playtime":4579,"items_purged":["Strike_B"],"score":268,"play_id":"c2a9a7d9-d53b-4d1a-8432-29c1dc7e7986","local_time":"20181029205912","is_ascension_mode":true,"campfire_choices":[{"data":"Echo Form","floor":6,"key":"SMITH"},{"floor":10,"key":"REST"},{"floor":15,"key":"REST"}],"neow_cost":"NONE","seed_source_timestamp":617251364024500,"circlet_count":0,"master_deck":["Defend_B","Defend_B","Defend_B","Zap","Dualcast","Echo Form+1","Doom and Gloom","Coolheaded","Heatsinks","Hello World","Glacier","White Noise","Biased Cognition","Loop","Steam+1","Bite+1","Bite+1","Bite+1","Bite+1","Bite+1","Go for the Eyes+1"],"relics":["Cracked Core","Odd Mushroom","Molten Egg 2","Tiny Chest","Regal Pillow","Empty Cage"],"potions_floor_usage":[],"damage_taken":[{"damage":7,"enemies":"Jaw Worm","floor":1,"turns":3},{"damage":4,"enemies":"Small Slimes","floor":3,"turns":3},{"damage":6,"enemies":"2 Louse","floor":5,"turns":2},{"damage":27,"enemies":"The Mushroom Lair","floor":7,"turns":3},{"damage":11,"enemies":"Blue Slaver","floor":8,"turns":4},{"damage":30,"enemies":"3 Sentries","floor":12,"turns":5},{"damage":33,"enemies":"Hexaghost","floor":16,"turns":16},{"damage":15,"enemies":"Shell Parasite","floor":18,"turns":11},{"damage":19,"enemies":"2 Thieves","floor":20,"turns":4},{"damage":39,"enemies":"Snecko","floor":22,"turns":5},{"damage":32,"enemies":"Book of Stabbing","floor":23,"turns":5}],"seed_played":"7699346485272503002","potions_obtained":[{"floor":1,"key":"Strength Potion"},{"floor":3,"key":"Ancient Potion"},{"floor":7,"key":"FairyPotion"}],"is_trial":false,"path_per_floor":["M","$","M","?","M","R","?","M","T","R","?","E","?","$","R","B",null,"M","$","M","?","M"],"character_chosen":"DEFECT","items_purchased":["Regal Pillow"],"campfire_rested":2,"item_purchase_floors":[14],"current_hp_per_floor":[61,61,57,57,51,51,24,13,13,35,35,5,5,5,42,9,59,44,44,25,25,7,0],"gold":121,"neow_bonus":"ONE_RANDOM_RARE_CARD","is_prod":false,"is_daily":false,"chose_seed":false,"campfire_upgraded":1,"win_rate":0,"timestamp":1540861152,"path_taken":["M","$","M","?","M","R","?","M","T","R","?","E","?","$","R","BOSS","M","$","M","?","M","E"],"build_version":"2018-10-25v2","purchased_purges":1,"victory":false,"max_hp_per_floor":[75,75,75,75,75,75,75,75,75,75,75,75,75,75,75,75,75,75,75,75,52,52,52],"card_choices":[{"not_picked":["BootSequence","Steam"],"picked":"Doom and Gloom","floor":1},{"not_picked":["Leap","Compile Driver"],"picked":"Coolheaded","floor":3},{"not_picked":["Hologram","Static Discharge"],"picked":"Heatsinks","floor":5},{"not_picked":["Cold Snap","Consume"],"picked":"Hello World","floor":7},{"not_picked":["Cold Snap","Chaos"],"picked":"Glacier","floor":8},{"not_picked":["Turbo","Skim"],"picked":"White Noise","floor":12},{"not_picked":["Buffer","Core Surge+1"],"picked":"Biased Cognition","floor":16},{"not_picked":["White Noise","Stack"],"picked":"Loop","floor":18},{"not_picked":["Doom and Gloom+1","Gash+1"],"picked":"Steam+1","floor":20},{"not_picked":["BootSequence","Barrage+1"],"picked":"Go for the Eyes+1","floor":22}],"player_experience":1506322,"relics_obtained":[{"floor":7,"key":"Odd Mushroom"},{"floor":9,"key":"Molten Egg 2"},{"floor":12,"key":"Tiny Chest"}],"event_choices":[{"cards_removed":["Strike_B"],"damage_healed":0,"gold_gain":0,"player_choice":"Card Removal","damage_taken":0,"max_hp_gain":0,"max_hp_loss":0,"event_name":"The Cleric","floor":4,"gold_loss":50},{"damage_healed":0,"gold_gain":0,"player_choice":"Fought Mushrooms","damage_taken":0,"max_hp_gain":0,"max_hp_loss":0,"event_name":"Mushrooms","floor":7,"gold_loss":0},{"damage_healed":0,"gold_gain":0,"player_choice":"Ignored","damage_taken":0,"max_hp_gain":0,"max_hp_loss":0,"event_name":"Golden Idol","floor":11,"gold_loss":0},{"damage_healed":0,"gold_gain":0,"player_choice":"Fled","damage_taken":0,"max_hp_gain":0,"max_hp_loss":0,"event_name":"Scrap Ooze","floor":13,"gold_loss":0},{"damage_healed":0,"gold_gain":0,"player_choice":"Became a vampire","damage_taken":0,"max_hp_gain":0,"max_hp_loss":23,"event_name":"Vampires","floor":21,"gold_loss":0,"cards_obtained":["Bite","Bite","Bite","Bite","Bite"]}],"is_beta":false,"boss_relics":[{"not_picked":["Fusion Hammer","Snecko Eye"],"picked":"Empty Cage"}],"items_purged_floors":[2],"is_endless":false,"potions_floor_spawned":[1,3,7,8,22],"killed_by":"Book of Stabbing","ascension_level":6}