{"gold_per_floor":[113,113,127,138,149,177,194,194,220,55,55,75,75,104,104,182,182,155,55,72,91,106,106,131,131,157,94,126,163,0,12],"floor_reached":31,"playtime":2077,"items_purged":["Strike_B","Defend_B"],"score":724,"play_id":"f7c3e726-b012-4c6b-ac61-13b6d4c2a2e8","local_time":"20190513210949","is_ascension_mode":true,"campfire_choices":[{"floor":11,"key":"REST"},{"data":"Buffer","floor":13,"key":"SMITH"},{"data":"Hologram","floor":15,"key":"SMITH"},{"data":"Double Energy","floor":23,"key":"SMITH"},{"floor":25,"key":"REST"}],"neow_cost":"PERCENT_DAMAGE","seed_source_timestamp":1924361002250223,"circlet_count":0,"master_deck":["AscendersBane","Defend_B","Defend_B","Zap","Dualcast","Buffer+1","Stack","Ball Lightning","Ball Lightning","Ball Lightning","Cold Snap","Conserve Battery","Leap","Auto Shields","Hologram+1","Creative AI","Hologram","Coolheaded","Double Energy+1","Go for the Eyes","Turbo"],"relics":["Cracked Core","Pen Nib","PreservedInsect","DataDisk","Runic Pyramid","Smiling Mask","MawBank","Vajra"],"potions_floor_usage":[7,16,29,31],"damage_taken":[{"damage":1,"enemies":"2 Louse","floor":1,"turns":3},{"damage":0,"enemies":"Jaw Worm","floor":3,"turns":4},{"damage":6,"enemies":"Small Slimes","floor":4,"turns":3},{"damage":9,"enemies":"3 Louse","floor":5,"turns":4},{"damage":8,"enemies":"3 Sentries","floor":6,"turns":6},{"damage":1,"enemies":"Large Slime","floor":7,"turns":4},{"damage":7,"enemies":"Red Slaver","floor":12,"turns":4},{"damage":0,"enemies":"Lagavulin","floor":14,"turns":6},{"damage":0,"enemies":"Hexaghost","floor":16,"turns":9},{"damage":12,"enemies":"2 Thieves","floor":18,"turns":4},{"damage":0,"enemies":"Chosen","floor":20,"turns":5},{"damage":17,"enemies":"Shelled Parasite and Fungi","floor":21,"turns":7},{"damage":1,"enemies":"3 Cultists","floor":22,"turns":6},{"damage":24,"enemies":"Gremlin Leader","floor":24,"turns":5},{"damage":13,"enemies":"Centurion and Healer","floor":28,"turns":11},{"damage":12,"enemies":"Slavers","floor":29,"turns":5},{"damage":4,"enemies":"Snake Plant","floor":31,"turns":1}],"seed_played":"-7640949342541071724","potions_obtained":[{"floor":1,"key":"Dexterity Potion"},{"floor":3,"key":"Weak Potion"},{"floor":4,"key":"Fire Potion"},{"floor":14,"key":"LiquidBronze"},{"floor":22,"key":"GamblersBrew"}],"is_trial":false,"path_per_floor":["M","?","M","M","M","E","M","?","T","$","R","M","R","E","R","B",null,"M","$","M","M","M","R","E","R","T","?","M","E","?","M"],"character_chosen":"DEFECT","items_purchased":["Auto Shields"],"campfire_rested":2,"item_purchase_floors":[10],"current_hp_per_floor":[45,38,38,32,23,15,14,14,14,14,35,28,28,28,28,28,60,48,48,48,31,30,30,6,27,27,27,14,2,2,0],"gold":12,"neow_bonus":"TRANSFORM_TWO_CARDS","is_prod":false,"is_daily":false,"chose_seed":false,"campfire_upgraded":3,"win_rate":0,"timestamp":1557774589,"path_taken":["M","?","M","M","M","E","M","?","T","$","R","M","R","E","R","BOSS","M","$","M","M","M","R","E","R","T","?","M","E","?","M"],"build_version":"2019-05-07","purchased_purges":2,"victory":false,"max_hp_per_floor":[71,71,71,71,71,71,71,71,71,71,71,71,71,71,71,71,71,71,71,71,71,71,71,71,71,71,71,71,71,71,71],"card_choices":[{"not_picked":["Reprogram","Hologram"],"picked":"Ball Lightning","floor":1},{"not_picked":["Scrape","Reprogram"],"picked":"Ball Lightning","floor":3},{"not_picked":["Gash","Redo"],"picked":"Ball Lightning","floor":4},{"not_picked":["Rebound","Ball Lightning"],"picked":"Cold Snap","floor":5},{"not_picked":["All For One","Go for the Eyes"],"picked":"Conserve Battery","floor":6},{"not_picked":["Rip and Tear","Rebound"],"picked":"Leap","floor":7},{"not_picked":["Beam Cell","Heatsinks"],"picked":"Hologram","floor":12},{"not_picked":["Steam Power","Auto Shields","Reboot"],"picked":"SKIP","floor":14},{"not_picked":["Reboot","Amplify"],"picked":"Creative AI","floor":16},{"not_picked":["Conserve Battery","Streamline"],"picked":"Hologram","floor":18},{"not_picked":["Steam+1","Streamline"],"picked":"Coolheaded","floor":20},{"not_picked":["Hologram+1","Go for the Eyes"],"picked":"Double Energy","floor":21},{"not_picked":["Barrage","Force Field"],"picked":"Go for the Eyes","floor":22},{"not_picked":["Darkness","Steam Power"],"picked":"Turbo","floor":24},{"not_picked":["Redo","Static Discharge","Auto Shields"],"picked":"SKIP","floor":28},{"not_picked":["Static Discharge","Hologram","Leap"],"picked":"SKIP","floor":29}],"player_experience":1889282,"relics_obtained":[{"floor":6,"key":"Pen Nib"},{"floor":9,"key":"PreservedInsect"},{"floor":14,"key":"DataDisk"},{"floor":24,"key":"Smiling Mask"},{"floor":26,"key":"MawBank"},{"floor":29,"key":"Vajra"}],"event_choices":[{"cards_removed":["Strike_B"],"damage_healed":0,"gold_gain":0,"player_choice":"Card Removal","damage_taken":7,"max_hp_gain":0,"max_hp_loss":0,"event_name":"Golden Wing","floor":2,"gold_loss":0},{"damage_healed":0,"gold_gain":0,"player_choice":"Ignored","damage_taken":0,"max_hp_gain":0,"max_hp_loss":0,"event_name":"Shining Light","floor":8,"gold_loss":0},{"cards_removed":["Defend_B"],"damage_healed":0,"gold_gain":0,"player_choice":"Gave Gold","damage_taken":0,"max_hp_gain":0,"max_hp_loss":0,"event_name":"Beggar","floor":27,"gold_loss":75},{"damage_healed":0,"gold_gain":0,"player_choice":"Paid Fearfully","damage_taken":0,"max_hp_gain":0,"max_hp_loss":0,"event_name":"Masked Bandits","floor":30,"gold_loss":175}],"is_beta":true,"boss_relics":[{"not_picked":["Orrery","Nuclear Battery"],"picked":"Runic Pyramid"}],"items_purged_floors":[10,19],"is_endless":false,"potions_floor_spawned":[1,3,4,14,22,24],"killed_by":"Snake Plant","ascension_level":20}