{"gold_per_floor":[118,118,66,66,80,106,106,138,138,150,176,207,232,219,231,243],"floor_reached":16,"playtime":440,"items_purged":[],"score":253,"play_id":"34a9f0e7-038e-4f87-a2d4-12fbeddff621","local_time":"20190504172703","is_ascension_mode":true,"campfire_choices":[{"data":"Footwork","floor":7,"key":"SMITH"},{"floor":10,"key":"REST"},{"data":"Neutralize","floor":15,"key":"SMITH"}],"neow_cost":"NONE","seed_source_timestamp":1135032396783556,"circlet_count":0,"master_deck":["AscendersBane","Defend_G","Defend_G","Defend_G","Defend_G","Defend_G","Strike_G","Strike_G","Strike_G","Strike_G","Survivor","Neutralize+1","Footwork+1","Cloak And Dagger","Poisoned Stab","Choke","Dodge and Roll","Backstab","Sucker Punch","Dodge and Roll"],"relics":["Ring of the Snake","NeowsBlessing","CultistMask","Gremlin Horn","Turnip","MawBank"],"potions_floor_usage":[8,16,16],"damage_taken":[{"damage":0,"enemies":"Jaw Worm","floor":1,"turns":1},{"damage":0,"enemies":"Small Slimes","floor":5,"turns":1},{"damage":0,"enemies":"Lagavulin","floor":6,"turns":1},{"damage":36,"enemies":"Gremlin Nob","floor":8,"turns":5},{"damage":0,"enemies":"Cultist","floor":11,"turns":4},{"damage":6,"enemies":"Blue Slaver","floor":12,"turns":4},{"damage":6,"enemies":"Red Slaver","floor":13,"turns":2},{"damage":5,"enemies":"Exordium Thugs","floor":14,"turns":4},{"damage":23,"enemies":"Hexaghost","floor":16,"turns":11}],"seed_played":"1120706136185663144","potions_obtained":[{"floor":5,"key":"Explosive Potion"},{"floor":8,"key":"GamblersBrew"},{"floor":11,"key":"SkillPotion"},{"floor":12,"key":"LiquidBronze"}],"is_trial":false,"path_per_floor":["M","?","$","?","M","E","R","E","T","R","M","M","M","M","R","B"],"character_chosen":"THE_SILENT","items_purchased":["Cloak And Dagger"],"campfire_rested":1,"item_purchase_floors":[3],"current_hp_per_floor":[59,52,52,52,52,52,52,16,16,35,35,29,23,18,18,0],"gold":243,"neow_bonus":"THREE_ENEMY_KILL","is_prod":false,"is_daily":false,"chose_seed":false,"campfire_upgraded":2,"win_rate":0,"timestamp":1556983623,"path_taken":["M","?","$","?","?","E","R","E","T","R","M","M","M","M","R","BOSS"],"build_version":"2019-04-23","purchased_purges":0,"victory":false,"max_hp_per_floor":[66,66,66,66,66,66,66,66,66,66,66,66,66,66,66,66],"card_choices":[{"not_picked":["Acrobatics","Masterful Stab"],"picked":"Footwork","floor":1},{"not_picked":["Calculated Gamble","Bane"],"picked":"Poisoned Stab","floor":5},{"not_picked":["Leg Sweep","Well Laid Plans"],"picked":"Choke","floor":6},{"not_picked":["Finisher","Acrobatics"],"picked":"Dodge and Roll","floor":8},{"not_picked":["Bouncing Flask","Underhanded Strike"],"picked":"Backstab","floor":11},{"not_picked":["Masterful Stab","Flying Knee"],"picked":"Sucker Punch","floor":12},{"not_picked":["Choke","Eviscerate"],"picked":"Dodge and Roll","floor":13},{"not_picked":["Dagger Throw","Deflect","Prepared"],"picked":"SKIP","floor":14}],"player_experience":1492546,"relics_obtained":[{"floor":6,"key":"Gremlin Horn"},{"floor":8,"key":"Turnip"},{"floor":9,"key":"MawBank"}],"event_choices":[{"cards_removed":["Strike_G"],"damage_healed":0,"gold_gain":0,"player_choice":"Card Removal","damage_taken":7,"max_hp_gain":0,"max_hp_loss":0,"event_name":"Golden Wing","floor":2,"gold_loss":0},{"damage_healed":0,"gold_gain":0,"player_choice":"Trade","damage_taken":0,"relics_obtained":["CultistMask"],"max_hp_gain":0,"max_hp_loss":0,"event_name":"FaceTrader","floor":4,"gold_loss":0}],"is_beta":true,"boss_relics":[],"items_purged_floors":[],"is_endless":false,"potions_floor_spawned":[5,8,11,12],"killed_by":"Hexaghost","ascension_level":17}