{"gold_per_floor":[112,187,22,22,35,66,66,98,98,98,115,8,67,78,78,152,152,152,152,152,152,0,0,0,0,0,0,0,0,0,0,0,0],"floor_reached":33,"playtime":6126,"items_purged":["Strike_B"],"score":616,"play_id":"c73a7b8b-1236-4c66-8c04-80d1a0122e7a","local_time":"20190513160651","is_ascension_mode":true,"campfire_choices":[{"data":"Sunder","floor":7,"key":"SMITH"},{"data":"Self Repair","floor":10,"key":"SMITH"},{"data":"Turbo","floor":15,"key":"SMITH"},{"data":"Defragment","floor":23,"key":"SMITH"},{"data":"Conserve Battery","floor":25,"key":"SMITH"},{"data":"Ghostly","floor":32,"key":"SMITH"}],"neow_cost":"NONE","seed_source_timestamp":1902108345078620,"circlet_count":0,"master_deck":["AscendersBane","Strike_B+1","Strike_B+1","Defend_B","Defend_B","Defend_B","Zap","Dualcast","Ball Lightning","Defragment+1","Sunder+1","Self Repair+1","Sweeping Beam","Doom and Gloom","Leap","Go for the Eyes","Stack","Undo","Turbo+1","Biased Cognition","Ball Lightning","Ghostly+1","Ghostly","Ghostly","Auto Shields+1","Aggregate","Conserve Battery+1","Redo+1","Self Repair","Rebound","White Noise"],"relics":["Cracked Core","NeowsBlessing","Ornamental Fan","Whetstone","Kunai","Tiny Chest","Ectoplasm","Red Mask","Centennial Puzzle","Darkstone Periapt"],"potions_floor_usage":[13,18,21,33,33],"damage_taken":[{"damage":0,"enemies":"Jaw Worm","floor":1,"turns":1},{"damage":0,"enemies":"Cultist","floor":5,"turns":1},{"damage":0,"enemies":"Lagavulin","floor":6,"turns":1},{"damage":35,"enemies":"3 Sentries","floor":8,"turns":6},{"damage":1,"enemies":"2 Louse","floor":11,"turns":2},{"damage":8,"enemies":"Gremlin Nob","floor":13,"turns":3},{"damage":2,"enemies":"Looter","floor":14,"turns":4},{"damage":24,"enemies":"Hexaghost","floor":16,"turns":11},{"damage":27,"enemies":"3 Byrds","floor":18,"turns":5},{"damage":1,"enemies":"Spheric Guardian","floor":20,"turns":4},{"damage":26,"enemies":"Masked Bandits","floor":21,"turns":6},{"damage":0,"enemies":"Chosen and Byrds","floor":24,"turns":4},{"damage":3,"enemies":"Snake Plant","floor":27,"turns":5},{"damage":8,"enemies":"Slavers","floor":28,"turns":6},{"damage":1,"enemies":"Centurion and Healer","floor":31,"turns":8},{"damage":49,"enemies":"Collector","floor":33,"turns":6}],"seed_played":"-8898350540169930956","potions_obtained":[{"floor":5,"key":"PowerPotion"},{"floor":13,"key":"SpeedPotion"},{"floor":16,"key":"Fruit Juice"},{"floor":18,"key":"Weak Potion"},{"floor":21,"key":"SkillPotion"},{"floor":24,"key":"PowerPotion"}],"is_trial":false,"path_per_floor":["M","?","$","?","M","E","R","E","T","R","M","$","E","M","R","B",null,"M","?","M","?","$","R","M","R","T","M","E","?","?","M","R","B"],"character_chosen":"DEFECT","items_purchased":["Defragment","Sunder","Go for the Eyes","Stack","Aggregate"],"campfire_rested":0,"item_purchase_floors":[3,3,12,12,22],"current_hp_per_floor":[64,53,53,53,53,53,53,25,25,25,24,24,26,34,34,20,58,36,36,38,22,22,22,32,32,32,29,21,21,21,37,37,0],"gold":0,"neow_bonus":"THREE_ENEMY_KILL","is_prod":false,"is_daily":false,"chose_seed":false,"campfire_upgraded":6,"win_rate":0,"timestamp":1557756411,"path_taken":["M","?","$","?","M","E","R","E","T","R","M","$","E","?","R","BOSS","M","?","M","?","$","R","M","R","T","M","E","?","?","M","R","BOSS"],"build_version":"2019-05-07","purchased_purges":1,"victory":false,"max_hp_per_floor":[71,71,71,71,71,71,71,71,71,71,71,71,71,71,71,71,71,76,38,38,38,38,38,38,38,38,38,38,38,38,38,38,38],"card_choices":[{"not_picked":["Rebound","Leap"],"picked":"Ball Lightning","floor":1},{"not_picked":["Rebound","Tempest"],"picked":"Self Repair","floor":5},{"not_picked":["Thunder Strike","Loop"],"picked":"Sweeping Beam","floor":6},{"not_picked":["FTL","Fusion"],"picked":"Doom and Gloom","floor":8},{"not_picked":["Rip and Tear","Beam Cell"],"picked":"Leap","floor":11},{"not_picked":["Force Field","Go for the Eyes"],"picked":"Undo","floor":13},{"not_picked":["Stack","Gash"],"picked":"Turbo","floor":14},{"not_picked":["Fission","All For One"],"picked":"Biased Cognition","floor":16},{"not_picked":["Hello World","Streamline"],"picked":"Ball Lightning","floor":18},{"not_picked":["Chaos","Stack"],"picked":"Auto Shields+1","floor":20},{"not_picked":["Force Field","Stack"],"picked":"Conserve Battery","floor":24},{"not_picked":["Sunder","Steam"],"picked":"Redo+1","floor":27},{"not_picked":["Redo","Meteor Strike"],"picked":"Self Repair","floor":28},{"not_picked":["Beam Cell","Leap"],"picked":"White Noise","floor":31}],"player_experience":1869420,"relics_obtained":[{"floor":6,"key":"Ornamental Fan"},{"floor":8,"key":"Whetstone"},{"floor":9,"key":"Kunai"},{"floor":13,"key":"Tiny Chest"},{"floor":21,"key":"Red Mask"},{"floor":26,"key":"Centennial Puzzle"},{"floor":28,"key":"Darkstone Periapt"}],"event_choices":[{"damage_healed":0,"gold_gain":75,"player_choice":"Gather Gold","damage_taken":11,"max_hp_gain":0,"max_hp_loss":0,"event_name":"World of Goop","floor":2,"gold_loss":0},{"cards_removed":["Strike_B"],"damage_healed":0,"gold_gain":0,"player_choice":"Offered Basic","damage_taken":0,"max_hp_gain":0,"max_hp_loss":0,"event_name":"Bonfire Elementals","floor":4,"gold_loss":0},{"damage_healed":0,"gold_gain":0,"player_choice":"Became a Ghost","damage_taken":0,"max_hp_gain":0,"max_hp_loss":38,"event_name":"Ghosts","floor":19,"gold_loss":0,"cards_obtained":["Ghostly","Ghostly","Ghostly"]},{"damage_healed":0,"gold_gain":0,"player_choice":"Fought Bandits","damage_taken":0,"max_hp_gain":0,"max_hp_loss":0,"event_name":"Masked Bandits","floor":21,"gold_loss":0},{"damage_healed":0,"gold_gain":0,"player_choice":"Ignored","damage_taken":0,"max_hp_gain":0,"max_hp_loss":0,"event_name":"Cursed Tome","floor":29,"gold_loss":0},{"damage_healed":0,"gold_gain":0,"cards_transformed":["Defend_B"],"player_choice":"Transformed","damage_taken":0,"max_hp_gain":0,"max_hp_loss":0,"event_name":"Transmorgrifier","floor":30,"gold_loss":0,"cards_obtained":["Rebound"]}],"is_beta":true,"boss_relics":[{"not_picked":["Astrolabe","White Beast Statue"],"picked":"Ectoplasm"}],"items_purged_floors":[22],"is_endless":false,"potions_floor_spawned":[5,13,16,18,21,24,31],"killed_by":"Collector","ascension_level":20}