{"gold_per_floor":[116,116,266,266,135,135,135,169,169,203,60,95,107,137,149,237,249,277,48,48,48,68,68,103,103,129,129],"floor_reached":27,"playtime":634,"items_purged":["Doubt","Strike_G"],"score":586,"play_id":"8c39e346-63d7-490f-b684-22f55b822353","local_time":"20190518140454","is_ascension_mode":true,"campfire_choices":[{"data":"Backflip","floor":6,"key":"SMITH"},{"floor":13,"key":"REST"},{"data":"Noxious Fumes","floor":15,"key":"SMITH"},{"floor":23,"key":"REST"},{"floor":25,"key":"REST"}],"neow_cost":"NONE","seed_source_timestamp":2332309219731074,"circlet_count":0,"master_deck":["AscendersBane","Defend_G","Defend_G","Defend_G+1","Defend_G","Defend_G","Strike_G","Strike_G","Strike_G+1","Survivor","Neutralize+1","Backflip+1","Poisoned Stab","Cloak And Dagger","Noxious Fumes+1","Catalyst","Caltrops","Corpse Explosion","Catalyst","Underhanded Strike","Venomology","Burst"],"relics":["Ring of the Snake","NeowsBlessing","Blood Vial","Question Card","Gambling Chip","MawBank","Black Star","Bronze Scales","Mercury Hourglass","Blue Candle","Lantern"],"potions_floor_usage":[12,16,24],"damage_taken":[{"damage":0,"enemies":"Jaw Worm","floor":1,"turns":1},{"damage":0,"enemies":"Gremlin Nob","floor":8,"turns":1},{"damage":0,"enemies":"Lagavulin","floor":10,"turns":1},{"damage":40,"enemies":"Gremlin Nob","floor":12,"turns":5},{"damage":10,"enemies":"Small Slimes","floor":14,"turns":3},{"damage":20,"enemies":"The Guardian","floor":16,"turns":10},{"damage":38,"enemies":"2 Thieves","floor":18,"turns":3},{"damage":18,"enemies":"Chosen","floor":22,"turns":6},{"damage":23,"enemies":"Slavers","floor":24,"turns":3},{"damage":32,"enemies":"Gremlin Leader","floor":27,"turns":2}],"seed_played":"4009261972455290735","potions_obtained":[{"floor":10,"key":"Weak Potion"},{"floor":14,"key":"Dexterity Potion"},{"floor":22,"key":"LiquidBronze"}],"is_trial":false,"path_per_floor":["M","?","?","?","$","R","?","E","T","E","$","E","R","M","R","B",null,"M","$","?","?","M","R","E","R","T","E"],"character_chosen":"THE_SILENT","items_purchased":["Backflip","Noxious Fumes","Catalyst","Bronze Scales"],"campfire_rested":3,"item_purchase_floors":[5,11,19,19],"current_hp_per_floor":[59,59,59,39,39,39,44,44,44,46,46,8,29,21,21,3,54,18,18,18,18,2,23,2,23,23,0],"gold":129,"neow_bonus":"THREE_ENEMY_KILL","is_prod":false,"is_daily":false,"chose_seed":false,"campfire_upgraded":2,"win_rate":0,"timestamp":1558181094,"path_taken":["M","?","?","?","$","R","?","E","T","E","?","E","R","M","R","BOSS","M","$","?","?","M","R","E","R","T","E"],"build_version":"2019-05-07","purchased_purges":2,"victory":false,"max_hp_per_floor":[66,66,66,66,66,66,71,71,71,71,71,71,71,71,71,71,71,71,71,71,71,71,71,71,71,71,71],"card_choices":[{"not_picked":["Bane","Prepared","Slice"],"picked":"SKIP","floor":1},{"not_picked":["Flying Knee","Deflect"],"picked":"Poisoned Stab","floor":8},{"not_picked":["Escape Plan","Slice","Caltrops"],"picked":"Cloak And Dagger","floor":10},{"not_picked":["Predator","Wraith Form v2","Heel Hook"],"picked":"Catalyst","floor":12},{"not_picked":["Predator","Outmaneuver","Bane","Caltrops"],"picked":"SKIP","floor":14},{"not_picked":["Predator","Outmaneuver","Bane"],"picked":"Caltrops","floor":14},{"not_picked":["Storm of Steel","After Image","Burst"],"picked":"Corpse Explosion","floor":16},{"not_picked":["Blade Dance","Dodge and Roll","Quick Slash","Outmaneuver"],"picked":"SKIP","floor":18},{"not_picked":["Expertise","Deflect","Terror+1"],"picked":"Venomology","floor":22},{"not_picked":["Backflip","Deflect","Bouncing Flask+1"],"picked":"Burst","floor":24}],"player_experience":2028241,"relics_obtained":[{"floor":8,"key":"Blood Vial"},{"floor":9,"key":"Question Card"},{"floor":10,"key":"Gambling Chip"},{"floor":12,"key":"MawBank"},{"floor":24,"key":"Mercury Hourglass"},{"floor":24,"key":"Blue Candle"},{"floor":26,"key":"Lantern"}],"event_choices":[{"damage_healed":0,"gold_gain":0,"player_choice":"Grow","damage_taken":0,"max_hp_gain":0,"max_hp_loss":0,"event_name":"Living Wall","floor":2,"gold_loss":0,"cards_upgraded":["Neutralize"]},{"damage_healed":0,"gold_gain":150,"player_choice":"AGREE","damage_taken":0,"max_hp_gain":0,"max_hp_loss":0,"event_name":"Liars Game","floor":3,"gold_loss":0,"cards_obtained":["Doubt"]},{"damage_healed":0,"gold_gain":0,"player_choice":"Entered Light","damage_taken":20,"max_hp_gain":0,"max_hp_loss":0,"event_name":"Shining Light","floor":4,"gold_loss":0,"cards_upgraded":["Defend_G","Strike_G"]},{"damage_healed":0,"gold_gain":0,"player_choice":"Donut","damage_taken":0,"max_hp_gain":5,"max_hp_loss":0,"event_name":"Big Fish","floor":7,"gold_loss":0},{"damage_healed":0,"gold_gain":0,"player_choice":"Ignored","damage_taken":0,"max_hp_gain":0,"max_hp_loss":0,"event_name":"Beggar","floor":20,"gold_loss":0},{"damage_healed":0,"gold_gain":0,"cards_transformed":["Strike_G"],"player_choice":"Transformed","damage_taken":0,"max_hp_gain":0,"max_hp_loss":0,"event_name":"Transmorgrifier","floor":21,"gold_loss":0,"cards_obtained":["Underhanded Strike"]}],"is_beta":true,"boss_relics":[{"not_picked":["HoveringKite","Tiny House"],"picked":"Black Star"}],"items_purged_floors":[5,11],"is_endless":false,"potions_floor_spawned":[10,14,22],"killed_by":"Gremlin Leader","ascension_level":20}