{"gold_per_floor":[118,118,169,181,197,197,213,213,239,267,58,77,89,102,102,175,175,194,208,225,235,157,157,157],"floor_reached":24,"playtime":2184,"items_purged":[],"score":354,"play_id":"3247617d-8f63-4c93-9386-6394fa1f4e99","local_time":"20190121154745","is_ascension_mode":true,"campfire_choices":[{"data":"Perfected Strike","floor":6,"key":"SMITH"},{"data":"Perfected Strike","floor":8,"key":"SMITH"},{"data":"Bash","floor":15,"key":"SMITH"},{"data":"Limit Break","floor":23,"key":"SMITH"}],"neow_cost":"NONE","seed_source_timestamp":35873087706400,"circlet_count":0,"master_deck":["AscendersBane","Strike_R","Strike_R","Strike_R","Strike_R","Strike_R","Defend_R","Defend_R","Defend_R+1","Defend_R+1","Bash+1","Perfected Strike+1","Infernal Blade","Clothesline","Shrug It Off","Perfected Strike+1","Twin Strike","Rupture","Twin Strike","Wild Strike","Limit Break+1","Rupture","Infernal Blade","Twin Strike","Metallicize","Fire Breathing"],"relics":["Burning Blood","War Paint","Orichalcum","Meat on the Bone","HandDrill","Lizard Tail"],"potions_floor_usage":[13,16,16,20],"damage_taken":[{"damage":1,"enemies":"Cultist","floor":1,"turns":3},{"damage":5,"enemies":"2 Louse","floor":4,"turns":2},{"damage":1,"enemies":"Small Slimes","floor":5,"turns":3},{"damage":4,"enemies":"Looter","floor":7,"turns":4},{"damage":10,"enemies":"3 Sentries","floor":10,"turns":7},{"damage":0,"enemies":"Exordium Wildlife","floor":12,"turns":4},{"damage":8,"enemies":"Gremlin Gang","floor":13,"turns":4},{"damage":6,"enemies":"3 Louse","floor":14,"turns":4},{"damage":54,"enemies":"Hexaghost","floor":16,"turns":10},{"damage":7,"enemies":"Chosen","floor":18,"turns":4},{"damage":85,"enemies":"3 Byrds","floor":19,"turns":7},{"damage":22,"enemies":"Snake Plant","floor":20,"turns":3},{"damage":23,"enemies":"Snecko","floor":21,"turns":4},{"damage":40,"enemies":"Shelled Parasite and Fungi","floor":24,"turns":4}],"seed_played":"7535353375868849200","potions_obtained":[{"floor":1,"key":"Block Potion"},{"floor":10,"key":"Ancient Potion"},{"floor":13,"key":"Poison Potion"},{"floor":19,"key":"PowerPotion"}],"is_trial":false,"path_per_floor":["M","$","T","M","M","R","M","R","T","E","$","M","M","M","R","B",null,"M","M","M","M","$","R","M"],"character_chosen":"IRONCLAD","items_purchased":["HandDrill","Fire Breathing"],"campfire_rested":0,"item_purchase_floors":[11,22],"current_hp_per_floor":[73,73,73,74,75,75,75,75,75,71,71,75,73,73,73,37,66,65,49,45,40,40,40,0],"gold":157,"neow_bonus":"THREE_CARDS","is_prod":false,"is_daily":false,"chose_seed":false,"campfire_upgraded":4,"win_rate":0,"timestamp":1548103665,"path_taken":["M","?","?","M","M","R","M","R","T","E","$","M","?","M","R","BOSS","M","M","M","M","$","R","M"],"build_version":"2019-01-17v2","purchased_purges":0,"victory":false,"max_hp_per_floor":[75,75,75,75,75,75,75,75,75,75,75,75,75,75,75,75,75,75,75,75,75,75,75,75],"card_choices":[{"not_picked":["Blood for Blood","Headbutt"],"picked":"Perfected Strike","floor":0},{"not_picked":["Pummel","Twin Strike"],"picked":"Infernal Blade","floor":1},{"not_picked":["Warcry","Wild Strike"],"picked":"Clothesline","floor":4},{"not_picked":["Wild Strike","Uppercut"],"picked":"Shrug It Off","floor":5},{"not_picked":["Fiend Fire","Infernal Blade"],"picked":"Perfected Strike","floor":7},{"not_picked":["Clothesline","Battle Trance"],"picked":"Twin Strike","floor":10},{"not_picked":["Warcry","Combust"],"picked":"Rupture","floor":12},{"not_picked":["Thunderclap","Bloodletting"],"picked":"Twin Strike","floor":13},{"not_picked":["Flame Barrier","Sword Boomerang"],"picked":"Wild Strike","floor":14},{"not_picked":["Double Tap","Offering"],"picked":"Limit Break","floor":16},{"not_picked":["Hemokinesis","Pommel Strike+1"],"picked":"Rupture","floor":18},{"not_picked":["Clothesline","Ghostly Armor"],"picked":"Infernal Blade","floor":19},{"not_picked":["Clash","Heavy Blade"],"picked":"Twin Strike","floor":20},{"not_picked":["Bloodletting","Clothesline"],"picked":"Metallicize","floor":21}],"player_experience":1829485,"relics_obtained":[{"floor":3,"key":"War Paint"},{"floor":9,"key":"Orichalcum"},{"floor":10,"key":"Meat on the Bone"}],"event_choices":[],"is_beta":false,"boss_relics":[{"not_picked":["Busted Crown","Runic Dome"],"picked":"Lizard Tail"}],"items_purged_floors":[],"is_endless":false,"potions_floor_spawned":[1,10,12,13,19],"killed_by":"Shelled Parasite and Fungi","ascension_level":15}