{"gold_per_floor":[112,132,144,63,80,80,94,94,120,136,156,186,186],"floor_reached":13,"playtime":444,"items_purged":[],"score":169,"play_id":"8c704686-2ae4-4fb0-9351-74edec94266f","local_time":"20190507115556","is_ascension_mode":true,"campfire_choices":[{"data":"Noxious Fumes","floor":6,"key":"SMITH"},{"data":"Dodge and Roll","floor":8,"key":"SMITH"}],"neow_cost":"NONE","seed_source_timestamp":1374361412681613,"circlet_count":0,"master_deck":["AscendersBane","Defend_G","Defend_G","Defend_G","Defend_G","Defend_G","Strike_G","Strike_G","Strike_G","Strike_G","Strike_G","Survivor","Neutralize","Noxious Fumes+1","Sucker Punch","Dodge and Roll+1","Well Laid Plans","Flying Knee","Footwork"],"relics":["Ring of the Snake","NeowsBlessing","Lantern","Art of War"],"potions_floor_usage":[11,12,12],"damage_taken":[{"damage":0,"enemies":"Jaw Worm","floor":1,"turns":1},{"damage":0,"enemies":"Cultist","floor":2,"turns":1},{"damage":0,"enemies":"Small Slimes","floor":3,"turns":2},{"damage":11,"enemies":"Blue Slaver","floor":5,"turns":6},{"damage":4,"enemies":"Looter","floor":7,"turns":4},{"damage":10,"enemies":"3 Louse","floor":10,"turns":4},{"damage":5,"enemies":"Exordium Thugs","floor":11,"turns":5},{"damage":25,"enemies":"Gremlin Nob","floor":12,"turns":6},{"damage":7,"enemies":"Lots of Slimes","floor":13,"turns":2}],"seed_played":"5788366439582902188","potions_obtained":[{"floor":2,"key":"Strength Potion"},{"floor":3,"key":"Dexterity Potion"},{"floor":7,"key":"AttackPotion"},{"floor":11,"key":"Dexterity Potion"}],"is_trial":false,"path_per_floor":["M","M","M","$","M","R","M","R","T","M","M","E","M"],"character_chosen":"THE_SILENT","items_purchased":["Well Laid Plans"],"campfire_rested":0,"item_purchase_floors":[4],"current_hp_per_floor":[59,59,59,59,48,48,44,44,44,34,29,4,0],"gold":186,"neow_bonus":"THREE_ENEMY_KILL","is_prod":false,"is_daily":false,"chose_seed":false,"campfire_upgraded":2,"win_rate":0,"timestamp":1557222956,"path_taken":["M","M","M","$","M","R","M","R","T","M","M","E","M"],"build_version":"2019-04-23","purchased_purges":0,"victory":false,"max_hp_per_floor":[66,66,66,66,66,66,66,66,66,66,66,66,66],"card_choices":[{"not_picked":["Dagger Throw","Sucker Punch"],"picked":"Noxious Fumes","floor":1},{"not_picked":["Deadly Poison","Flechettes"],"picked":"Sucker Punch","floor":2},{"not_picked":["Envenom","Bane"],"picked":"Dodge and Roll","floor":3},{"not_picked":["Deadly Poison","Quick Slash","Underhanded Strike"],"picked":"SKIP","floor":5},{"not_picked":["Deflect","Blade Dance"],"picked":"Flying Knee","floor":7},{"not_picked":["Dagger Throw","Expertise","Underhanded Strike"],"picked":"SKIP","floor":10},{"not_picked":["Outmaneuver","PiercingWail"],"picked":"Footwork","floor":11},{"not_picked":["Glass Knife","Riddle With Holes","Choke"],"picked":"SKIP","floor":12}],"player_experience":1555022,"relics_obtained":[{"floor":9,"key":"Lantern"},{"floor":12,"key":"Art of War"}],"event_choices":[],"is_beta":true,"boss_relics":[],"items_purged_floors":[],"is_endless":false,"potions_floor_spawned":[2,3,7,10,11],"killed_by":"Lots of Slimes","ascension_level":18}