{"gold_per_floor":[115,133,149,161,111,111,111,154,181,200,200,224,224,174,174,298,298,314,14,14,14,34,34,77,77,77,27,27,50,50],"floor_reached":30,"playtime":1381,"items_purged":["Strike_R","Defend_R"],"score":310,"play_id":"d6f0f067-f676-469c-8b02-ef5e4dbcc182","local_time":"20180926005350","is_ascension_mode":true,"campfire_choices":[{"data":"Armaments","floor":6,"key":"SMITH"},{"floor":13,"key":"REST"},{"data":"Barricade","floor":15,"key":"SMITH"},{"floor":23,"key":"REST"},{"floor":25,"key":"REST"},{"floor":28,"key":"REST"}],"neow_cost":"NONE","seed_source_timestamp":607736763354536,"circlet_count":0,"master_deck":["Strike_R","Strike_R","Strike_R","Defend_R","Defend_R","Defend_R","Bash","Barricade+1","Armaments+1","Body Slam","Body Slam","Anger","Shrug It Off+1","Feed","Spot Weakness","Evolve+1"],"relics":["Burning Blood","Golden Idol","Smiling Mask","Boot","Thread and Needle","Blood Vial","Darkstone Periapt"],"potions_floor_usage":[4,18,24,24,24,30],"damage_taken":[{"damage":11,"enemies":"2 Louse","floor":1,"turns":2},{"damage":6,"enemies":"Jaw Worm","floor":2,"turns":4},{"damage":1,"enemies":"Cultist","floor":3,"turns":4},{"damage":16,"enemies":"Large Slime","floor":4,"turns":12},{"damage":30,"enemies":"Gremlin Nob","floor":8,"turns":5},{"damage":11,"enemies":"Looter","floor":10,"turns":4},{"damage":4,"enemies":"3 Louse","floor":12,"turns":4},{"damage":34,"enemies":"Hexaghost","floor":16,"turns":10},{"damage":10,"enemies":"Chosen","floor":18,"turns":6},{"damage":30,"enemies":"Spheric Guardian","floor":22,"turns":6},{"damage":65,"enemies":"Book of Stabbing","floor":24,"turns":6},{"damage":38,"enemies":"Snake Plant","floor":29,"turns":9},{"damage":31,"enemies":"Snecko","floor":30,"turns":5}],"seed_played":"-890956578848562137","potions_obtained":[{"floor":1,"key":"LiquidBronze"},{"floor":2,"key":"Block Potion"},{"floor":10,"key":"Regen Potion"},{"floor":12,"key":"Block Potion"},{"floor":18,"key":"Poison Potion"},{"floor":24,"key":"LiquidBronze"}],"is_trial":false,"path_per_floor":["M","M","M","M","?","R","?","E","T","M","?","M","R","$","R","B",null,"M","$","?","?","M","R","E","R","T","$","R","M"],"character_chosen":"IRONCLAD","items_purchased":["Thread and Needle"],"campfire_rested":4,"item_purchase_floors":[19],"current_hp_per_floor":[75,75,80,70,70,70,50,26,26,21,21,23,47,47,47,19,65,61,61,61,61,37,61,7,31,31,31,55,25,0],"gold":50,"neow_bonus":"ONE_RANDOM_RARE_CARD","is_prod":false,"is_daily":false,"chose_seed":false,"campfire_upgraded":2,"win_rate":0,"timestamp":1537937630,"path_taken":["M","M","M","M","?","R","?","E","T","M","?","M","R","$","R","BOSS","M","?","?","?","M","R","E","R","T","$","R","?","M"],"build_version":"2018-09-20","purchased_purges":2,"victory":false,"max_hp_per_floor":[80,80,80,80,80,80,80,80,80,80,80,80,80,80,80,80,80,80,80,80,80,80,80,80,80,80,80,80,80,80],"card_choices":[{"not_picked":["Battle Trance","Seeing Red"],"picked":"Armaments","floor":1},{"not_picked":["Dropkick","Perfected Strike"],"picked":"Body Slam","floor":2},{"not_picked":["Flame Barrier","Whirlwind"],"picked":"Body Slam","floor":3},{"not_picked":["Clothesline","Armaments","Headbutt"],"picked":"SKIP","floor":4},{"not_picked":["Feel No Pain","Clothesline"],"picked":"Anger","floor":8},{"not_picked":["Warcry","Twin Strike"],"picked":"Shrug It Off","floor":10},{"not_picked":["Carnage","Exhume","True Grit"],"picked":"SKIP","floor":12},{"not_picked":["Dark Embrace","Exhume"],"picked":"Feed","floor":16},{"not_picked":["Sword Boomerang","Headbutt","Sever Soul"],"picked":"SKIP","floor":18},{"not_picked":["Armaments+1","Flex"],"picked":"Spot Weakness","floor":22},{"not_picked":["Dual Wield","True Grit"],"picked":"Evolve+1","floor":24},{"not_picked":["Thunderclap+1","Clash","Dropkick"],"picked":"SKIP","floor":29}],"player_experience":914278,"relics_obtained":[{"floor":8,"key":"Smiling Mask"},{"floor":9,"key":"Boot"},{"floor":24,"key":"Blood Vial"},{"floor":26,"key":"Darkstone Periapt"}],"event_choices":[{"event_name":"The Cleric","player_choice":"Card Removal","floor":5,"damage_taken":0},{"event_name":"Golden Idol","player_choice":"Take Damage","floor":7,"damage_taken":0},{"event_name":"Golden Wing","player_choice":"Ignored","floor":11,"damage_taken":0},{"event_name":"Ghosts","player_choice":"Ignored","floor":20,"damage_taken":0},{"event_name":"Upgrade Shrine","player_choice":"Upgraded","floor":21,"damage_taken":0}],"is_beta":false,"boss_relics":[{"not_picked":["Velvet Choker","Snecko Eye","Cursed Key"]}],"items_purged_floors":[14,27],"is_endless":false,"potions_floor_spawned":[1,2,10,12,18,24],"killed_by":"Snecko","ascension_level":5}