{"gold_per_floor":[109,109,34,49,68,68,95,111,136,202,202],"floor_reached":11,"playtime":561,"items_purged":["Doubt"],"score":113,"play_id":"164430e3-894e-4ad2-91da-882d96d832c8","local_time":"20190110234900","is_ascension_mode":true,"campfire_choices":[{"data":"Rampage","floor":6,"key":"SMITH"}],"neow_cost":"CURSE","seed_source_timestamp":954599699129600,"circlet_count":0,"master_deck":["AscendersBane","Strike_R","Strike_R","Strike_R","Strike_R","Defend_R","Defend_R","Defend_R","Bash","Battle Trance","Rampage+1","Pummel","Dropkick","Armaments","Cleave","Infernal Blade"],"relics":["Burning Blood","SsserpentHead","Art of War","Regal Pillow"],"potions_floor_usage":[7,10,11],"damage_taken":[{"damage":7,"enemies":"Small Slimes","floor":1,"turns":3},{"damage":1,"enemies":"Cultist","floor":4,"turns":3},{"damage":6,"enemies":"2 Louse","floor":5,"turns":3},{"damage":50,"enemies":"3 Sentries","floor":7,"turns":12},{"damage":16,"enemies":"Exordium Wildlife","floor":8,"turns":5},{"damage":16,"enemies":"Gremlin Gang","floor":10,"turns":4},{"damage":37,"enemies":"Exordium Thugs","floor":11,"turns":3}],"seed_played":"4431647982919448078","potions_obtained":[{"floor":4,"key":"Regen Potion"},{"floor":8,"key":"Explosive Potion"},{"floor":10,"key":"Poison Potion"}],"is_trial":false,"path_per_floor":["M","?","$","M","M","R","E","M","T","M","M"],"character_chosen":"IRONCLAD","items_purchased":[],"campfire_rested":0,"item_purchase_floors":[],"current_hp_per_floor":[71,71,71,76,76,76,47,37,37,27,0],"gold":202,"neow_bonus":"TRANSFORM_TWO_CARDS","is_prod":false,"is_daily":false,"chose_seed":false,"campfire_upgraded":1,"win_rate":0,"timestamp":1547182140,"path_taken":["M","?","$","M","M","R","E","M","T","?","M"],"build_version":"2019-01-10","purchased_purges":1,"victory":false,"max_hp_per_floor":[80,80,80,80,80,80,80,80,80,80,80],"card_choices":[{"not_picked":["Perfected Strike","Anger","Reckless Charge"],"picked":"SKIP","floor":1},{"not_picked":["Rupture","Thunderclap"],"picked":"Pummel","floor":4},{"not_picked":["Ghostly Armor","Clash"],"picked":"Dropkick","floor":5},{"not_picked":["Sever Soul","Rupture"],"picked":"Armaments","floor":7},{"not_picked":["Armaments","Whirlwind"],"picked":"Cleave","floor":8},{"not_picked":["Dual Wield","Sever Soul"],"picked":"Infernal Blade","floor":10}],"player_experience":1727479,"relics_obtained":[{"floor":7,"key":"Art of War"},{"floor":9,"key":"Regal Pillow"}],"event_choices":[{"damage_healed":0,"gold_gain":0,"player_choice":"Trade","damage_taken":0,"relics_obtained":["SsserpentHead"],"max_hp_gain":0,"max_hp_loss":0,"event_name":"FaceTrader","floor":2,"gold_loss":0}],"is_beta":false,"boss_relics":[],"items_purged_floors":[3],"is_endless":false,"potions_floor_spawned":[4,8,10],"killed_by":"Exordium Thugs","ascension_level":10}