{"gold_per_floor":[117,267,267,267,38,66,66,31,31,46,46,81,57,76,76,149,149,165,181,200,100,100,100,100,100,123,148,148,173,173,173,173,250,300,313,313,331,127,142,177,177,202,226,226,239,249,262,280,280,280,280,280,89,119,119],"floor_reached":56,"playtime":3225,"items_purged":["Doubt","Scrape"],"score":2052,"play_id":"3f24a316-114c-4bcc-91ba-3fbeaa75a720","local_time":"20190430221040","is_ascension_mode":true,"campfire_choices":[{"data":"Buffer","floor":7,"key":"SMITH"},{"data":"Self Repair","floor":11,"key":"SMITH"},{"data":"Leap","floor":15,"key":"SMITH"},{"data":"Biased Cognition","floor":23,"key":"SMITH"},{"data":"Capacitor","floor":25,"key":"SMITH"},{"data":"Zap","floor":28,"key":"SMITH"},{"data":"Coolheaded","floor":32,"key":"SMITH"},{"data":"Echo Form","floor":41,"key":"SMITH"},{"floor":49,"key":"RECALL"},{"data":"Defragment","floor":52,"key":"SMITH"}],"neow_cost":"NONE","seed_source_timestamp":803651396660273,"circlet_count":0,"master_deck":["AscendersBane","Zap+1","Dualcast","Self Repair+1","Buffer+1","Ball Lightning","Compile Driver","Cold Snap","Leap+1","Electrodynamics","Self Repair","Glacier+1","Capacitor+1","Cold Snap","FTL","Biased Cognition+1","Compile Driver","BootSequence","Glacier","Coolheaded+1","Writhe","Echo Form+1","Go for the Eyes","Conserve Battery","Conserve Battery","Parasite","Defragment+1","Glacier+1","Defragment"],"relics":["Cracked Core","NeowsBlessing","Centennial Puzzle","Orichalcum","Kunai","Incense Burner","Ornamental Fan","Pandora\u0027s Box","MutagenicStrength","DataDisk","StoneCalendar","Shuriken","Sundial","Tiny House","Toy Ornithopter","Ancient Tea Set","Bag of Preparation","OrangePellets","Vajra"],"potions_floor_usage":[12,18,20,27,46,55,55],"damage_taken":[{"damage":0,"enemies":"Small Slimes","floor":1,"turns":1},{"damage":0,"enemies":"3 Sentries","floor":6,"turns":1},{"damage":0,"enemies":"2 Louse","floor":10,"turns":1},{"damage":0,"enemies":"Lagavulin","floor":12,"turns":5},{"damage":0,"enemies":"Jaw Worm","floor":14,"turns":3},{"damage":36,"enemies":"The Guardian","floor":16,"turns":16},{"damage":0,"enemies":"3 Byrds","floor":18,"turns":2},{"damage":0,"enemies":"Spheric Guardian","floor":19,"turns":4},{"damage":12,"enemies":"Centurion and Healer","floor":20,"turns":4},{"damage":0,"enemies":"Book of Stabbing","floor":27,"turns":8},{"damage":23,"enemies":"Slavers","floor":29,"turns":3},{"damage":6,"enemies":"Collector","floor":33,"turns":10},{"damage":11,"enemies":"3 Shapes","floor":35,"turns":3},{"damage":28,"enemies":"3 Darklings","floor":37,"turns":4},{"damage":4,"enemies":"Sphere and 2 Shapes","floor":39,"turns":4},{"damage":7,"enemies":"Giant Head","floor":40,"turns":10},{"damage":52,"enemies":"Reptomancer","floor":42,"turns":12},{"damage":21,"enemies":"Transient","floor":45,"turns":5},{"damage":17,"enemies":"Writhing Mass","floor":46,"turns":6},{"damage":15,"enemies":"Sphere and 2 Shapes","floor":47,"turns":7},{"damage":0,"enemies":"Maw","floor":48,"turns":8},{"damage":70,"enemies":"Donu and Deca","floor":50,"turns":12},{"damage":9,"enemies":"Shield and Spear","floor":54,"turns":11},{"damage":44,"enemies":"The Heart","floor":55,"turns":15}],"seed_played":"-8805289184776782020","potions_obtained":[{"floor":1,"key":"Energy Potion"},{"floor":6,"key":"FearPotion"},{"floor":16,"key":"Fruit Juice"},{"floor":20,"key":"Weak Potion"},{"floor":29,"key":"Poison Potion"},{"floor":33,"key":"Poison Potion"},{"floor":34,"key":"LiquidBronze"},{"floor":37,"key":"Ancient Potion"},{"floor":54,"key":"SkillPotion"}],"is_trial":false,"path_per_floor":["M","?","?","T","$","E","R","?","T","M","R","E","$","M","R","B",null,"M","M","M","$","?","R","?","R","T","E","R","E","?","?","R","B",null,"M","?","M","$","M","E","R","E","T","?","M","M","M","M","R","B",null,"R","$","E","B",null],"character_chosen":"DEFECT","items_purchased":["Orichalcum","Cold Snap","Toy Ornithopter","OrangePellets"],"campfire_rested":0,"item_purchase_floors":[5,13,38,53],"current_hp_per_floor":[64,64,69,69,69,69,69,76,76,76,76,76,76,76,76,50,70,75,81,81,81,81,81,81,81,81,81,81,68,81,81,81,81,86,82,82,71,71,67,84,84,56,56,56,45,57,69,86,86,33,73,73,73,86,66],"gold":119,"neow_bonus":"THREE_ENEMY_KILL","is_prod":false,"is_daily":false,"chose_seed":false,"campfire_upgraded":9,"win_rate":0,"timestamp":1556655040,"path_taken":["M","?","?","?","?","E","R","?","T","?","R","E","?","M","R","BOSS","M","?","M","$","?","R","?","R","T","E","R","E","?","?","R","BOSS","M","?","M","$","M","E","R","E","T","?","M","M","?","?","R","BOSS","R","$","E","BOSS"],"build_version":"2019-04-23","purchased_purges":2,"victory":true,"max_hp_per_floor":[71,71,76,76,76,76,76,76,76,76,76,76,76,76,76,76,76,81,81,81,81,81,81,81,81,81,81,81,81,81,81,81,81,86,86,86,86,86,86,86,86,86,86,86,86,86,86,86,86,86,86,86,86,86,86],"card_choices":[{"not_picked":["Gash","Go for the Eyes"],"picked":"Self Repair","floor":1},{"not_picked":["Heatsinks","Undo"],"picked":"Buffer","floor":6},{"not_picked":["Rebound","Barrage"],"picked":"Ball Lightning","floor":10},{"not_picked":["Reinforced Body","Streamline"],"picked":"Compile Driver","floor":12},{"not_picked":["Loop","Steam"],"picked":"Leap","floor":14},{"not_picked":["Meteor Strike","All For One"],"picked":"Electrodynamics","floor":16},{"not_picked":["Redo","Leap","Recycle"],"picked":"SKIP","floor":18},{"not_picked":["Hologram+1","Redo"],"picked":"Compile Driver","floor":19},{"not_picked":["Hyperbeam","Leap"],"picked":"BootSequence","floor":20},{"not_picked":["Leap","Glacier","Gash"],"picked":"SKIP","floor":27},{"not_picked":["Leap","Gash"],"picked":"Glacier","floor":27},{"not_picked":["Barrage","Ball Lightning"],"picked":"Coolheaded","floor":29},{"not_picked":["All For One","Amplify"],"picked":"Echo Form","floor":33},{"not_picked":["Leap+1","Beam Cell"],"picked":"Go for the Eyes","floor":34},{"not_picked":["Rip and Tear","Recycle","Compile Driver"],"picked":"SKIP","floor":35},{"not_picked":["Barrage+1","Turbo+1"],"picked":"Conserve Battery","floor":37},{"not_picked":["Beam Cell","Storm"],"picked":"Conserve Battery","floor":39},{"not_picked":["Compile Driver+1","Doom and Gloom","Rebound"],"picked":"SKIP","floor":40},{"not_picked":["Hologram","Self Repair","Force Field+1"],"picked":"SKIP","floor":42},{"not_picked":["Gash","Streamline","Genetic Algorithm+1"],"picked":"SKIP","floor":45},{"not_picked":["Ball Lightning","Rebound","Genetic Algorithm"],"picked":"SKIP","floor":46},{"not_picked":["Machine Learning","Sweeping Beam"],"picked":"Defragment","floor":47},{"not_picked":["Steam+1","Beam Cell"],"picked":"Glacier+1","floor":48},{"not_picked":["Redo","Tempest"],"picked":"Defragment","floor":54}],"player_experience":1376411,"relics_obtained":[{"floor":4,"key":"Centennial Puzzle"},{"floor":6,"key":"Kunai"},{"floor":9,"key":"Incense Burner"},{"floor":12,"key":"Ornamental Fan"},{"floor":26,"key":"DataDisk"},{"floor":27,"key":"StoneCalendar"},{"floor":29,"key":"Shuriken"},{"floor":40,"key":"Ancient Tea Set"},{"floor":42,"key":"Bag of Preparation"},{"floor":54,"key":"Vajra"}],"event_choices":[{"damage_healed":0,"gold_gain":150,"player_choice":"AGREE","damage_taken":0,"max_hp_gain":0,"max_hp_loss":0,"event_name":"Liars Game","floor":2,"gold_loss":0,"cards_obtained":["Doubt"]},{"damage_healed":0,"gold_gain":0,"player_choice":"Donut","damage_taken":0,"max_hp_gain":5,"max_hp_loss":0,"event_name":"Big Fish","floor":3,"gold_loss":0},{"damage_healed":19,"gold_gain":0,"player_choice":"Healed","damage_taken":0,"max_hp_gain":0,"max_hp_loss":0,"event_name":"The Cleric","floor":8,"gold_loss":35},{"damage_healed":0,"gold_gain":0,"player_choice":"Inject Mutagens","damage_taken":0,"relics_obtained":["MutagenicStrength"],"max_hp_gain":0,"max_hp_loss":0,"event_name":"Drug Dealer","floor":22,"gold_loss":0},{"cards_removed":["Streamline"],"damage_healed":0,"gold_gain":0,"player_choice":"Elegance","damage_taken":0,"max_hp_gain":0,"max_hp_loss":0,"event_name":"Back to Basics","floor":24,"gold_loss":0},{"damage_healed":16,"gold_gain":0,"player_choice":"Heal","damage_taken":0,"max_hp_gain":0,"max_hp_loss":0,"event_name":"The Library","floor":30,"gold_loss":0},{"damage_healed":0,"gold_gain":0,"player_choice":"Opened","damage_taken":0,"relics_obtained":["Sundial"],"max_hp_gain":0,"max_hp_loss":0,"event_name":"The Mausoleum","floor":31,"gold_loss":0,"cards_obtained":["Writhe"]},{"damage_healed":0,"gold_gain":0,"player_choice":"Ignored","damage_taken":0,"max_hp_gain":0,"max_hp_loss":0,"event_name":"Tomb of Lord Red Mask","floor":36,"gold_loss":0},{"damage_healed":0,"gold_gain":0,"player_choice":"Ignored","damage_taken":0,"max_hp_gain":0,"max_hp_loss":0,"event_name":"SecretPortal","floor":44,"gold_loss":0}],"is_beta":true,"boss_relics":[{"not_picked":["Snecko Eye","Black Star"],"picked":"Pandora\u0027s Box"},{"not_picked":["FrozenCore","Runic Dome"],"picked":"Tiny House"}],"items_purged_floors":[5,21],"is_endless":false,"potions_floor_spawned":[1,6,16,20,29,33,37,39,40,54],"ascension_level":15}