{"gold_per_floor":[117,135,146,157,172,205,205,216,216,231,242,242,260,272,272,374,374,391,407,422,62,80,80,80,80],"floor_reached":25,"playtime":1172,"items_purged":["Strike_B"],"score":245,"play_id":"c5174234-7a0b-41d8-ab95-6a459aaf8e61","local_time":"20190421180227","is_ascension_mode":true,"campfire_choices":[{"floor":12,"key":"REST"},{"floor":15,"key":"REST"},{"floor":23,"key":"REST"}],"neow_cost":"NONE","seed_source_timestamp":13224372930115,"circlet_count":0,"master_deck":["Strike_B","Strike_B","Defend_B","Defend_B","Defend_B","Defend_B","Zap","Dualcast","Coolheaded","Hologram","Defragment","Leap","Barrage","Beam Cell","Darkness","Steam","Steam+1","Defragment","FTL"],"relics":["Cracked Core","Centennial Puzzle","Mercury Hourglass","Busted Crown","DataDisk"],"potions_floor_usage":[5,6,8,10,10,22,22,25],"damage_taken":[{"damage":3,"enemies":"Small Slimes","floor":1,"turns":4},{"damage":1,"enemies":"Cultist","floor":2,"turns":3},{"damage":0,"enemies":"Jaw Worm","floor":3,"turns":5},{"damage":14,"enemies":"Red Slaver","floor":4,"turns":4},{"damage":4,"enemies":"3 Louse","floor":5,"turns":2},{"damage":34,"enemies":"Gremlin Nob","floor":6,"turns":4},{"damage":7,"enemies":"2 Fungi Beasts","floor":8,"turns":3},{"damage":5,"enemies":"Exordium Thugs","floor":10,"turns":4},{"damage":3,"enemies":"Lots of Slimes","floor":11,"turns":3},{"damage":0,"enemies":"Large Slime","floor":13,"turns":5},{"damage":9,"enemies":"Gremlin Gang","floor":14,"turns":5},{"damage":33,"enemies":"The Guardian","floor":16,"turns":12},{"damage":10,"enemies":"Spheric Guardian","floor":18,"turns":4},{"damage":13,"enemies":"Chosen","floor":19,"turns":5},{"damage":20,"enemies":"Centurion and Healer","floor":20,"turns":7},{"damage":24,"enemies":"Snake Plant","floor":22,"turns":3},{"damage":33,"enemies":"Book of Stabbing","floor":25,"turns":5}],"seed_played":"-3833722571727282802","potions_obtained":[{"floor":3,"key":"Swift Potion"},{"floor":4,"key":"Explosive Potion"},{"floor":5,"key":"SpeedPotion"},{"floor":7,"key":"Energy Potion"},{"floor":7,"key":"Fire Potion"},{"floor":8,"key":"EssenceOfSteel"},{"floor":16,"key":"SneckoOil"},{"floor":20,"key":"AttackPotion"}],"is_trial":false,"path_per_floor":["M","M","M","M","M","E","?","M","T","M","M","R","M","M","R","B",null,"M","M","M","$","M","R","?","E"],"character_chosen":"DEFECT","items_purchased":["DataDisk","Defragment","FTL"],"campfire_rested":3,"item_purchase_floors":[21,21,21],"current_hp_per_floor":[72,71,71,57,53,19,19,12,12,7,4,26,26,17,39,6,75,65,52,32,32,8,30,30,0],"gold":80,"neow_bonus":"REMOVE_CARD","is_prod":false,"is_daily":false,"chose_seed":false,"campfire_upgraded":0,"win_rate":0,"timestamp":1555862547,"path_taken":["M","M","M","M","M","E","?","M","T","M","M","R","M","?","R","BOSS","M","M","?","$","M","R","?","E"],"build_version":"2019-04-20","purchased_purges":1,"victory":false,"max_hp_per_floor":[75,75,75,75,75,75,75,75,75,75,75,75,75,75,75,75,75,75,75,75,75,75,75,75,75],"card_choices":[{"not_picked":["Stack","Turbo","Scrape"],"picked":"SKIP","floor":1},{"not_picked":["Turbo","Steam"],"picked":"Coolheaded","floor":2},{"not_picked":["Steam","Stack"],"picked":"Hologram","floor":3},{"not_picked":["Coolheaded","Go for the Eyes","Hologram"],"picked":"SKIP","floor":4},{"not_picked":["Aggregate","Gash"],"picked":"Defragment","floor":5},{"not_picked":["Hologram","Thunder Strike"],"picked":"Leap","floor":6},{"not_picked":["Coolheaded","Leap"],"picked":"Barrage","floor":8},{"not_picked":["Stack","Consume"],"picked":"Beam Cell","floor":10},{"not_picked":["Heatsinks","Chill"],"picked":"Darkness","floor":11},{"not_picked":["Rebound","Conserve Battery","Compile Driver"],"picked":"SKIP","floor":13},{"not_picked":["Compile Driver","Lockon"],"picked":"Steam","floor":14},{"not_picked":["Turbo"],"picked":"SKIP","floor":18},{"not_picked":[],"picked":"Steam+1","floor":19},{"not_picked":["Barrage"],"picked":"SKIP","floor":20},{"not_picked":["Gash"],"picked":"SKIP","floor":22}],"player_experience":1146080,"relics_obtained":[{"floor":6,"key":"Centennial Puzzle"},{"floor":9,"key":"Mercury Hourglass"}],"event_choices":[{"damage_healed":0,"gold_gain":0,"player_choice":"Got Potions","damage_taken":0,"max_hp_gain":0,"max_hp_loss":0,"event_name":"Lab","floor":7,"gold_loss":0}],"is_beta":true,"boss_relics":[{"not_picked":["Ectoplasm","Velvet Choker"],"picked":"Busted Crown"}],"items_purged_floors":[21],"is_endless":false,"potions_floor_spawned":[3,4,5,8,16,20],"killed_by":"Book of Stabbing","ascension_level":3}