{"gold_per_floor":[210,53,53,71,89,124,136,136,162,225,15,32,32,42,42,42],"floor_reached":16,"playtime":479,"items_purged":[],"score":117,"play_id":"a738902c-cbda-4604-b3e2-ff2f743afae9","local_time":"20190421143136","is_ascension_mode":true,"campfire_choices":[{"data":"Multi-Cast","floor":8,"key":"SMITH"},{"data":"Auto Shields","floor":15,"key":"SMITH"}],"neow_cost":"NONE","seed_source_timestamp":1266268427226,"circlet_count":0,"master_deck":["Strike_B","Strike_B","Strike_B","Defend_B","Defend_B","Defend_B","Defend_B","Zap","Dualcast","Capacitor","Doom and Gloom","Barrage","Auto Shields+1","Sweeping Beam","Multi-Cast+1","Leap","Coolheaded","Capacitor","Self Repair","Heatsinks","Self Repair"],"relics":["Cracked Core","Ancient Tea Set","DataDisk","Omamori","Juzu Bracelet","DollysMirror"],"potions_floor_usage":[10,16],"damage_taken":[{"damage":1,"enemies":"Cultist","floor":1,"turns":3},{"damage":4,"enemies":"Jaw Worm","floor":4,"turns":4},{"damage":1,"enemies":"2 Louse","floor":5,"turns":3},{"damage":20,"enemies":"3 Sentries","floor":6,"turns":7},{"damage":0,"enemies":"2 Fungi Beasts","floor":7,"turns":2},{"damage":8,"enemies":"Gremlin Nob","floor":10,"turns":3},{"damage":0,"enemies":"Large Slime","floor":12,"turns":4},{"damage":8,"enemies":"3 Louse","floor":14,"turns":4},{"damage":34,"enemies":"Slime Boss","floor":16,"turns":6}],"seed_played":"-6028329171405453840","potions_obtained":[{"floor":1,"key":"SkillPotion"},{"floor":4,"key":"Energy Potion"},{"floor":6,"key":"LiquidBronze"}],"is_trial":false,"path_per_floor":["M","$","?","M","M","E","M","R","T","?","$","M","?","M","R","B"],"character_chosen":"DEFECT","items_purchased":["Capacitor","Doom and Gloom","Barrage","DollysMirror"],"campfire_rested":0,"item_purchase_floors":[2,2,2,11],"current_hp_per_floor":[74,74,62,58,57,37,37,37,37,29,29,29,29,28,28,0],"gold":42,"neow_bonus":"HUNDRED_GOLD","is_prod":false,"is_daily":false,"chose_seed":false,"campfire_upgraded":2,"win_rate":0,"timestamp":1555849896,"path_taken":["M","$","?","M","M","E","M","R","T","?","$","M","?","M","R","BOSS"],"build_version":"2019-04-20","purchased_purges":0,"victory":false,"max_hp_per_floor":[75,75,75,75,75,75,75,75,75,75,75,75,75,75,75,75],"card_choices":[{"not_picked":["Steam Power","Chaos","Rebound"],"picked":"SKIP","floor":1},{"not_picked":["Doom and Gloom","Go for the Eyes"],"picked":"Auto Shields","floor":4},{"not_picked":["Auto Shields","Beam Cell"],"picked":"Sweeping Beam","floor":5},{"not_picked":["Rebound","Turbo"],"picked":"Multi-Cast","floor":6},{"not_picked":["Hologram","Double Energy"],"picked":"Leap","floor":7},{"not_picked":["Undo","Turbo"],"picked":"Coolheaded","floor":10},{"not_picked":["White Noise","Aggregate"],"picked":"Self Repair","floor":12},{"not_picked":["Beam Cell","Stack"],"picked":"Self Repair","floor":14}],"player_experience":1138690,"relics_obtained":[{"floor":6,"key":"DataDisk"},{"floor":9,"key":"Omamori"},{"floor":10,"key":"Juzu Bracelet"}],"event_choices":[{"damage_healed":0,"gold_gain":0,"player_choice":"Success","damage_taken":12,"relics_obtained":["Ancient Tea Set"],"max_hp_gain":0,"max_hp_loss":0,"event_name":"Scrap Ooze","floor":3,"gold_loss":0},{"damage_healed":0,"gold_gain":0,"player_choice":"Searched \u00272\u0027 times","damage_taken":0,"max_hp_gain":0,"max_hp_loss":0,"event_name":"Dead Adventurer","floor":10,"gold_loss":0},{"damage_healed":0,"gold_gain":0,"cards_transformed":["Strike_B"],"player_choice":"Transformed","damage_taken":0,"max_hp_gain":0,"max_hp_loss":0,"event_name":"Transmorgrifier","floor":13,"gold_loss":0,"cards_obtained":["Heatsinks"]}],"is_beta":true,"boss_relics":[],"items_purged_floors":[],"is_endless":false,"potions_floor_spawned":[1,4,6],"killed_by":"Slime Boss","ascension_level":3}