{"gold_per_floor":[119,132,53,70,83,112,112,112,135,155,155,155,168,211,211,304,304,322,342,362,287,287,287,287],"floor_reached":24,"playtime":1121,"items_purged":[],"score":395,"play_id":"34ebe983-3ff2-4a24-89b9-504b0a6bf5de","local_time":"20190505164605","is_ascension_mode":true,"campfire_choices":[{"data":"Armaments","floor":7,"key":"SMITH"},{"floor":12,"key":"REST"},{"data":"Battle Trance","floor":15,"key":"SMITH"},{"data":"Juggernaut","floor":23,"key":"SMITH"}],"neow_cost":"NONE","seed_source_timestamp":1218294031425190,"circlet_count":0,"master_deck":["AscendersBane","Strike_R","Strike_R","Strike_R","Defend_R","Defend_R","Defend_R","Defend_R","Bash+1","Armaments+1","Iron Wave","Battle Trance+1","Shrug It Off","Armaments+1","Reaper","Thunderclap","Cleave","Clothesline","Juggernaut+1","Iron Wave","Headbutt+1","Shrug It Off"],"relics":["Burning Blood","Art of War","Bronze Scales","Golden Idol","Red Skull","Coffee Dripper"],"potions_floor_usage":[6,14,19],"damage_taken":[{"damage":9,"enemies":"2 Louse","floor":1,"turns":3},{"damage":2,"enemies":"Jaw Worm","floor":2,"turns":5},{"damage":1,"enemies":"Cultist","floor":4,"turns":3},{"damage":16,"enemies":"Lots of Slimes","floor":5,"turns":7},{"damage":44,"enemies":"3 Sentries","floor":6,"turns":18},{"damage":9,"enemies":"Exordium Thugs","floor":10,"turns":7},{"damage":1,"enemies":"2 Fungi Beasts","floor":13,"turns":3},{"damage":10,"enemies":"Lagavulin","floor":14,"turns":9},{"damage":41,"enemies":"Hexaghost","floor":16,"turns":13},{"damage":19,"enemies":"Spheric Guardian","floor":18,"turns":4},{"damage":11,"enemies":"Chosen","floor":19,"turns":5},{"damage":23,"enemies":"3 Cultists","floor":20,"turns":5},{"damage":73,"enemies":"Gremlin Leader","floor":24,"turns":4}],"seed_played":"1421639294651893001","potions_obtained":[{"floor":2,"key":"SpeedPotion"},{"floor":10,"key":"Weak Potion"},{"floor":13,"key":"Ancient Potion"},{"floor":14,"key":"Poison Potion"},{"floor":16,"key":"LiquidBronze"},{"floor":20,"key":"SmokeBomb"}],"is_trial":false,"path_per_floor":["M","M","$","M","M","E","R","?","T","M","?","R","M","E","R","B",null,"M","M","M","?","?","R","E"],"character_chosen":"IRONCLAD","items_purchased":["Battle Trance"],"campfire_rested":1,"item_purchase_floors":[3],"current_hp_per_floor":[65,69,69,74,64,26,26,26,26,28,28,48,62,64,64,29,58,50,45,40,40,40,40,0],"gold":287,"neow_bonus":"UPGRADE_CARD","is_prod":false,"is_daily":false,"chose_seed":false,"campfire_upgraded":3,"win_rate":0,"timestamp":1557067565,"path_taken":["M","M","$","M","M","E","R","?","T","M","?","R","M","E","R","BOSS","M","M","M","?","?","R","E"],"build_version":"2019-04-23","purchased_purges":0,"victory":false,"max_hp_per_floor":[75,75,75,75,75,75,75,75,75,75,68,68,68,68,68,68,68,68,68,68,68,68,68,68],"card_choices":[{"not_picked":["Warcry","Entrench"],"picked":"Armaments","floor":1},{"not_picked":["Pommel Strike","Bloodletting"],"picked":"Iron Wave","floor":2},{"not_picked":["Perfected Strike","Fire Breathing"],"picked":"Shrug It Off","floor":4},{"not_picked":["Evolve","Thunderclap"],"picked":"Armaments","floor":5},{"not_picked":["Headbutt","Rage"],"picked":"Reaper","floor":6},{"not_picked":["Pummel","Pommel Strike"],"picked":"Thunderclap","floor":10},{"not_picked":["Second Wind","Anger"],"picked":"Cleave","floor":13},{"not_picked":["Blood for Blood","Twin Strike"],"picked":"Clothesline","floor":14},{"not_picked":["Brutality","Dark Embrace"],"picked":"Juggernaut","floor":16},{"not_picked":["Cleave","Anger","Bloodletting"],"picked":"SKIP","floor":18},{"not_picked":["Heavy Blade","Shrug It Off"],"picked":"Iron Wave","floor":19},{"not_picked":["Iron Wave","Evolve+1"],"picked":"Headbutt+1","floor":20}],"player_experience":1525533,"relics_obtained":[{"floor":6,"key":"Art of War"},{"floor":9,"key":"Bronze Scales"},{"floor":14,"key":"Red Skull"}],"event_choices":[{"damage_healed":0,"gold_gain":0,"player_choice":"Grow","damage_taken":0,"max_hp_gain":0,"max_hp_loss":0,"event_name":"Living Wall","floor":8,"gold_loss":0,"cards_upgraded":["Armaments"]},{"damage_healed":0,"gold_gain":0,"player_choice":"Lose Max HP","damage_taken":0,"relics_obtained":["Golden Idol"],"max_hp_gain":0,"max_hp_loss":7,"event_name":"Golden Idol","floor":11,"gold_loss":0},{"cards_removed":["Strike_R"],"damage_healed":0,"gold_gain":0,"player_choice":"Gave Gold","damage_taken":0,"max_hp_gain":0,"max_hp_loss":0,"event_name":"Beggar","floor":21,"gold_loss":75},{"damage_healed":0,"gold_gain":0,"cards_transformed":["Strike_R"],"player_choice":"Transformed","damage_taken":0,"max_hp_gain":0,"max_hp_loss":0,"event_name":"Transmorgrifier","floor":22,"gold_loss":0,"cards_obtained":["Shrug It Off"]}],"is_beta":true,"boss_relics":[{"not_picked":["Astrolabe","Mark of Pain"],"picked":"Coffee Dripper"}],"items_purged_floors":[],"is_endless":false,"potions_floor_spawned":[2,10,13,14,16,20],"killed_by":"Gremlin Leader","ascension_level":18}