{"gold_per_floor":[119,132,148,148,167,167,196,196,196,208,218,235,268,268,268,346,346,359,107,123,38,38],"floor_reached":22,"playtime":579,"items_purged":["Strike_B"],"score":376,"play_id":"744020f9-2502-43bc-99e6-3c11d949aa18","local_time":"20190505172705","is_ascension_mode":true,"campfire_choices":[{"data":"Doom and Gloom","floor":6,"key":"SMITH"},{"data":"Conserve Battery","floor":8,"key":"SMITH"},{"floor":15,"key":"REST"}],"neow_cost":"NONE","seed_source_timestamp":1221294466201979,"circlet_count":0,"master_deck":["AscendersBane","Strike_B","Strike_B","Strike_B","Defend_B","Defend_B","Defend_B","Defend_B","Zap+1","Dualcast","Doom and Gloom+1","Compile Driver","Go for the Eyes","Conserve Battery+1","Ball Lightning","Hologram","Capacitor","Conserve Battery","Electrodynamics","Sweeping Beam","Chill","Capacitor","Defragment","Self Repair"],"relics":["Cracked Core","Vajra","Blood Vial","Singing Bowl","GremlinMask","Sozu"],"potions_floor_usage":[7,18],"damage_taken":[{"damage":0,"enemies":"Cultist","floor":1,"turns":3},{"damage":7,"enemies":"Jaw Worm","floor":2,"turns":3},{"damage":0,"enemies":"Small Slimes","floor":3,"turns":2},{"damage":1,"enemies":"2 Fungi Beasts","floor":5,"turns":3},{"damage":10,"enemies":"3 Sentries","floor":7,"turns":4},{"damage":3,"enemies":"Exordium Wildlife","floor":10,"turns":2},{"damage":0,"enemies":"3 Louse","floor":11,"turns":1},{"damage":8,"enemies":"Large Slime","floor":12,"turns":4},{"damage":31,"enemies":"Gremlin Nob","floor":13,"turns":4},{"damage":18,"enemies":"Slime Boss","floor":16,"turns":5},{"damage":26,"enemies":"Shell Parasite","floor":18,"turns":5},{"damage":12,"enemies":"3 Byrds","floor":20,"turns":2},{"damage":33,"enemies":"3 Cultists","floor":22,"turns":3}],"seed_played":"1760461105228511585","potions_obtained":[{"floor":1,"key":"Explosive Potion"},{"floor":2,"key":"SkillPotion"},{"floor":10,"key":"Poison Potion"},{"floor":13,"key":"Fire Potion"}],"is_trial":false,"path_per_floor":["M","M","M","?","M","R","E","R","T","M","M","M","E","?","R","B",null,"M","$","M","$","M"],"character_chosen":"DEFECT","items_purchased":["Chill","Capacitor","Self Repair"],"campfire_rested":1,"item_purchase_floors":[19,19,21],"current_hp_per_floor":[64,57,57,62,61,61,51,51,51,50,52,46,19,19,42,26,65,41,41,31,31,0],"gold":38,"neow_bonus":"UPGRADE_CARD","is_prod":false,"is_daily":false,"chose_seed":false,"campfire_upgraded":2,"win_rate":0,"timestamp":1557070025,"path_taken":["M","M","M","?","M","R","E","R","T","M","M","M","E","?","R","BOSS","M","$","M","?","M"],"build_version":"2019-04-23","purchased_purges":1,"victory":false,"max_hp_per_floor":[71,71,71,76,76,76,76,76,76,76,76,76,78,78,78,78,78,78,78,78,78,78],"card_choices":[{"not_picked":["FTL","White Noise"],"picked":"Doom and Gloom","floor":1},{"not_picked":["Rebound","Steam"],"picked":"Compile Driver","floor":2},{"not_picked":["Static Discharge","Scrape"],"picked":"Go for the Eyes","floor":3},{"not_picked":["Aggregate","Loop"],"picked":"Conserve Battery","floor":5},{"not_picked":["Leap","Redo"],"picked":"Ball Lightning","floor":7},{"not_picked":["Beam Cell","Cold Snap"],"picked":"Hologram","floor":10},{"not_picked":["Cold Snap","Compile Driver"],"picked":"Capacitor","floor":11},{"not_picked":["Reboot","Rebound"],"picked":"Conserve Battery","floor":12},{"not_picked":["Auto Shields","Hyperbeam","Beam Cell"],"picked":"Singing Bowl","floor":13},{"not_picked":["Meteor Strike","Biased Cognition"],"picked":"Electrodynamics","floor":16},{"not_picked":["Gash","Static Discharge"],"picked":"Sweeping Beam","floor":18},{"not_picked":["Turbo","Amplify"],"picked":"Defragment","floor":20}],"player_experience":1528484,"relics_obtained":[{"floor":7,"key":"Vajra"},{"floor":9,"key":"Blood Vial"},{"floor":13,"key":"Singing Bowl"}],"event_choices":[{"damage_healed":0,"gold_gain":0,"player_choice":"Donut","damage_taken":0,"max_hp_gain":5,"max_hp_loss":0,"event_name":"Big Fish","floor":4,"gold_loss":0},{"damage_healed":0,"gold_gain":0,"player_choice":"Trade","damage_taken":0,"relics_obtained":["GremlinMask"],"max_hp_gain":0,"max_hp_loss":0,"event_name":"FaceTrader","floor":14,"gold_loss":0}],"is_beta":true,"boss_relics":[{"not_picked":["Runic Pyramid","Velvet Choker"],"picked":"Sozu"}],"items_purged_floors":[19],"is_endless":false,"potions_floor_spawned":[1,2,10,13,18],"killed_by":"3 Cultists","ascension_level":18}