{"gold_per_floor":[11,27,27,43,62,97,97,97,123,123,123,150,72,82,82,185,235,247,247,0,200,125,159,177,177,203,29,44,78,78,78],"floor_reached":31,"playtime":1330,"items_purged":[],"score":298,"play_id":"ea938b46-b167-479e-b0e1-e5fe6d537e78","local_time":"20180831214358","is_ascension_mode":true,"campfire_choices":[{"data":"Heavy Blade","floor":7,"key":"SMITH"},{"data":"Body Slam","floor":11,"key":"SMITH"},{"data":"Inflame","floor":15,"key":"SMITH"},{"floor":25,"key":"REST"}],"neow_cost":"NO_GOLD","seed_source_timestamp":77658938904759,"circlet_count":0,"master_deck":["Strike_R","Strike_R","Strike_R","Defend_R","Defend_R","Defend_R","Defend_R","Bash","Fire Breathing","Heavy Blade+1","Body Slam+1","Exhume","Twin Strike","Inflame+1","Double Tap+1","Armaments","Shrug It Off","J.A.X.","Twin Strike+1","Metallicize+1","Heavy Blade","Limit Break","Armaments","Body Slam"],"relics":["Burning Blood","Unceasing Top","Vajra","Dream Catcher","Bag of Preparation","Odd Mushroom","Tiny House","Blue Candle","Happy Flower","Orichalcum","Bottled Lightning"],"potions_floor_usage":[6,16,23,23,29],"damage_taken":[{"damage":8,"enemies":"2 Louse","floor":1,"turns":3},{"damage":0,"enemies":"Small Slimes","floor":2,"turns":3},{"damage":1,"enemies":"Cultist","floor":4,"turns":3},{"damage":0,"enemies":"Large Slime","floor":5,"turns":5},{"damage":30,"enemies":"3 Sentries","floor":6,"turns":11},{"damage":14,"enemies":"The Mushroom Lair","floor":12,"turns":4},{"damage":0,"enemies":"Exordium Wildlife","floor":14,"turns":3},{"damage":50,"enemies":"Hexaghost","floor":16,"turns":10},{"damage":25,"enemies":"Shell Parasite","floor":18,"turns":5},{"damage":44,"enemies":"Gremlin Leader","floor":23,"turns":8},{"damage":10,"enemies":"Chosen","floor":24,"turns":4},{"damage":13,"enemies":"Shelled Parasite and Fungi","floor":28,"turns":4},{"damage":41,"enemies":"Book of Stabbing","floor":29,"turns":6},{"damage":24,"enemies":"Snecko","floor":31,"turns":4}],"seed_played":"-3480134690993865342","potions_obtained":[{"floor":1,"key":"Weak Potion"},{"floor":5,"key":"Block Potion"},{"floor":12,"key":"PowerPotion"},{"floor":16,"key":"SneckoOil"},{"floor":17,"key":"BloodPotion"},{"floor":18,"key":"Regen Potion"},{"floor":23,"key":"Dexterity Potion"}],"is_trial":false,"path_per_floor":["M","M","?","M","M","E","R","?","T","?","R","?","$","M","R","B",null,"M","?","$","?","?","E","M","R","T","$","M","E","?"],"character_chosen":"IRONCLAD","items_purchased":["Inflame","Blue Candle","Limit Break","Armaments"],"campfire_rested":1,"item_purchase_floors":[13,20,27,27],"current_hp_per_floor":[78,80,73,78,80,56,56,56,56,56,56,48,48,54,54,10,85,66,66,66,66,66,45,41,66,66,66,59,24,24,0],"gold":78,"neow_bonus":"ONE_RARE_RELIC","is_prod":false,"is_daily":false,"chose_seed":false,"campfire_upgraded":3,"win_rate":0,"timestamp":1535766238,"path_taken":["M","M","?","M","M","E","R","?","T","?","R","?","?","?","R","BOSS","M","?","$","?","?","E","M","R","T","?","M","E","?","M"],"build_version":"2018-08-30","purchased_purges":0,"victory":false,"max_hp_per_floor":[80,80,80,80,80,80,80,80,80,80,80,80,80,80,80,80,85,85,85,85,85,85,85,85,85,85,85,85,85,85,85],"card_choices":[{"not_picked":["Intimidate","Thunderclap"],"picked":"Fire Breathing","floor":1},{"not_picked":["Twin Strike","Clothesline"],"picked":"Heavy Blade","floor":2},{"not_picked":["Clothesline","Sever Soul","Perfected Strike"],"picked":"SKIP","floor":4},{"not_picked":["Anger","Clothesline"],"picked":"Body Slam","floor":5},{"not_picked":["Dual Wield","Seeing Red"],"picked":"Exhume","floor":6},{"not_picked":["True Grit","Warcry"],"picked":"Twin Strike","floor":12},{"not_picked":["Headbutt","Wild Strike","Sword Boomerang"],"picked":"SKIP","floor":14},{"not_picked":["Barricade","Dark Embrace"],"picked":"Double Tap","floor":16},{"not_picked":["Clash","Wild Strike"],"picked":"Armaments","floor":17},{"not_picked":["Clothesline","Perfected Strike"],"picked":"Shrug It Off","floor":18},{"not_picked":["Burning Pact+1","Shockwave"],"picked":"Twin Strike+1","floor":23},{"not_picked":["True Grit","Body Slam"],"picked":"Metallicize+1","floor":24},{"not_picked":["Cleave","Blood for Blood"],"picked":"Heavy Blade","floor":25},{"not_picked":["Iron Wave+1","Burning Pact","Perfected Strike+1"],"picked":"SKIP","floor":28},{"not_picked":["Sentinel","Havoc"],"picked":"Body Slam","floor":29}],"player_experience":703343,"relics_obtained":[{"floor":6,"key":"Vajra"},{"floor":9,"key":"Dream Catcher"},{"floor":12,"key":"Odd Mushroom"},{"floor":23,"key":"Happy Flower"},{"floor":26,"key":"Orichalcum"},{"floor":29,"key":"Bottled Lightning"}],"event_choices":[{"event_name":"Golden Wing","player_choice":"Card Removal","floor":3,"damage_taken":0},{"event_name":"Liars Game","player_choice":"disagreed","floor":8,"damage_taken":0},{"event_name":"WeMeetAgain","player_choice":"Potion","floor":10,"damage_taken":0},{"event_name":"Mushrooms","player_choice":"Fought Mushrooms","floor":12,"damage_taken":0},{"event_name":"Drug Dealer","player_choice":"Got JAX","floor":19,"damage_taken":0},{"event_name":"Wheel of Change","player_choice":"Gold","floor":21,"damage_taken":0},{"event_name":"Beggar","player_choice":"Gave Gold","floor":22,"damage_taken":0}],"is_beta":false,"boss_relics":[{"not_picked":["White Beast Statue","Coffee Dripper"],"picked":"Tiny House"}],"items_purged_floors":[],"is_endless":false,"potions_floor_spawned":[1,5,12,16,18,23],"killed_by":"Snecko","ascension_level":2}