{"gold_per_floor":[115,115,130,130,145,145,70,96,96,96,108,121,154,165,165,260,260,279,268,268,284,27,27,59,59,59,72,72,100,120,150,150,246,246,256,118,118,173,1172,1172,1172],"floor_reached":41,"playtime":11334,"items_purged":["Pain","Regret"],"score":530,"play_id":"6d8c6af9-d7c0-485a-ac19-2e8b625ef38d","local_time":"20180830222311","is_ascension_mode":true,"campfire_choices":[{"floor":6.0,"key":"REST"},{"data":"Creative AI","floor":15.0,"key":"SMITH"},{"floor":23,"key":"REST"},{"data":"Echo Form","floor":25,"key":"SMITH"},{"floor":32,"key":"REST"},{"floor":40,"key":"REST"}],"neow_cost":"CURSE","seed_source_timestamp":0,"circlet_count":0,"master_deck":["Strike_B","Defend_B","Defend_B","Defend_B","Defend_B","Zap","Dualcast","Blizzard","Seek","Doom and Gloom","Zap","Doubt","Chill","Steam","Creative AI+1","Double Energy","Tempest","Self Repair","Glacier","Electrodynamics","Loop+1","Redo+1","Echo Form+1","Force Field","Electrodynamics","Lockon+1","Self Repair","Leap+1","Normality","Normality"],"special_seed":0,"relics":["Emotion Chip","Torii","Meat on the Bone","Juzu Bracelet","Nuclear Battery","Nloth\u0027s Gift","Cables","Letter Opener","Mercury Hourglass","Molten Egg 2","Matryoshka","Sozu","Calipers"],"potions_floor_usage":[21,24,29,30,33,41],"damage_taken":[{"damage":10.0,"enemies":"Jaw Worm","floor":1.0,"turns":4.0},{"damage":14.0,"enemies":"Cultist","floor":3.0,"turns":4.0},{"damage":12.0,"enemies":"2 Louse","floor":5.0,"turns":3.0},{"damage":22.0,"enemies":"3 Sentries","floor":8.0,"turns":8.0},{"damage":11.0,"enemies":"Blue Slaver","floor":11.0,"turns":3.0},{"damage":4.0,"enemies":"Lots of Slimes","floor":12.0,"turns":2.0},{"damage":20.0,"enemies":"Gremlin Nob","floor":13.0,"turns":5.0},{"damage":1.0,"enemies":"Looter","floor":14.0,"turns":3.0},{"damage":33.0,"enemies":"Hexaghost","floor":16.0,"turns":11.0},{"damage":13.0,"enemies":"3 Byrds","floor":18.0,"turns":4.0},{"damage":18,"enemies":"2 Thieves","floor":19,"turns":4},{"damage":34,"enemies":"Centurion and Healer","floor":21,"turns":11},{"damage":10,"enemies":"Slavers","floor":24,"turns":3},{"damage":7,"enemies":"Snake Plant","floor":27,"turns":3},{"damage":31,"enemies":"Book of Stabbing","floor":29,"turns":7},{"damage":17,"enemies":"Shelled Parasite and Fungi","floor":30,"turns":5},{"damage":12,"enemies":"Slavers","floor":31,"turns":2},{"damage":12,"enemies":"Champ","floor":33,"turns":12},{"damage":1,"enemies":"3 Darklings","floor":35,"turns":2},{"damage":28,"enemies":"Mysterious Sphere","floor":38,"turns":3},{"damage":85,"enemies":"Nemesis","floor":41,"turns":8}],"seed_played":"8471518576358633866","potions_obtained":[{"floor":3.0,"key":"SpeedPotion"},{"floor":11.0,"key":"Explosive Potion"},{"floor":12.0,"key":"Weak Potion"},{"floor":14.0,"key":"SpeedPotion"},{"floor":19,"key":"Swift Potion"},{"floor":24,"key":"Energy Potion"},{"floor":29,"key":"Block Potion"},{"floor":30,"key":"FocusPotion"},{"floor":31,"key":"Swift Potion"}],"is_trial":false,"path_per_floor":["M","?","M","?","M","R","$","E","T","?","M","M","E","M","R","B",null,"M","M","?","M","$","R","E","R","T","M","?","E","M","E","R","B",null,"M","$","?","?","?","R"],"character_chosen":"DEFECT","items_purchased":["Cables","Self Repair"],"campfire_rested":4,"item_purchase_floors":[22,36],"current_hp_per_floor":[65,65,51,51,39,61,61,39,39,39,40,48,47,53,53,39,75,69,58,58,43,43,65,55,55,55,55,55,43,52,47,69,71,75,74,74,74,46,46,68,0],"gold":1172,"neow_bonus":"TRANSFORM_TWO_CARDS","is_prod":false,"is_daily":false,"chose_seed":false,"campfire_upgraded":2,"win_rate":0,"timestamp":1535682191,"path_taken":["M","?","M","?","?","R","$","E","T","?","?","M","E","M","R","BOSS","M","M","?","M","$","R","E","R","T","M","?","E","M","E","R","BOSS","M","$","?","?","?","R","E"],"build_version":"2018-08-23v2","purchased_purges":2,"victory":false,"max_hp_per_floor":[75,75,75,75,75,75,75,75,75,75,75,75,75,75,75,75,75,75,75,75,75,75,75,75,75,75,75,75,75,75,75,75,75,75,75,75,75,75,75,75,75],"card_choices":[{"not_picked":["Leap","Sweeping Beam"],"picked":"Doom and Gloom","floor":1.0},{"not_picked":["Steam Power","Doom and Gloom"],"picked":"Steam","floor":3.0},{"not_picked":["Scrape","Blizzard"],"picked":"Double Energy","floor":5.0},{"not_picked":["Steam Power","Fusion"],"picked":"Tempest","floor":8.0},{"not_picked":["Leap","Steam"],"picked":"Self Repair","floor":11.0},{"not_picked":["Recycle","Self Repair"],"picked":"Glacier","floor":12.0},{"not_picked":["Redo","Stack"],"picked":"FTL","floor":13.0},{"not_picked":["Loop","Genetic Algorithm","Sweeping Beam"],"picked":"SKIP","floor":14.0},{"not_picked":["Meteor Strike","Biased Cognition"],"picked":"Electrodynamics","floor":16.0},{"not_picked":["Heatsinks","Steam","Redo"],"picked":"SKIP","floor":18.0},{"not_picked":["Beam Cell+1","Gash"],"picked":"Loop+1","floor":19},{"not_picked":["Steam Power","Fission"],"picked":"Redo+1","floor":21},{"not_picked":["Hyperbeam","Leap+1"],"picked":"Echo Form","floor":24},{"not_picked":["Sweeping Beam","White Noise","Rebound"],"picked":"SKIP","floor":27},{"not_picked":["Sweeping Beam","Core Surge"],"picked":"Force Field","floor":29},{"not_picked":["Turbo","Barrage+1","Reprogram"],"picked":"SKIP","floor":30},{"not_picked":["Core Surge+1","All For One+1","Tempest"],"picked":"SKIP","floor":31},{"not_picked":["Reboot","Fission"],"picked":"Electrodynamics","floor":33},{"not_picked":["Leap+1","Rebound+1"],"picked":"Lockon+1","floor":35},{"not_picked":["Heatsinks+1","Cold Snap+1"],"picked":"Leap+1","floor":38}],"player_experience":661862,"relics_obtained":[{"floor":8.0,"key":"Emotion Chip"},{"floor":9.0,"key":"Torii"},{"floor":13.0,"key":"Juzu Bracelet"},{"floor":24,"key":"Letter Opener"},{"floor":26,"key":"Mercury Hourglass"},{"floor":29,"key":"Molten Egg 2"},{"floor":31,"key":"Matryoshka"},{"floor":38,"key":"Calipers"}],"event_choices":[{"event_name":"Match and Keep!","player_choice":"3 cards matched","floor":2.0,"damage_taken":0.0},{"event_name":"Living Wall","player_choice":"Change","floor":4.0,"damage_taken":0.0},{"event_name":"Big Fish","player_choice":"Box","floor":10.0,"damage_taken":0.0},{"event_name":"N\u0027loth","player_choice":"Traded a Cracked Core","floor":20,"damage_taken":0},{"event_name":"Ghosts","player_choice":"Ignored","floor":28,"damage_taken":0},{"event_name":"Falling","player_choice":"Removed Attack","floor":37,"damage_taken":0},{"event_name":"Mysterious Sphere","player_choice":"Fight","floor":38,"damage_taken":0},{"event_name":"MindBloom","player_choice":"Gold","floor":39,"damage_taken":0}],"is_beta":false,"boss_relics":[{"not_picked":["Cursed Key","Ectoplasm"],"picked":"Nuclear Battery"},{"not_picked":["Astrolabe","Fusion Hammer"],"picked":"Sozu"}],"items_purged_floors":[7,36],"is_endless":false,"potions_floor_spawned":[3,11,12,14,19,24,29,30,31,38],"killed_by":"Nemesis","ascension_level":2}