{"gold_per_floor":[118,135,147,28,45,70,70,96,96,96,129,129,141,160,160,237,237,252,262,76,86,86,86,119,119,119,51,62,112,131,131,131,131],"floor_reached":33,"playtime":2115,"items_purged":["Strike_R","Strike_R"],"score":485,"play_id":"c5a6e3a8-9ebc-4d1f-9d0b-98f7505bda67","local_time":"20190501195203","is_ascension_mode":true,"campfire_choices":[{"data":"Bash","floor":7,"key":"SMITH"},{"data":"Disarm","floor":10,"key":"SMITH"},{"data":"Iron Wave","floor":12,"key":"SMITH"},{"floor":15,"key":"REST"},{"data":"Heavy Blade","floor":23,"key":"SMITH"},{"data":"Spot Weakness","floor":25,"key":"SMITH"},{"data":"Seeing Red","floor":32,"key":"SMITH"}],"neow_cost":"NONE","seed_source_timestamp":882856962875211,"circlet_count":0,"master_deck":["AscendersBane","Strike_R","Strike_R","Strike_R","Defend_R","Defend_R","Defend_R","Defend_R","Bash+1","Seeing Red+1","Inflame+1","Anger","Dropkick","Headbutt","Disarm+1","Iron Wave+1","Sword Boomerang","Reaper","Infernal Blade","Spot Weakness+1","Flash of Steel","True Grit","Heavy Blade+1","Shrug It Off+1","Pummel","Metallicize"],"relics":["Burning Blood","Smiling Mask","Bronze Scales","Lantern","Question Card","Happy Flower","Mark of Pain","Magic Flower","Red Skull"],"potions_floor_usage":[5,11,16,21,30,33,33],"damage_taken":[{"damage":1,"enemies":"Cultist","floor":1,"turns":4},{"damage":0,"enemies":"2 Louse","floor":2,"turns":4},{"damage":9,"enemies":"Jaw Worm","floor":3,"turns":4},{"damage":8,"enemies":"3 Louse","floor":5,"turns":2},{"damage":25,"enemies":"Lagavulin","floor":6,"turns":7},{"damage":17,"enemies":"Gremlin Nob","floor":11,"turns":3},{"damage":2,"enemies":"Gremlin Gang","floor":13,"turns":5},{"damage":8,"enemies":"2 Fungi Beasts","floor":14,"turns":3},{"damage":26,"enemies":"The Guardian","floor":16,"turns":7},{"damage":12,"enemies":"3 Byrds","floor":18,"turns":3},{"damage":12,"enemies":"Chosen","floor":19,"turns":4},{"damage":22,"enemies":"Centurion and Healer","floor":21,"turns":5},{"damage":30,"enemies":"Gremlin Leader","floor":24,"turns":5},{"damage":38,"enemies":"Sentry and Sphere","floor":28,"turns":4},{"damage":0,"enemies":"Chosen and Byrds","floor":30,"turns":3},{"damage":87,"enemies":"Champ","floor":33,"turns":8}],"seed_played":"-9104234750429421168","potions_obtained":[{"floor":2,"key":"SteroidPotion"},{"floor":3,"key":"AttackPotion"},{"floor":6,"key":"Weak Potion"},{"floor":13,"key":"PowerPotion"},{"floor":18,"key":"AttackPotion"},{"floor":21,"key":"Fire Potion"},{"floor":30,"key":"Explosive Potion"}],"is_trial":false,"path_per_floor":["M","M","M","$","M","E","R","T","T","R","E","R","M","M","R","B",null,"M","M","$","M","?","R","E","R","T","$","M","?","M","?","R","B"],"character_chosen":"IRONCLAD","items_purchased":["Dropkick","Flash of Steel","True Grit","Pummel"],"campfire_rested":1,"item_purchase_floors":[4,20,20,27],"current_hp_per_floor":[73,75,72,72,70,51,51,51,51,51,40,40,44,42,64,44,67,68,62,62,63,63,63,52,52,52,52,23,23,61,40,40,0],"gold":131,"neow_bonus":"RANDOM_COMMON_RELIC","is_prod":false,"is_daily":false,"chose_seed":false,"campfire_upgraded":6,"win_rate":0,"timestamp":1556733123,"path_taken":["M","M","M","$","M","E","R","?","T","R","E","R","M","M","R","BOSS","M","M","$","M","?","R","E","R","T","?","M","?","?","?","R","BOSS"],"build_version":"2019-04-23","purchased_purges":2,"victory":false,"max_hp_per_floor":[75,75,75,75,75,75,75,75,75,75,75,75,75,75,75,75,75,75,75,75,75,75,75,75,75,75,75,75,75,75,80,80,80],"card_choices":[{"not_picked":["Twin Strike","Havoc"],"picked":"Seeing Red","floor":1},{"not_picked":["Wild Strike","Sever Soul"],"picked":"Inflame","floor":2},{"not_picked":["Cleave","Heavy Blade"],"picked":"Anger","floor":3},{"not_picked":["Flex","Havoc"],"picked":"Headbutt","floor":5},{"not_picked":["Blood for Blood","Juggernaut"],"picked":"Disarm","floor":6},{"not_picked":["Carnage","Shockwave","Ghostly Armor"],"picked":"Iron Wave","floor":11},{"not_picked":["True Grit","Body Slam","Perfected Strike"],"picked":"Sword Boomerang","floor":13},{"not_picked":["Dual Wield","Sword Boomerang","Cleave","Headbutt"],"picked":"SKIP","floor":14},{"not_picked":["Bludgeon","Exhume","Immolate"],"picked":"Reaper","floor":16},{"not_picked":["Armaments","Wild Strike","Anger"],"picked":"Infernal Blade","floor":18},{"not_picked":["Twin Strike","Sword Boomerang","Body Slam"],"picked":"Spot Weakness","floor":19},{"not_picked":["Dual Wield","Feel No Pain","Combust"],"picked":"Heavy Blade","floor":21},{"not_picked":["Whirlwind","Corruption","Reckless Charge"],"picked":"Shrug It Off+1","floor":24},{"not_picked":["Power Through","Twin Strike","Iron Wave+1"],"picked":"Metallicize","floor":28},{"not_picked":["Dark Embrace","Heavy Blade","Spot Weakness","Carnage"],"picked":"SKIP","floor":30}],"player_experience":1407003,"relics_obtained":[{"floor":6,"key":"Bronze Scales"},{"floor":8,"key":"Lantern"},{"floor":9,"key":"Question Card"},{"floor":11,"key":"Happy Flower"},{"floor":24,"key":"Magic Flower"},{"floor":26,"key":"Red Skull"}],"event_choices":[{"damage_healed":0,"gold_gain":0,"player_choice":"Upgraded","damage_taken":0,"max_hp_gain":0,"max_hp_loss":0,"event_name":"Upgrade Shrine","floor":22,"gold_loss":0,"cards_upgraded":["Inflame"]},{"damage_healed":0,"gold_gain":50,"player_choice":"Pray","damage_taken":0,"max_hp_gain":0,"max_hp_loss":0,"event_name":"Golden Shrine","floor":29,"gold_loss":0},{"damage_healed":0,"gold_gain":0,"player_choice":"Shed Blood","damage_taken":26,"max_hp_gain":5,"max_hp_loss":0,"event_name":"Forgotten Altar","floor":31,"gold_loss":0}],"is_beta":true,"boss_relics":[{"not_picked":["Astrolabe","Black Blood"],"picked":"Mark of Pain"}],"items_purged_floors":[4,20],"is_endless":false,"potions_floor_spawned":[2,3,6,13,18,21,30],"killed_by":"Champ","ascension_level":15}