{"gold_per_floor":[119,119,36,311,321,321,336,152,152,152,77,109,109,139,139,139],"floor_reached":16,"playtime":398,"items_purged":["Regret"],"score":187,"play_id":"85a48e91-97f1-43b2-92bd-ef54b7c2a096","local_time":"20190511223652","is_ascension_mode":true,"campfire_choices":[{"data":"Clothesline","floor":6,"key":"SMITH"},{"data":"True Grit","floor":10,"key":"SMITH"},{"floor":13,"key":"REST"},{"data":"Body Slam","floor":15,"key":"SMITH"}],"neow_cost":"NONE","seed_source_timestamp":1758463034712178,"circlet_count":0,"master_deck":["AscendersBane","Strike_R","Strike_R","Strike_R","Strike_R+1","Defend_R","Defend_R+1","Defend_R","Defend_R","Bash+1","Cleave","Clothesline+1","True Grit+1","Thunderclap","Juggernaut","Battle Trance","True Grit","Body Slam+1"],"relics":["Burning Blood","Letter Opener","Dream Catcher"],"potions_floor_usage":[12],"damage_taken":[{"damage":10,"enemies":"2 Louse","floor":1,"turns":3},{"damage":2,"enemies":"Small Slimes","floor":5,"turns":4},{"damage":0,"enemies":"Cultist","floor":7,"turns":3},{"damage":43,"enemies":"Lagavulin","floor":12,"turns":7},{"damage":46,"enemies":"Hexaghost","floor":16,"turns":10}],"seed_played":"8668665222376855406","potions_obtained":[{"floor":5,"key":"BloodPotion"},{"floor":12,"key":"SteroidPotion"}],"is_trial":false,"path_per_floor":["M","?","$","?","M","R","M","$","T","R","?","E","R","?","R","B"],"character_chosen":"IRONCLAD","items_purchased":["Clothesline","True Grit","Battle Trance","True Grit"],"campfire_rested":1,"item_purchase_floors":[3,3,8,8],"current_hp_per_floor":[64,41,41,41,45,45,51,51,51,51,51,21,43,43,43,0],"gold":139,"neow_bonus":"UPGRADE_CARD","is_prod":false,"is_daily":false,"chose_seed":false,"campfire_upgraded":3,"win_rate":0,"timestamp":1557607012,"path_taken":["M","?","$","?","M","R","?","$","T","R","?","E","R","?","R","BOSS"],"build_version":"2019-05-07","purchased_purges":1,"victory":false,"max_hp_per_floor":[75,75,75,75,75,75,75,75,75,75,75,75,75,75,75,75],"card_choices":[{"not_picked":["Headbutt","Clothesline"],"picked":"Cleave","floor":1},{"not_picked":["Rage","Clothesline"],"picked":"Thunderclap","floor":5},{"not_picked":["Pommel Strike","Havoc"],"picked":"Juggernaut","floor":7},{"not_picked":["Heavy Blade","Perfected Strike","Thunderclap"],"picked":"SKIP","floor":12},{"not_picked":["Second Wind","Headbutt"],"picked":"Body Slam","floor":13}],"player_experience":1790383,"relics_obtained":[{"floor":9,"key":"Letter Opener"},{"floor":12,"key":"Dream Catcher"}],"event_choices":[{"damage_healed":0,"gold_gain":0,"player_choice":"Entered Light","damage_taken":23,"max_hp_gain":0,"max_hp_loss":0,"event_name":"Shining Light","floor":2,"gold_loss":0,"cards_upgraded":["Defend_R","Strike_R"]},{"damage_healed":0,"gold_gain":275,"player_choice":"Desecrate","damage_taken":0,"max_hp_gain":0,"max_hp_loss":0,"event_name":"Golden Shrine","floor":4,"gold_loss":0,"cards_obtained":["Regret"]},{"cards_removed":["Strike_R"],"damage_healed":0,"gold_gain":0,"player_choice":"Card Removal","damage_taken":0,"max_hp_gain":0,"max_hp_loss":0,"event_name":"The Cleric","floor":11,"gold_loss":75},{"damage_healed":0,"gold_gain":30,"player_choice":"Searched \u00271\u0027 times","damage_taken":0,"max_hp_gain":0,"max_hp_loss":0,"event_name":"Dead Adventurer","floor":14,"gold_loss":0}],"is_beta":true,"boss_relics":[],"items_purged_floors":[8],"is_endless":false,"potions_floor_spawned":[5,12],"killed_by":"Hexaghost","ascension_level":19}