{"gold_per_floor":[113,126,0,0,18,18,18,18,18,18,51,67,67,83,83,83],"floor_reached":16,"playtime":336,"items_purged":[],"score":195,"play_id":"ccefbf55-c064-4dea-a611-0c7a0daea343","local_time":"20190510121838","is_ascension_mode":true,"campfire_choices":[{"data":"Conserve Battery","floor":6,"key":"SMITH"},{"data":"Zap","floor":8,"key":"SMITH"},{"data":"Multi-Cast","floor":15,"key":"SMITH"}],"neow_cost":"TEN_PERCENT_HP_LOSS","seed_source_timestamp":1635031830097747,"circlet_count":0,"master_deck":["AscendersBane","Strike_B","Strike_B","Strike_B","Strike_B","Defend_B","Defend_B","Defend_B","Defend_B","Zap+1","Dualcast","Core Surge","Compile Driver","Conserve Battery+1","Sunder+1","Sweeping Beam","Gash","Self Repair","Gash","Multi-Cast+1"],"relics":["Cracked Core","Dodecahedron","Juzu Bracelet"],"potions_floor_usage":[11,16,16,16,16],"damage_taken":[{"damage":1,"enemies":"Cultist","floor":1,"turns":3},{"damage":8,"enemies":"2 Louse","floor":2,"turns":2},{"damage":0,"enemies":"Small Slimes","floor":5,"turns":2},{"damage":40,"enemies":"Lagavulin","floor":11,"turns":5},{"damage":0,"enemies":"2 Fungi Beasts","floor":12,"turns":2},{"damage":6,"enemies":"Lots of Slimes","floor":14,"turns":3},{"damage":36,"enemies":"Hexaghost","floor":16,"turns":7}],"seed_played":"5051382074926640888","potions_obtained":[{"floor":5,"key":"FearPotion"},{"floor":12,"key":"EntropicBrew"},{"floor":14,"key":"Strength Potion"}],"is_trial":false,"path_per_floor":["M","M","$","?","M","R","$","R","T","$","E","M","?","M","R","B"],"character_chosen":"DEFECT","items_purchased":["Sunder","Sweeping Beam"],"campfire_rested":0,"item_purchase_floors":[3,3],"current_hp_per_floor":[63,55,55,55,55,55,55,55,55,55,15,22,22,23,23,0],"gold":83,"neow_bonus":"THREE_RARE_CARDS","is_prod":false,"is_daily":false,"chose_seed":false,"campfire_upgraded":3,"win_rate":0,"timestamp":1557483518,"path_taken":["M","?","?","?","?","R","$","R","T","$","E","M","?","M","R","BOSS"],"build_version":"2019-05-07","purchased_purges":0,"victory":false,"max_hp_per_floor":[64,64,64,64,64,64,64,64,64,64,64,64,64,64,64,64],"card_choices":[{"not_picked":["Machine Learning","Thunder Strike"],"picked":"Core Surge","floor":0},{"not_picked":["White Noise","Barrage"],"picked":"Compile Driver","floor":1},{"not_picked":["Skim","Heatsinks"],"picked":"Conserve Battery","floor":2},{"not_picked":["Steam Power","Hologram"],"picked":"Gash","floor":5},{"not_picked":["Coolheaded","Leap"],"picked":"Self Repair","floor":11},{"not_picked":["Hologram","Steam"],"picked":"Gash","floor":12},{"not_picked":["Beam Cell","Cold Snap"],"picked":"Multi-Cast","floor":14}],"player_experience":1696199,"relics_obtained":[{"floor":9,"key":"Dodecahedron"},{"floor":11,"key":"Juzu Bracelet"}],"event_choices":[{"damage_healed":0,"gold_gain":0,"player_choice":"Forge","damage_taken":0,"max_hp_gain":0,"max_hp_loss":0,"event_name":"Accursed Blacksmith","floor":4,"gold_loss":0,"cards_upgraded":["Sunder"]},{"damage_healed":0,"gold_gain":0,"player_choice":"Ignored","damage_taken":0,"max_hp_gain":0,"max_hp_loss":0,"event_name":"Liars Game","floor":13,"gold_loss":0}],"is_beta":true,"boss_relics":[],"items_purged_floors":[],"is_endless":false,"potions_floor_spawned":[5,12,14],"killed_by":"Hexaghost","ascension_level":19}