{"gold_per_floor":[116,26,26,101,101,101,116,116,116,116,116],"floor_reached":11,"playtime":262,"items_purged":[],"score":118,"play_id":"1c390d03-1907-4f50-a154-cdacd83825fe","local_time":"20190515182410","is_ascension_mode":true,"campfire_choices":[{"data":"Doom and Gloom","floor":6,"key":"SMITH"},{"data":"Leap","floor":8,"key":"SMITH"}],"neow_cost":"NONE","seed_source_timestamp":2089036721225679,"circlet_count":0,"master_deck":["AscendersBane","Strike_B","Strike_B","Strike_B","Strike_B","Defend_B","Defend_B","Defend_B","Defend_B","Zap+1","Dualcast","Leap+1","Doom and Gloom+1","Steam"],"relics":["Coffee Dripper","Golden Idol","Shuriken"],"potions_floor_usage":[],"damage_taken":[{"damage":2,"enemies":"Cultist","floor":1,"turns":4},{"damage":0,"enemies":"Small Slimes","floor":7,"turns":2},{"damage":44,"enemies":"Gremlin Nob","floor":11,"turns":3}],"seed_played":"-560144862132048747","potions_obtained":[],"is_trial":false,"path_per_floor":["M","$","?","?","?","R","M","R","T","?","E"],"character_chosen":"DEFECT","items_purchased":["Doom and Gloom"],"campfire_rested":0,"item_purchase_floors":[2],"current_hp_per_floor":[62,62,38,27,27,27,27,27,27,27,0],"gold":116,"neow_bonus":"BOSS_RELIC","is_prod":false,"is_daily":false,"chose_seed":false,"campfire_upgraded":2,"win_rate":0,"timestamp":1557937450,"path_taken":["M","$","?","?","?","R","?","R","T","?","E"],"build_version":"2019-05-07","purchased_purges":0,"victory":false,"max_hp_per_floor":[71,71,71,71,71,71,71,71,71,71,71],"card_choices":[{"not_picked":["Hello World","Cold Snap"],"picked":"Leap","floor":1},{"not_picked":["Turbo","Barrage"],"picked":"Steam","floor":7}],"player_experience":1915365,"relics_obtained":[{"floor":9,"key":"Shuriken"}],"event_choices":[{"damage_healed":0,"gold_gain":0,"player_choice":"Take Damage","damage_taken":24,"relics_obtained":["Golden Idol"],"max_hp_gain":0,"max_hp_loss":0,"event_name":"Golden Idol","floor":3,"gold_loss":0},{"damage_healed":0,"gold_gain":75,"player_choice":"Gather Gold","damage_taken":11,"max_hp_gain":0,"max_hp_loss":0,"event_name":"World of Goop","floor":4,"gold_loss":0},{"damage_healed":0,"gold_gain":0,"player_choice":"Ignored","damage_taken":0,"max_hp_gain":0,"max_hp_loss":0,"event_name":"Shining Light","floor":5,"gold_loss":0},{"damage_healed":0,"gold_gain":0,"player_choice":"Forge","damage_taken":0,"max_hp_gain":0,"max_hp_loss":0,"event_name":"Accursed Blacksmith","floor":10,"gold_loss":0,"cards_upgraded":["Zap"]}],"is_beta":true,"boss_relics":[],"items_purged_floors":[],"is_endless":false,"potions_floor_spawned":[],"killed_by":"Gremlin Nob","ascension_level":20}