{"gold_per_floor":[216,232,44,194,206,206,106,132,157,189,205,205,222,241,241,313,363,382,121,94,109,123,123,123,123,123,123,123],"floor_reached":28,"playtime":4517,"items_purged":["Strike_R","Doubt","Strike_R"],"score":474,"play_id":"4f954975-a2ea-4462-9b42-c5a6a8e68a21","local_time":"20190511190806","is_ascension_mode":true,"campfire_choices":[{"data":"Bash","floor":6,"key":"SMITH"},{"data":"Flame Barrier","floor":12,"key":"SMITH"},{"floor":15,"key":"REST"},{"floor":23,"key":"REST"},{"data":"Barricade","floor":25,"key":"SMITH"},{"data":"Iron Wave","floor":27,"key":"SMITH"}],"neow_cost":"NONE","seed_source_timestamp":1741812609246450,"circlet_count":0,"master_deck":["AscendersBane","Strike_R","Strike_R","Defend_R","Defend_R","Defend_R","Defend_R","Bash+1","Flame Barrier+1","Metallicize","Inflame","Anger+1","Cleave","Heavy Blade","Metallicize","Metallicize","Headbutt","Feed","Heavy Blade","Pummel","Iron Wave+1","Heavy Blade","Barricade+1","Barricade"],"relics":["Burning Blood","Juzu Bracelet","Smiling Mask","Pear","Tiny House","Vajra","Singing Bowl"],"potions_floor_usage":[16,16,28,28],"damage_taken":[{"damage":7,"enemies":"Small Slimes","floor":1,"turns":4},{"damage":1,"enemies":"Cultist","floor":2,"turns":5},{"damage":8,"enemies":"2 Louse","floor":5,"turns":5},{"damage":47,"enemies":"Gremlin Nob","floor":8,"turns":5},{"damage":24,"enemies":"3 Sentries","floor":10,"turns":10},{"damage":9,"enemies":"Looter","floor":11,"turns":5},{"damage":5,"enemies":"Blue Slaver","floor":13,"turns":4},{"damage":15,"enemies":"3 Louse","floor":14,"turns":4},{"damage":30,"enemies":"Slime Boss","floor":16,"turns":9},{"damage":22,"enemies":"Spheric Guardian","floor":18,"turns":7},{"damage":25,"enemies":"2 Thieves","floor":20,"turns":4},{"damage":16,"enemies":"Snake Plant","floor":21,"turns":5},{"damage":21,"enemies":"Snecko","floor":22,"turns":5},{"damage":64,"enemies":"Chosen and Byrds","floor":28,"turns":9}],"seed_played":"-9025439903881229586","potions_obtained":[{"floor":1,"key":"FearPotion"},{"floor":2,"key":"Dexterity Potion"},{"floor":16,"key":"SkillPotion"},{"floor":17,"key":"Strength Potion"}],"is_trial":false,"path_per_floor":["M","M","$","?","M","R","$","E","T","E","M","R","M","M","R","B",null,"M","$","M","M","M","R","?","R","T","R","M"],"character_chosen":"IRONCLAD","items_purchased":["Inflame","Anger","Vajra","Pummel"],"campfire_rested":2,"item_purchase_floors":[3,3,19,19],"current_hp_per_floor":[67,72,72,72,70,70,70,29,29,21,18,18,19,10,35,11,72,59,59,43,36,24,54,54,54,54,54,0],"gold":123,"neow_bonus":"HUNDRED_GOLD","is_prod":false,"is_daily":false,"chose_seed":false,"campfire_upgraded":4,"win_rate":0,"timestamp":1557594486,"path_taken":["M","M","$","?","M","R","$","E","T","E","M","R","M","M","R","BOSS","M","$","M","M","M","R","?","R","T","R","M"],"build_version":"2019-05-07","purchased_purges":3,"victory":false,"max_hp_per_floor":[75,75,75,75,75,75,75,75,75,85,85,85,85,85,85,85,90,93,93,96,99,102,102,102,102,102,102,102],"card_choices":[{"not_picked":["Seeing Red","Rupture"],"picked":"Flame Barrier","floor":1},{"not_picked":["Heavy Blade","Iron Wave"],"picked":"Metallicize","floor":2},{"not_picked":["Burning Pact","Flex"],"picked":"Cleave","floor":5},{"not_picked":["Iron Wave","Armaments"],"picked":"Heavy Blade","floor":8},{"not_picked":["Flex","Anger"],"picked":"Metallicize","floor":10},{"not_picked":["Entrench","Seeing Red","Havoc"],"picked":"SKIP","floor":11},{"not_picked":["Anger","Fire Breathing"],"picked":"Metallicize","floor":13},{"not_picked":["Entrench","Feel No Pain"],"picked":"Headbutt","floor":14},{"not_picked":["Exhume","Double Tap"],"picked":"Feed","floor":16},{"not_picked":["Flex","Headbutt"],"picked":"Heavy Blade","floor":17},{"not_picked":["Warcry","Cleave","Dual Wield"],"picked":"SKIP","floor":18},{"not_picked":["Sever Soul+1","Headbutt"],"picked":"Iron Wave","floor":20},{"not_picked":["Rupture","Clash"],"picked":"Heavy Blade","floor":21},{"not_picked":["Pommel Strike","Entrench"],"picked":"Barricade","floor":22}],"player_experience":1777288,"relics_obtained":[{"floor":8,"key":"Juzu Bracelet"},{"floor":9,"key":"Smiling Mask"},{"floor":10,"key":"Pear"},{"floor":26,"key":"Singing Bowl"}],"event_choices":[{"damage_healed":0,"gold_gain":150,"player_choice":"AGREE","damage_taken":0,"max_hp_gain":0,"max_hp_loss":0,"event_name":"Liars Game","floor":4,"gold_loss":0,"cards_obtained":["Doubt"]},{"damage_healed":0,"gold_gain":0,"cards_transformed":["Strike_R"],"player_choice":"Transformed","damage_taken":0,"max_hp_gain":0,"max_hp_loss":0,"event_name":"Transmorgrifier","floor":24,"gold_loss":0,"cards_obtained":["Barricade"]}],"is_beta":true,"boss_relics":[{"not_picked":["Eternal Feather","Lizard Tail"],"picked":"Tiny House"}],"items_purged_floors":[3,7,19],"is_endless":false,"potions_floor_spawned":[1,2,11,13,16,21],"killed_by":"Chosen and Byrds","ascension_level":19}