{"gold_per_floor":[115,131,131,151,151,151,101,101,101,117,117,135,166,192,192,289,289,303,303,303,402,402],"floor_reached":22,"playtime":709,"items_purged":[],"score":264,"play_id":"fd343dcb-0e59-48b8-b009-45d1db0dad45","local_time":"20190315154658","is_ascension_mode":true,"campfire_choices":[{"data":"Dualcast","floor":6.0,"key":"SMITH"},{"data":"Darkness","floor":8.0,"key":"SMITH"},{"data":"Echo Form","floor":15.0,"key":"SMITH"}],"neow_cost":"PERCENT_DAMAGE","seed_source_timestamp":0,"circlet_count":0,"master_deck":["Strike_B+1","Strike_B+1","Strike_B+1","Strike_B+1","Defend_B+1","Defend_B+1","Defend_B+1","Defend_B+1","Zap","Dualcast+1","Echo Form+1","Steam","Coolheaded","Darkness+1","Conserve Battery","BootSequence","Capacitor","Defragment","Meteor Strike","Redo"],"special_seed":0,"relics":["Cracked Core","Mummified Hand","Meat on the Bone","Cables","Boot","White Beast Statue","Blood Vial"],"potions_floor_usage":[22,22],"damage_taken":[{"damage":11.0,"enemies":"Small Slimes","floor":1.0,"turns":3.0},{"damage":0.0,"enemies":"2 Louse","floor":2.0,"turns":3.0},{"damage":7.0,"enemies":"Jaw Worm","floor":4.0,"turns":4.0},{"damage":0.0,"enemies":"Large Slime","floor":10.0,"turns":4.0},{"damage":8.0,"enemies":"2 Fungi Beasts","floor":12.0,"turns":4.0},{"damage":3.0,"enemies":"Lagavulin","floor":13.0,"turns":8.0},{"damage":38.0,"enemies":"Slime Boss","floor":16.0,"turns":9.0},{"damage":18.0,"enemies":"Spheric Guardian","floor":18.0,"turns":5.0},{"damage":47,"enemies":"Masked Bandits","floor":22,"turns":3}],"seed_played":"-2398189692971628418","potions_obtained":[{"floor":2.0,"key":"Regen Potion"},{"floor":13.0,"key":"Energy Potion"},{"floor":16.0,"key":"Weak Potion"},{"floor":18.0,"key":"GamblersBrew"}],"is_trial":false,"path_per_floor":["M","M","?","M","?","R","$","R","T","M","?","M","E","T","R","B",null,"M","?","?","?","?"],"character_chosen":"DEFECT","items_purchased":["Conserve Battery"],"campfire_rested":0,"item_purchase_floors":[7],"current_hp_per_floor":[39,39,39,32,32,32,32,32,32,32,20,24,48,48,48,22,62,44,44,44,44,0],"gold":402,"neow_bonus":"THREE_RARE_CARDS","is_prod":false,"is_daily":false,"chose_seed":false,"campfire_upgraded":3,"win_rate":0,"timestamp":1552679218,"path_taken":["M","M","?","M","?","R","$","R","T","M","?","M","E","?","R","BOSS","M","?","?","?","?"],"build_version":"2019-01-23","purchased_purges":0,"victory":false,"max_hp_per_floor":[75,75,75,75,75,75,75,75,75,75,75,75,75,75,75,75,75,75,75,75,75,75],"card_choices":[{"not_picked":["Biased Cognition","Rainbow"],"picked":"Echo Form","floor":0.0},{"not_picked":["Streamline","Stack"],"picked":"Steam","floor":1.0},{"not_picked":["Ball Lightning","Leap"],"picked":"Coolheaded","floor":2.0},{"not_picked":["Rebound","Rip and Tear"],"picked":"Darkness","floor":4.0},{"not_picked":["Streamline","Leap"],"picked":"BootSequence","floor":10.0},{"not_picked":["Chaos","Static Discharge"],"picked":"Capacitor","floor":12.0},{"not_picked":["Stack","Fusion"],"picked":"Defragment","floor":13.0},{"not_picked":["Hyperbeam","All For One"],"picked":"Meteor Strike","floor":16.0},{"not_picked":["Blizzard","Compile Driver"],"picked":"Redo","floor":18.0}],"player_experience":2444120,"relics_obtained":[{"floor":9.0,"key":"Mummified Hand"},{"floor":13.0,"key":"Cables"},{"floor":14.0,"key":"Boot"}],"event_choices":[{"damage_healed":0.0,"max_hp_gain":0.0,"max_hp_loss":0.0,"gold_gain":0.0,"event_name":"Golden Idol","player_choice":"Ignored","floor":3.0,"gold_loss":0.0,"damage_taken":0.0},{"damage_healed":0.0,"max_hp_gain":0.0,"max_hp_loss":0.0,"gold_gain":0.0,"event_name":"Shining Light","player_choice":"Ignored","floor":5.0,"gold_loss":0.0,"damage_taken":0.0},{"damage_healed":0.0,"max_hp_gain":0.0,"max_hp_loss":0.0,"gold_gain":0.0,"event_name":"Scrap Ooze","player_choice":"Success","floor":11.0,"gold_loss":0.0,"damage_taken":12.0,"relics_obtained":["Meat on the Bone"]},{"damage_healed":0.0,"max_hp_gain":0.0,"max_hp_loss":0.0,"gold_gain":0.0,"event_name":"Back to Basics","player_choice":"Simplicity","floor":19.0,"gold_loss":0.0,"damage_taken":0.0,"cards_upgraded":["Strike_B","Strike_B","Strike_B","Strike_B","Defend_B","Defend_B","Defend_B","Defend_B"]},{"damage_healed":0.0,"max_hp_gain":0.0,"max_hp_loss":0.0,"gold_gain":0.0,"event_name":"The Mausoleum","player_choice":"Opened","floor":20.0,"gold_loss":0.0,"damage_taken":0.0,"relics_obtained":["Blood Vial"]},{"damage_healed":0.0,"max_hp_gain":0.0,"max_hp_loss":0.0,"gold_gain":99.0,"event_name":"Nest","player_choice":"Stole From Cult","floor":21.0,"gold_loss":0.0,"damage_taken":0.0},{"damage_healed":0,"gold_gain":0,"player_choice":"Fought Bandits","damage_taken":0,"max_hp_gain":0,"max_hp_loss":0,"event_name":"Masked Bandits","floor":22,"gold_loss":0}],"is_beta":false,"boss_relics":[{"not_picked":["Fusion Hammer","Empty Cage"],"picked":"White Beast Statue"}],"items_purged_floors":[],"is_endless":false,"potions_floor_spawned":[2,13,16,18],"killed_by":"Masked Bandits","ascension_level":9}