{"gold_per_floor":[368,386,401,43,57,57,89,51,86,98,110,122,148,14,14,117,117,57,68,117,50,66,66,85,85,85,120,120],"floor_reached":28,"playtime":6426,"items_purged":["Strike_B"],"score":236,"play_id":"6c8ae401-bc88-4db0-8903-20bbcab00883","local_time":"20180809194855","is_ascension_mode":false,"campfire_choices":[{"data":"Defragment","floor":6,"key":"SMITH"},{"floor":10,"key":"REST"},{"data":"Self Repair","floor":12,"key":"SMITH"},{"data":"Coolheaded","floor":15,"key":"SMITH"},{"data":"Echo Form","floor":23,"key":"SMITH"},{"data":"Loop","floor":25,"key":"SMITH"}],"neow_cost":"FIFTY_PERCENT_DAMAGE","seed_source_timestamp":6511525396880,"circlet_count":0,"master_deck":["Strike_B","Strike_B","Strike_B","Defend_B","Defend_B","Defend_B","Defend_B","Zap","Dualcast","Coolheaded+1","Self Repair+1","Auto Shields+1","Defragment+1","Steam+1","Recycle+1","Echo Form+1","Turbo+1","Chill+1","Melter","Loop+1","Glacier+1"],"relics":["FrozenCore","Toxic Egg 2","MawBank","Potion Belt","DataDisk","Centennial Puzzle","Singing Bowl","Regal Pillow"],"potions_floor_usage":[13,16,27,27,28],"damage_taken":[{"damage":3,"enemies":"Jaw Worm","floor":1,"turns":3},{"damage":2,"enemies":"2 Louse","floor":2,"turns":4},{"damage":0,"enemies":"Cultist","floor":3,"turns":4},{"damage":6,"enemies":"Red Slaver","floor":5,"turns":4},{"damage":14,"enemies":"Gremlin Nob","floor":7,"turns":5},{"damage":0,"enemies":"Large Slime","floor":13,"turns":6},{"damage":43,"enemies":"Hexaghost","floor":16,"turns":12},{"damage":10,"enemies":"2 Thieves","floor":18,"turns":4},{"damage":5,"enemies":"Shell Parasite","floor":19,"turns":14},{"damage":5,"enemies":"Snake Plant","floor":22,"turns":7},{"damage":3,"enemies":"Snecko","floor":24,"turns":7},{"damage":81,"enemies":"Gremlin Leader","floor":27,"turns":16},{"damage":26,"enemies":"Cultist and Chosen","floor":28,"turns":6}],"seed_played":"-2856827508708561222","potions_obtained":[{"floor":7,"key":"GamblersBrew"},{"floor":13,"key":"GamblersBrew"},{"floor":16,"key":"Regen Potion"},{"floor":19,"key":"SpeedPotion"},{"floor":24,"key":"LiquidBronze"}],"is_trial":false,"path_per_floor":["M","M","M","$","M","R","E","?","T","R","?","R","M","$","R","B",null,"M","M","T","$","M","R","M","R","T","E"],"character_chosen":"DEFECT","items_purchased":["Toxic Egg 2","Auto Shields+1","DataDisk","Melter"],"campfire_rested":1,"item_purchase_floors":[4,4,14,21],"current_hp_per_floor":[35,33,33,33,34,34,27,27,27,49,54,54,64,64,64,31,80,80,80,80,80,80,80,80,80,80,25,0],"gold":120,"neow_bonus":"TWO_FIFTY_GOLD","is_prod":false,"is_daily":false,"chose_seed":false,"campfire_upgraded":5,"win_rate":0,"timestamp":1533858535,"path_taken":["M","M","M","$","M","R","E","?","T","R","?","R","?","$","R","BOSS","M","M","?","$","M","R","M","R","T","E","M"],"build_version":"2018-08-02","purchased_purges":1,"victory":false,"max_hp_per_floor":[75,75,75,75,75,75,75,75,75,75,80,80,80,80,80,80,80,80,80,80,80,80,80,80,80,80,82,82],"card_choices":[{"not_picked":["Hologram","Self Repair"],"picked":"Coolheaded","floor":1},{"not_picked":["Stack","Reprogram","Compile Driver"],"picked":"SKIP","floor":2},{"not_picked":["Cold Snap","Coolheaded"],"picked":"Self Repair","floor":3},{"not_picked":["Skim+1","Ball Lightning"],"picked":"Defragment","floor":5},{"not_picked":["Aggregate+1","Ball Lightning"],"picked":"Steam+1","floor":7},{"not_picked":["Sunder","Capacitor"],"picked":"Recycle+1","floor":13},{"not_picked":["Creative AI","Meteor Strike"],"picked":"Echo Form","floor":16},{"not_picked":["BootSequence+1","Go for the Eyes"],"picked":"Turbo+1","floor":18},{"not_picked":["Steam+1","Conserve Battery+1"],"picked":"Chill+1","floor":19},{"not_picked":["FTL+1","Turbo+1"],"picked":"Loop","floor":22},{"not_picked":["Sweeping Beam","Self Repair+1"],"picked":"Glacier+1","floor":24},{"not_picked":["Sweeping Beam","Gash","Skim+1"],"picked":"Singing Bowl","floor":27}],"player_experience":596925,"relics_obtained":[{"floor":7,"key":"MawBank"},{"floor":9,"key":"Potion Belt"},{"floor":20,"key":"Centennial Puzzle"},{"floor":26,"key":"Singing Bowl"},{"floor":27,"key":"Regal Pillow"}],"event_choices":[{"event_name":"World of Goop","player_choice":"Left","floor":8,"damage_taken":0},{"event_name":"Big Fish","player_choice":"Donut","floor":11,"damage_taken":0}],"is_beta":false,"boss_relics":[{"not_picked":["Cursed Key","Tiny House"],"picked":"FrozenCore"}],"items_purged_floors":[4],"is_endless":false,"potions_floor_spawned":[7,13,16,19,24],"killed_by":"Cultist and Chosen","ascension_level":0}