{"gold_per_floor":[109,119,119,40,55,55,88,88,88,48,48,75,86,103,103,175,175,190,190,205,215,215,215,228,228,228,228,243,257,12,28,28,105,105,118,0,51,151,151,177,177,192,264,264,283,283,294,312,312,312],"floor_reached":51,"playtime":2524,"items_purged":[],"score":1375,"play_id":"2442c129-77a0-45de-9c84-323d37517618","local_time":"20190504120107","is_ascension_mode":true,"campfire_choices":[{"data":"Disarm","floor":6,"key":"SMITH"},{"data":"Juggernaut","floor":8,"key":"SMITH"},{"floor":15,"key":"REST"},{"floor":23,"key":"REST"},{"floor":25,"key":"REST"},{"floor":27,"key":"REST"},{"data":"Corruption","floor":32,"key":"SMITH"},{"data":"1","floor":41,"key":"LIFT"},{"data":"2","floor":44,"key":"LIFT"},{"data":"3","floor":46,"key":"LIFT"},{"data":"Armaments","floor":49,"key":"SMITH"}],"neow_cost":"NONE","seed_source_timestamp":1113381177955539,"circlet_count":0,"master_deck":["AscendersBane","Defend_R","Defend_R","Defend_R","Defend_R","Bash+1","Rage","Spot Weakness","Disarm+1","Cleave","Juggernaut+1","Sword Boomerang","Headbutt","Uppercut","Iron Wave","Limit Break","Disarm","Armaments+1","Anger+1","Corruption+1","Bite","Bite","Bite","Bite","Bite","Disarm+1","Shame","Shrug It Off","True Grit","Offering","Feel No Pain","Limit Break","Warcry+1","Iron Wave+1","Offering","Infernal Blade","Seeing Red","True Grit","Shrug It Off","True Grit+1","Spot Weakness+1","Doubt","Shockwave","Armaments","Entrench+1"],"relics":["Burning Blood","NeowsBlessing","Pear","PreservedInsect","Dead Branch","Cursed Key","Mummified Hand","Bronze Scales","Orrery","Red Mask","Torii","Girya","Bird Faced Urn","Darkstone Periapt"],"potions_floor_usage":[7,13,16,18,33,37,50,50],"damage_taken":[{"damage":0,"enemies":"Jaw Worm","floor":1,"turns":1},{"damage":0,"enemies":"Cultist","floor":2,"turns":1},{"damage":0,"enemies":"Small Slimes","floor":5,"turns":1},{"damage":27,"enemies":"3 Sentries","floor":7,"turns":8},{"damage":6,"enemies":"Looter","floor":10,"turns":4},{"damage":36,"enemies":"Gremlin Nob","floor":12,"turns":4},{"damage":36,"enemies":"Exordium Wildlife","floor":13,"turns":4},{"damage":10,"enemies":"Blue Slaver","floor":14,"turns":2},{"damage":9,"enemies":"Hexaghost","floor":16,"turns":6},{"damage":23,"enemies":"3 Byrds","floor":18,"turns":4},{"damage":39,"enemies":"2 Thieves","floor":20,"turns":5},{"damage":16,"enemies":"Snake Plant","floor":21,"turns":8},{"damage":28,"enemies":"Shelled Parasite and Fungi","floor":24,"turns":4},{"damage":6,"enemies":"Sentry and Sphere","floor":28,"turns":4},{"damage":10,"enemies":"Snake Plant","floor":29,"turns":5},{"damage":0,"enemies":"3 Cultists","floor":31,"turns":2},{"damage":33,"enemies":"Champ","floor":33,"turns":8},{"damage":15,"enemies":"3 Darklings","floor":35,"turns":3},{"damage":24,"enemies":"2 Orb Walkers","floor":37,"turns":3},{"damage":17,"enemies":"Mind Bloom Boss Battle","floor":38,"turns":5},{"damage":4,"enemies":"Giant Head","floor":40,"turns":3},{"damage":15,"enemies":"Orb Walker","floor":42,"turns":3},{"damage":11,"enemies":"Jaw Worm Horde","floor":45,"turns":2},{"damage":19,"enemies":"Sphere and 2 Shapes","floor":47,"turns":5},{"damage":12,"enemies":"Maw","floor":48,"turns":4},{"damage":41,"enemies":"Awakened One","floor":50,"turns":4}],"seed_played":"-3243064661527317459","potions_obtained":[{"floor":2,"key":"LiquidBronze"},{"floor":5,"key":"Strength Potion"},{"floor":12,"key":"BloodPotion"},{"floor":13,"key":"Explosive Potion"},{"floor":21,"key":"SneckoOil"},{"floor":24,"key":"Weak Potion"},{"floor":38,"key":"SkillPotion"},{"floor":40,"key":"Dexterity Potion"}],"is_trial":false,"path_per_floor":["M","M","?","$","M","R","E","R","T","M","?","E","M","M","R","B",null,"M","?","M","M","?","R","M","R","T","R","M","M","$","M","R","B",null,"M","?","?","?","?","E","R","M","T","R","M","R","M","M","R","B",null],"character_chosen":"IRONCLAD","items_purchased":["Disarm","Bronze Scales","Offering"],"campfire_rested":4,"item_purchase_floors":[4,30,30],"current_hp_per_floor":[74,75,75,75,75,75,64,64,64,64,64,34,12,8,33,30,71,54,54,21,11,11,28,10,27,27,44,53,54,54,59,59,52,57,52,52,40,39,39,45,45,42,42,42,45,45,44,46,46,19],"gold":312,"neow_bonus":"THREE_ENEMY_KILL","is_prod":false,"is_daily":false,"chose_seed":false,"campfire_upgraded":4,"win_rate":0,"timestamp":1556964067,"path_taken":["M","M","?","$","?","R","E","R","T","M","?","E","M","?","R","BOSS","M","?","?","M","?","R","M","R","T","R","M","M","$","M","R","BOSS","M","?","?","?","?","E","R","M","T","R","M","R","M","M","R","BOSS"],"build_version":"2019-04-23","purchased_purges":0,"victory":true,"max_hp_per_floor":[75,75,75,75,75,75,85,85,85,85,85,85,85,85,85,85,85,85,85,85,85,59,59,59,59,59,59,59,59,59,59,59,59,59,59,59,59,59,59,59,59,59,59,59,59,59,59,59,59,59],"card_choices":[{"not_picked":["Clash","Armaments"],"picked":"Rage","floor":1},{"not_picked":["Wild Strike","Warcry"],"picked":"Spot Weakness","floor":2},{"not_picked":["Perfected Strike","Clash"],"picked":"Cleave","floor":5},{"not_picked":["Seeing Red","Disarm"],"picked":"Juggernaut","floor":7},{"not_picked":["Cleave","True Grit"],"picked":"Sword Boomerang","floor":10},{"not_picked":["Burning Pact","Dual Wield"],"picked":"Uppercut","floor":12},{"not_picked":["Rampage","Burning Pact","Flex"],"picked":"SKIP","floor":13},{"not_picked":["Pommel Strike","Wild Strike"],"picked":"Iron Wave","floor":14},{"not_picked":["Dark Embrace","Exhume"],"picked":"Limit Break","floor":16},{"not_picked":["Armaments","Iron Wave"],"picked":"Disarm","floor":18},{"not_picked":["Perfected Strike","Combust"],"picked":"Anger+1","floor":20},{"not_picked":["Havoc","Clash"],"picked":"Corruption","floor":21},{"not_picked":["Bloodletting","Headbutt"],"picked":"Disarm+1","floor":24},{"not_picked":["Pommel Strike","Searing Blow"],"picked":"Shrug It Off","floor":28},{"not_picked":["Inflame","Clothesline"],"picked":"True Grit","floor":29},{"not_picked":["Second Wind","Intimidate"],"picked":"Feel No Pain","floor":31},{"not_picked":["Reaper","Double Tap"],"picked":"Limit Break","floor":33},{"not_picked":["Rage","Heavy Blade"],"picked":"Warcry+1","floor":34},{"not_picked":["Cleave","Body Slam+1"],"picked":"Iron Wave+1","floor":34},{"not_picked":["Headbutt","Flex"],"picked":"Offering","floor":34},{"not_picked":["Cleave","Warcry"],"picked":"Infernal Blade","floor":34},{"not_picked":["Blood for Blood","Iron Wave"],"picked":"Seeing Red","floor":34},{"not_picked":["Clash","Pommel Strike","Dropkick"],"picked":"SKIP","floor":35},{"not_picked":["Thunderclap","Body Slam+1"],"picked":"True Grit","floor":37},{"not_picked":["Wild Strike","Cleave+1"],"picked":"Shrug It Off","floor":38},{"not_picked":["Twin Strike","Immolate"],"picked":"True Grit+1","floor":40},{"not_picked":["Clash","Sever Soul"],"picked":"Spot Weakness+1","floor":42},{"not_picked":["Pummel+1","True Grit"],"picked":"Shockwave","floor":45},{"not_picked":["Clothesline","Twin Strike"],"picked":"Armaments","floor":47},{"not_picked":["Rage","Sword Boomerang"],"picked":"Entrench+1","floor":48}],"player_experience":1482175,"relics_obtained":[{"floor":7,"key":"Pear"},{"floor":9,"key":"PreservedInsect"},{"floor":12,"key":"Dead Branch"},{"floor":26,"key":"Mummified Hand"},{"floor":37,"key":"Torii"},{"floor":38,"key":"Girya"},{"floor":40,"key":"Bird Faced Urn"},{"floor":43,"key":"Darkstone Periapt"}],"event_choices":[{"damage_healed":0,"gold_gain":0,"player_choice":"Upgraded","damage_taken":0,"max_hp_gain":0,"max_hp_loss":0,"event_name":"Upgrade Shrine","floor":3,"gold_loss":0,"cards_upgraded":["Bash"]},{"damage_healed":0,"gold_gain":0,"player_choice":"1 cards matched","damage_taken":0,"max_hp_gain":0,"max_hp_loss":0,"event_name":"Match and Keep!","floor":11,"gold_loss":0,"cards_obtained":["Headbutt"]},{"damage_healed":0,"gold_gain":0,"cards_transformed":["Strike_R"],"player_choice":"Transformed","damage_taken":0,"max_hp_gain":0,"max_hp_loss":0,"event_name":"Transmorgrifier","floor":19,"gold_loss":0,"cards_obtained":["Armaments"]},{"damage_healed":0,"gold_gain":0,"player_choice":"Became a vampire","damage_taken":0,"max_hp_gain":0,"max_hp_loss":26,"event_name":"Vampires","floor":22,"gold_loss":0,"cards_obtained":["Bite","Bite","Bite","Bite","Bite"]},{"damage_healed":0,"gold_gain":0,"player_choice":"Paid","damage_taken":0,"relics_obtained":["Red Mask"],"max_hp_gain":0,"max_hp_loss":0,"event_name":"Tomb of Lord Red Mask","floor":36,"gold_loss":118},{"damage_healed":0,"gold_gain":0,"player_choice":"Fight","damage_taken":0,"max_hp_gain":0,"max_hp_loss":0,"event_name":"Mysterious Sphere","floor":37,"gold_loss":0},{"damage_healed":0,"gold_gain":0,"player_choice":"Fight","damage_taken":0,"max_hp_gain":0,"max_hp_loss":0,"event_name":"MindBloom","floor":38,"gold_loss":0},{"damage_healed":0,"gold_gain":0,"player_choice":"0 cards matched","damage_taken":0,"max_hp_gain":0,"max_hp_loss":0,"event_name":"Match and Keep!","floor":39,"gold_loss":0,"cards_obtained":[]}],"is_beta":true,"boss_relics":[{"not_picked":["Mark of Pain","Snecko Eye"],"picked":"Cursed Key"},{"not_picked":["Calling Bell","Runic Cube"],"picked":"Orrery"}],"items_purged_floors":[],"is_endless":false,"potions_floor_spawned":[2,5,12,13,21,24,28,38,40,42,47],"ascension_level":17}