{"gold_per_floor":[114,114,189,213,232,232,264,280,280,280,297,316,349,373,373,447,447,462,540,559,474,21,21,21,21,97,114,24,24],"floor_reached":29,"playtime":906,"items_purged":[],"score":512,"play_id":"ca271e28-aa80-4a76-8c6f-8f219a113b38","local_time":"20190519165840","is_ascension_mode":true,"campfire_choices":[{"data":"Predator","floor":6,"key":"SMITH"},{"data":"Cloak And Dagger","floor":10,"key":"SMITH"},{"data":"Noxious Fumes","floor":15,"key":"SMITH"},{"floor":23,"key":"REST"},{"data":"Footwork","floor":25,"key":"SMITH"}],"neow_cost":"NONE","seed_source_timestamp":2428862923524194,"circlet_count":0,"master_deck":["AscendersBane","Survivor","Neutralize","Predator+1","Cloak And Dagger+1","Cloak And Dagger","Noxious Fumes+1","Dash","Footwork+1","Corpse Explosion","Concentrate","Bouncing Flask+1","Acrobatics","Malaise+1","Prepared","Eviscerate","Skewer","Night Terror","Leg Sweep","Tactician","Leg Sweep","Crippling Poison","Footwork","Footwork","Backflip"],"relics":["Ring of the Snake","NeowsBlessing","Happy Flower","Smiling Mask","Matryoshka","Prayer Wheel","Pantograph","Bag of Preparation","Pandora\u0027s Box","War Paint","Bottled Tornado","Ornamental Fan","Oddly Smooth Stone","Blue Candle","MutagenicStrength","The Courier"],"potions_floor_usage":[11,16,29],"damage_taken":[{"damage":0,"enemies":"2 Louse","floor":1,"turns":1},{"damage":0,"enemies":"Jaw Worm","floor":5,"turns":1},{"damage":0,"enemies":"Gremlin Nob","floor":7,"turns":1},{"damage":0,"enemies":"Cultist","floor":8,"turns":3},{"damage":0,"enemies":"Lots of Slimes","floor":11,"turns":4},{"damage":10,"enemies":"2 Fungi Beasts","floor":12,"turns":3},{"damage":37,"enemies":"Lagavulin","floor":13,"turns":6},{"damage":27,"enemies":"Hexaghost","floor":16,"turns":11},{"damage":12,"enemies":"Shell Parasite","floor":18,"turns":5},{"damage":16,"enemies":"Spheric Guardian","floor":20,"turns":4},{"damage":4,"enemies":"Snake Plant","floor":27,"turns":6},{"damage":46,"enemies":"Slavers","floor":29,"turns":3}],"seed_played":"9201517417631621034","potions_obtained":[{"floor":5,"key":"Poison Potion"},{"floor":7,"key":"EssenceOfSteel"},{"floor":13,"key":"Fire Potion"},{"floor":20,"key":"Block Potion"}],"is_trial":false,"path_per_floor":["M","?","?","T","M","R","E","M","T","R","M","M","E","T","R","B",null,"M","T","M","?","$","R","?","R","T","M","$","E"],"character_chosen":"THE_SILENT","items_purchased":["Oddly Smooth Stone","Blue Candle","Footwork","Backflip"],"campfire_rested":1,"item_purchase_floors":[22,22,28,28],"current_hp_per_floor":[59,64,53,53,53,53,53,53,53,53,53,43,6,6,6,4,54,42,42,26,26,26,47,47,47,47,43,43,0],"gold":24,"neow_bonus":"THREE_ENEMY_KILL","is_prod":false,"is_daily":false,"chose_seed":false,"campfire_upgraded":4,"win_rate":0,"timestamp":1558277920,"path_taken":["M","?","?","?","?","R","E","M","T","R","M","M","E","?","R","BOSS","M","?","?","?","$","R","?","R","T","M","$","E"],"build_version":"2019-05-07","purchased_purges":0,"victory":false,"max_hp_per_floor":[66,71,71,71,71,71,71,71,71,71,71,71,71,71,71,71,71,71,71,71,71,71,71,71,71,71,71,71,71],"card_choices":[{"not_picked":["Sucker Punch","Deflect"],"picked":"Predator","floor":1},{"not_picked":["Deflect","Infinite Blades","Accuracy"],"picked":"SKIP","floor":5},{"not_picked":["All Out Attack","Blade Dance"],"picked":"Cloak And Dagger","floor":7},{"not_picked":["Riddle With Holes","Terror"],"picked":"Cloak And Dagger","floor":8},{"not_picked":["Acrobatics","Heel Hook"],"picked":"Noxious Fumes","floor":11},{"not_picked":["Sucker Punch","Acrobatics"],"picked":"Dash","floor":12},{"not_picked":["Cloak And Dagger","Venomology"],"picked":"Footwork","floor":13},{"not_picked":["Grand Finale","Unload"],"picked":"Corpse Explosion","floor":16},{"not_picked":["Backflip","Dagger Throw+1"],"picked":"Leg Sweep","floor":18},{"not_picked":["Quick Slash","Underhanded Strike"],"picked":"Crippling Poison","floor":18},{"not_picked":["Leg Sweep","Deflect+1"],"picked":"Footwork","floor":20},{"not_picked":["Sucker Punch+1","Endless Agony","Predator"],"picked":"SKIP","floor":20},{"not_picked":["Poisoned Stab+1","Leg Sweep","Slice+1"],"picked":"SKIP","floor":27},{"not_picked":["Dodge and Roll+1","Tools of the Trade","Prepared"],"picked":"SKIP","floor":27}],"player_experience":2047234,"relics_obtained":[{"floor":4,"key":"Happy Flower"},{"floor":7,"key":"Smiling Mask"},{"floor":9,"key":"Matryoshka"},{"floor":13,"key":"Prayer Wheel"},{"floor":14,"key":"Pantograph"},{"floor":14,"key":"Bag of Preparation"},{"floor":19,"key":"War Paint"},{"floor":19,"key":"Bottled Tornado"},{"floor":26,"key":"The Courier"}],"event_choices":[{"damage_healed":0,"gold_gain":0,"player_choice":"Donut","damage_taken":0,"max_hp_gain":5,"max_hp_loss":0,"event_name":"Big Fish","floor":2,"gold_loss":0},{"damage_healed":0,"gold_gain":75,"player_choice":"Gather Gold","damage_taken":11,"max_hp_gain":0,"max_hp_loss":0,"event_name":"World of Goop","floor":3,"gold_loss":0},{"damage_healed":0,"gold_gain":0,"player_choice":"Obtained Relic","damage_taken":0,"relics_obtained":["Ornamental Fan"],"max_hp_gain":0,"max_hp_loss":0,"event_name":"Addict","floor":21,"gold_loss":85},{"damage_healed":0,"gold_gain":0,"player_choice":"Inject Mutagens","damage_taken":0,"relics_obtained":["MutagenicStrength"],"max_hp_gain":0,"max_hp_loss":0,"event_name":"Drug Dealer","floor":24,"gold_loss":0}],"is_beta":true,"boss_relics":[{"not_picked":["Calling Bell","White Beast Statue"],"picked":"Pandora\u0027s Box"}],"items_purged_floors":[],"is_endless":false,"potions_floor_spawned":[5,7,13,20,27],"killed_by":"Slavers","ascension_level":20}