{"gold_per_floor":[119,119,135,60,60,92,92,106,154,179,32,32,83,93,93,167,167,167,87,87,87,0,0,0,0,0,0,0,0,0,0,0,0,0,0,0,0,0,0,0,0,0,0,0,0,0,0,0,0,0],"floor_reached":50,"playtime":2780,"items_purged":["Strike_R","Pain"],"score":1081,"play_id":"a7cad5a8-0b7f-47f8-98cf-5f5c60605426","local_time":"20190510105418","is_ascension_mode":true,"campfire_choices":[{"data":"Bash","floor":7,"key":"SMITH"},{"data":"Pommel Strike","floor":12,"key":"SMITH"},{"data":"Disarm","floor":15,"key":"SMITH"},{"data":"Uppercut","floor":25,"key":"SMITH"},{"floor":27,"key":"REST"},{"data":"Battle Trance","floor":28,"key":"SMITH"},{"data":"Feed","floor":29,"key":"SMITH"},{"floor":32,"key":"REST"},{"floor":41,"key":"REST"},{"floor":46,"key":"REST"},{"floor":49,"key":"RECALL"}],"neow_cost":"CURSE","seed_source_timestamp":1627525987249047,"circlet_count":0,"master_deck":["AscendersBane","Strike_R","Strike_R","Strike_R","Strike_R","Defend_R","Defend_R","Defend_R","Defend_R","Bash+1","Reaper","Pommel Strike+1","Iron Wave","Disarm+1","Iron Wave","Thunderclap","Shrug It Off","Feed+1","Uppercut+1","RitualDagger","True Grit","Battle Trance+1","Spot Weakness","Anger+1","Impervious","Dropkick","Sword Boomerang+1","Panache","Trip","Blood for Blood+1","Seeing Red+1","Spot Weakness+1"],"relics":["Burning Blood","Spirit Poop","WarpedTongs","Bag of Preparation","MawBank","Anchor","Ectoplasm","Charon\u0027s Ashes","WingedGreaves","Kunai","Fusion Hammer","FossilizedHelix","Toxic Egg 2","PreservedInsect","Red Mask"],"potions_floor_usage":[6,16,19,23,31,33,44,50],"damage_taken":[{"damage":19,"enemies":"Jaw Worm","floor":1,"turns":6},{"damage":7,"enemies":"Cultist","floor":3,"turns":4},{"damage":37,"enemies":"3 Sentries","floor":6,"turns":9},{"damage":2,"enemies":"Small Slimes","floor":8,"turns":4},{"damage":23,"enemies":"Red Slaver","floor":10,"turns":7},{"damage":4,"enemies":"Exordium Wildlife","floor":14,"turns":5},{"damage":54,"enemies":"Hexaghost","floor":16,"turns":15},{"damage":3,"enemies":"Chosen","floor":18,"turns":6},{"damage":7,"enemies":"2 Thieves","floor":19,"turns":4},{"damage":18,"enemies":"Snecko","floor":21,"turns":8},{"damage":24,"enemies":"Book of Stabbing","floor":23,"turns":6},{"damage":33,"enemies":"Sentry and Sphere","floor":24,"turns":6},{"damage":56,"enemies":"Slavers","floor":30,"turns":7},{"damage":8,"enemies":"Snake Plant","floor":31,"turns":4},{"damage":52,"enemies":"Automaton","floor":33,"turns":10},{"damage":13,"enemies":"3 Darklings","floor":35,"turns":6},{"damage":0,"enemies":"Mind Bloom Boss Battle","floor":36,"turns":9},{"damage":0,"enemies":"Orb Walker","floor":38,"turns":2},{"damage":17,"enemies":"Spire Growth","floor":39,"turns":5},{"damage":3,"enemies":"Nemesis","floor":40,"turns":7},{"damage":35,"enemies":"Sphere and 2 Shapes","floor":42,"turns":4},{"damage":66,"enemies":"Giant Head","floor":44,"turns":9},{"damage":0,"enemies":"4 Shapes","floor":45,"turns":8},{"damage":37,"enemies":"Spire Growth","floor":48,"turns":6},{"damage":60,"enemies":"Time Eater","floor":50,"turns":6}],"seed_played":"6761511470044703906","potions_obtained":[{"floor":1,"key":"EssenceOfSteel"},{"floor":3,"key":"SkillPotion"},{"floor":16,"key":"FearPotion"},{"floor":21,"key":"AttackPotion"},{"floor":30,"key":"SteroidPotion"},{"floor":31,"key":"Poison Potion"},{"floor":39,"key":"BloodPotion"},{"floor":40,"key":"Dexterity Potion"}],"is_trial":false,"path_per_floor":["M","?","M","$","?","E","R","M","T","M","$","R","T","M","R","B",null,"M","M","?","M","?","E","M","R","T","R","R","R","E","M","R","B",null,"M","?","?","M","M","E","R","M","T","E","M","R","?","M","R","B"],"character_chosen":"IRONCLAD","items_purchased":["Thunderclap"],"campfire_rested":4,"item_purchase_floors":[11],"current_hp_per_floor":[59,59,62,62,62,46,46,54,54,41,41,41,41,53,53,11,59,72,80,74,66,66,54,31,31,31,56,56,56,17,28,55,30,77,82,97,87,97,92,95,101,72,72,29,39,70,70,49,49,0],"gold":0,"neow_bonus":"THREE_RARE_CARDS","is_prod":false,"is_daily":false,"chose_seed":false,"campfire_upgraded":6,"win_rate":0,"timestamp":1557478458,"path_taken":["M","?","?","$","?","E","R","M","T","?","?","R","?","M","R","BOSS","M","M","?","M","?","E","M","R","T","R","R","R","E","M","R","BOSS","M","?","?","M","M","E","R","M","T","E","M","R","?","?","R","BOSS"],"build_version":"2019-05-07","purchased_purges":2,"victory":false,"max_hp_per_floor":[75,75,75,75,75,75,75,75,75,75,75,75,75,75,75,75,75,78,81,81,81,81,81,85,85,85,85,85,85,89,93,93,93,93,93,97,97,101,101,101,101,101,101,101,105,105,105,109,109,109],"card_choices":[{"not_picked":["Exhume","Fiend Fire"],"picked":"Reaper","floor":0},{"not_picked":["Bloodletting","Second Wind"],"picked":"Pommel Strike","floor":1},{"not_picked":["Shrug It Off","Reckless Charge"],"picked":"Iron Wave","floor":3},{"not_picked":["Clash","Power Through"],"picked":"Disarm","floor":6},{"not_picked":["Rupture","Wild Strike"],"picked":"Iron Wave","floor":8},{"not_picked":["Warcry","Wild Strike","Burning Pact"],"picked":"SKIP","floor":10},{"not_picked":["Anger","Sword Boomerang"],"picked":"Shrug It Off","floor":14},{"not_picked":["Immolate","Dark Embrace"],"picked":"Feed","floor":16},{"not_picked":["Carnage","Rupture","Flex"],"picked":"SKIP","floor":18},{"not_picked":["Wild Strike","Perfected Strike+1"],"picked":"Uppercut","floor":19},{"not_picked":["Rupture","Power Through"],"picked":"True Grit","floor":21},{"not_picked":["Shrug It Off","Evolve"],"picked":"Battle Trance","floor":23},{"not_picked":["True Grit","Evolve","Sentinel"],"picked":"SKIP","floor":24},{"not_picked":["Dropkick","Inflame"],"picked":"Spot Weakness","floor":30},{"not_picked":["Body Slam","Perfected Strike"],"picked":"Anger+1","floor":31},{"not_picked":["Feed","Barricade"],"picked":"Impervious","floor":33},{"not_picked":["Rupture","Corruption"],"picked":"Dropkick","floor":35},{"not_picked":["Iron Wave","Shrug It Off"],"picked":"Sword Boomerang+1","floor":36},{"not_picked":["Jack Of All Trades","Dramatic Entrance"],"picked":"Panache","floor":37},{"not_picked":["Impatience","HandOfGreed"],"picked":"Trip","floor":37},{"not_picked":["Wild Strike+1","Reckless Charge+1"],"picked":"Blood for Blood+1","floor":38},{"not_picked":["Cleave","Heavy Blade","Rampage+1"],"picked":"SKIP","floor":39},{"not_picked":["Flex","Anger"],"picked":"Seeing Red","floor":40},{"not_picked":["Bludgeon","Body Slam+1","Thunderclap+1"],"picked":"SKIP","floor":42},{"not_picked":["Body Slam+1","Bloodletting+1"],"picked":"Spot Weakness+1","floor":44},{"not_picked":["Clash+1","Blood for Blood","Cleave+1"],"picked":"SKIP","floor":45},{"not_picked":["Wild Strike","Thunderclap+1","Searing Blow"],"picked":"SKIP","floor":48}],"player_experience":1688756,"relics_obtained":[{"floor":6,"key":"Bag of Preparation"},{"floor":9,"key":"MawBank"},{"floor":13,"key":"Anchor"},{"floor":23,"key":"Charon\u0027s Ashes"},{"floor":26,"key":"WingedGreaves"},{"floor":30,"key":"Kunai"},{"floor":36,"key":"FossilizedHelix"},{"floor":40,"key":"Toxic Egg 2"},{"floor":44,"key":"PreservedInsect"}],"event_choices":[{"cards_removed":["Pain"],"damage_healed":0,"gold_gain":0,"player_choice":"Offered Curse","damage_taken":0,"relics_obtained":["Spirit Poop"],"max_hp_gain":0,"max_hp_loss":0,"event_name":"Bonfire Elementals","floor":2,"gold_loss":0},{"damage_healed":0,"gold_gain":0,"player_choice":"Rummage","damage_taken":0,"relics_obtained":["WarpedTongs"],"max_hp_gain":0,"max_hp_loss":0,"event_name":"Accursed Blacksmith","floor":5,"gold_loss":0,"cards_obtained":["Pain"]},{"damage_healed":0,"gold_gain":0,"player_choice":"Joined the Cult","damage_taken":6,"max_hp_gain":0,"max_hp_loss":0,"event_name":"Nest","floor":20,"gold_loss":0,"cards_obtained":["RitualDagger"]},{"damage_healed":0,"gold_gain":0,"player_choice":"Paid Fearfully","damage_taken":0,"max_hp_gain":0,"max_hp_loss":0,"event_name":"Masked Bandits","floor":22,"gold_loss":87},{"damage_healed":0,"gold_gain":0,"player_choice":"Fight","damage_taken":0,"max_hp_gain":0,"max_hp_loss":0,"event_name":"MindBloom","floor":36,"gold_loss":0},{"damage_healed":0,"gold_gain":0,"player_choice":"Memory 3","damage_taken":10,"max_hp_gain":0,"max_hp_loss":0,"event_name":"SensoryStone","floor":37,"gold_loss":0},{"damage_healed":0,"gold_gain":0,"player_choice":"Paid","damage_taken":0,"relics_obtained":["Red Mask"],"max_hp_gain":0,"max_hp_loss":0,"event_name":"Tomb of Lord Red Mask","floor":47,"gold_loss":0}],"is_beta":true,"boss_relics":[{"not_picked":["Eternal Feather","Calling Bell"],"picked":"Ectoplasm"},{"not_picked":["Runic Dome","Coffee Dripper"],"picked":"Fusion Hammer"}],"items_purged_floors":[4,11],"is_endless":false,"potions_floor_spawned":[1,3,16,21,30,31,39,40,42],"killed_by":"Time Eater","ascension_level":19}