{"gold_per_floor":[112,187,187,198,163,193,193,203,203,203,232,232,251,11,11,85,85,101,101,5,20,32,32,32,32],"floor_reached":25,"playtime":754,"items_purged":["Strike_R"],"score":338,"play_id":"ce4f47df-0912-4793-8677-41b6e0c23e3f","local_time":"20190119202633","is_ascension_mode":true,"campfire_choices":[{"data":"Cleave","floor":7,"key":"SMITH"},{"data":"Bludgeon","floor":10,"key":"SMITH"},{"floor":15,"key":"REST"},{"data":"Armaments","floor":23,"key":"SMITH"}],"neow_cost":"NONE","seed_source_timestamp":293782914739100,"circlet_count":0,"master_deck":["AscendersBane","Strike_R","Strike_R","Strike_R","Strike_R","Defend_R","Defend_R","Defend_R","Defend_R","Bash","Cleave+1","Infernal Blade","Havoc","Bludgeon+1","Infernal Blade","Feel No Pain","Mayhem","Limit Break","Dropkick","Armaments+1","Bandage Up","Battle Trance+1","Decay"],"relics":["Burning Blood","Dodecahedron","Singing Bowl","Odd Mushroom","Bottled Flame","Busted Crown"],"potions_floor_usage":[11,22,25,25],"damage_taken":[{"damage":0,"enemies":"Small Slimes","floor":1,"turns":3},{"damage":10,"enemies":"2 Louse","floor":4,"turns":2},{"damage":36,"enemies":"Lagavulin","floor":6,"turns":8},{"damage":2,"enemies":"Jaw Worm","floor":8,"turns":3},{"damage":15,"enemies":"The Mushroom Lair","floor":11,"turns":5},{"damage":11,"enemies":"Lots of Slimes","floor":13,"turns":4},{"damage":44,"enemies":"Hexaghost","floor":16,"turns":8},{"damage":11,"enemies":"Spheric Guardian","floor":18,"turns":3},{"damage":3,"enemies":"Chosen","floor":21,"turns":3},{"damage":24,"enemies":"Snake Plant","floor":22,"turns":2},{"damage":57,"enemies":"Book of Stabbing","floor":25,"turns":5}],"seed_played":"-5888372587806606333","potions_obtained":[{"floor":6,"key":"SpeedPotion"},{"floor":13,"key":"FearPotion"},{"floor":18,"key":"Fire Potion"},{"floor":22,"key":"Explosive Potion"}],"is_trial":false,"path_per_floor":["M","?","?","M","?","E","R","M","T","R","?","T","M","$","R","B",null,"M","?","$","M","M","R","?","E"],"character_chosen":"IRONCLAD","items_purchased":["Mayhem","Bandage Up"],"campfire_rested":1,"item_purchase_floors":[14,20],"current_hp_per_floor":[74,63,63,59,75,45,45,49,49,49,40,40,35,35,57,19,61,56,56,56,63,51,51,51,0],"gold":32,"neow_bonus":"THREE_CARDS","is_prod":false,"is_daily":false,"chose_seed":false,"campfire_upgraded":3,"win_rate":0,"timestamp":1547947593,"path_taken":["M","?","?","M","?","E","R","M","T","R","?","?","?","?","R","BOSS","M","?","$","M","M","R","?","E"],"build_version":"2019-01-17v2","purchased_purges":1,"victory":false,"max_hp_per_floor":[75,75,75,75,75,75,75,75,75,75,75,75,75,75,75,75,75,75,75,75,75,77,77,77,77],"card_choices":[{"not_picked":["Wild Strike","Warcry"],"picked":"Cleave","floor":0},{"not_picked":["Heavy Blade","Hemokinesis","Body Slam"],"picked":"SKIP","floor":1},{"not_picked":["Warcry","Body Slam"],"picked":"Infernal Blade","floor":4},{"not_picked":["Cleave","Clash"],"picked":"Havoc","floor":6},{"not_picked":["Ghostly Armor","Anger"],"picked":"Bludgeon","floor":8},{"not_picked":["Clash","Sword Boomerang"],"picked":"Infernal Blade","floor":11},{"not_picked":["Iron Wave","Headbutt"],"picked":"Feel No Pain","floor":13},{"not_picked":["Barricade","Immolate"],"picked":"Limit Break","floor":16},{"not_picked":[],"picked":"Dropkick","floor":18},{"not_picked":[],"picked":"Battle Trance+1","floor":21},{"not_picked":["Pummel"],"picked":"Singing Bowl","floor":22}],"player_experience":1801462,"relics_obtained":[{"floor":6,"key":"Dodecahedron"},{"floor":9,"key":"Singing Bowl"},{"floor":11,"key":"Odd Mushroom"},{"floor":12,"key":"Bottled Flame"}],"event_choices":[{"damage_healed":0,"gold_gain":75,"player_choice":"Gather Gold","damage_taken":11,"max_hp_gain":0,"max_hp_loss":0,"event_name":"World of Goop","floor":2,"gold_loss":0},{"damage_healed":0,"gold_gain":0,"player_choice":"Ignored","damage_taken":0,"max_hp_gain":0,"max_hp_loss":0,"event_name":"Golden Idol","floor":3,"gold_loss":0},{"damage_healed":18,"gold_gain":0,"player_choice":"Healed","damage_taken":0,"max_hp_gain":0,"max_hp_loss":0,"event_name":"The Cleric","floor":5,"gold_loss":35},{"damage_healed":0,"gold_gain":0,"player_choice":"Fought Mushrooms","damage_taken":0,"max_hp_gain":0,"max_hp_loss":0,"event_name":"Mushrooms","floor":11,"gold_loss":0},{"damage_healed":0,"gold_gain":0,"player_choice":"Read","damage_taken":0,"max_hp_gain":0,"max_hp_loss":0,"event_name":"The Library","floor":19,"gold_loss":0,"cards_obtained":["Armaments"]},{"damage_healed":0,"gold_gain":0,"player_choice":"Smashed Altar","damage_taken":0,"max_hp_gain":0,"max_hp_loss":0,"event_name":"Forgotten Altar","floor":24,"gold_loss":0,"cards_obtained":["Decay"]}],"is_beta":false,"boss_relics":[{"not_picked":["Runic Cube","Philosopher\u0027s Stone"],"picked":"Busted Crown"}],"items_purged_floors":[14],"is_endless":false,"potions_floor_spawned":[6,13,18,21,22],"killed_by":"Book of Stabbing","ascension_level":14}