{"gold_per_floor":[111,88,88,3,3,47,47,91,91,16,36,79,93,118,118,243,243,259,259,275,200,200],"floor_reached":22,"playtime":951,"items_purged":["Strike_B"],"score":328,"play_id":"50ce950f-1db3-4cdd-beed-902646974c4e","local_time":"20190425131338","is_ascension_mode":true,"campfire_choices":[{"data":"Self Repair","floor":7,"key":"SMITH"},{"data":"Static Discharge","floor":15,"key":"SMITH"}],"neow_cost":"NONE","seed_source_timestamp":341715473218054,"circlet_count":0,"master_deck":["Strike_B","Strike_B","Strike_B","Defend_B","Defend_B","Defend_B","Defend_B","Zap+1","Dualcast","Sweeping Beam","Sweeping Beam","Self Repair+1","Coolheaded","Hologram","Go for the Eyes","Coolheaded","Gash","Conserve Battery","Static Discharge+1","Biased Cognition","Conserve Battery+1","Hologram"],"relics":["Cracked Core","NeowsBlessing","Golden Idol","Pocketwatch","Calipers","Bottled Flame","Sundial","Velvet Choker"],"potions_floor_usage":[22,22],"damage_taken":[{"damage":0,"enemies":"Cultist","floor":1,"turns":1},{"damage":0,"enemies":"Lagavulin","floor":6,"turns":3},{"damage":0,"enemies":"Gremlin Nob","floor":8,"turns":1},{"damage":6,"enemies":"Small Slimes","floor":11,"turns":2},{"damage":26,"enemies":"Lagavulin","floor":12,"turns":8},{"damage":9,"enemies":"Jaw Worm","floor":13,"turns":2},{"damage":6,"enemies":"3 Louse","floor":14,"turns":2},{"damage":30,"enemies":"Hexaghost","floor":16,"turns":9},{"damage":18,"enemies":"2 Thieves","floor":18,"turns":4},{"damage":6,"enemies":"Shell Parasite","floor":20,"turns":8},{"damage":9,"enemies":"Colosseum Slavers","floor":22,"turns":6},{"damage":39,"enemies":"Colosseum Nobs","floor":22,"turns":3}],"seed_played":"-8081334929159479961","potions_obtained":[{"floor":1,"key":"Ancient Potion"},{"floor":8,"key":"SteroidPotion"},{"floor":12,"key":"SteroidPotion"},{"floor":16,"key":"Weak Potion"},{"floor":18,"key":"SkillPotion"}],"is_trial":false,"path_per_floor":["M","$","?","$","?","E","R","E","T","$","M","E","M","M","R","B",null,"M","?","M","$","?"],"character_chosen":"DEFECT","items_purchased":["Sweeping Beam","Self Repair","Coolheaded","Coolheaded","Gash"],"campfire_rested":0,"item_purchase_floors":[2,4,4,10,10],"current_hp_per_floor":[68,68,68,68,68,69,69,69,69,69,63,47,48,42,42,22,57,49,33,37,37,0],"gold":200,"neow_bonus":"THREE_ENEMY_KILL","is_prod":false,"is_daily":false,"chose_seed":false,"campfire_upgraded":2,"win_rate":0,"timestamp":1556190818,"path_taken":["M","$","?","$","?","E","R","E","T","$","M","E","M","?","R","BOSS","M","?","M","$","?"],"build_version":"2019-04-23","purchased_purges":1,"victory":false,"max_hp_per_floor":[75,75,69,69,69,69,69,69,69,69,69,69,69,69,69,69,69,69,69,69,69,69],"card_choices":[{"not_picked":["FTL","Barrage"],"picked":"Sweeping Beam","floor":1},{"not_picked":["Rebound","Aggregate"],"picked":"Hologram","floor":6},{"not_picked":["Scrape","Hello World"],"picked":"Go for the Eyes","floor":8},{"not_picked":["Reboot","Rebound"],"picked":"Conserve Battery","floor":11},{"not_picked":["Meteor Strike","Turbo","Stack"],"picked":"SKIP","floor":12},{"not_picked":["Conserve Battery","Loop","Stack"],"picked":"SKIP","floor":13},{"not_picked":["Scrape","Hologram"],"picked":"Static Discharge","floor":14},{"not_picked":["Meteor Strike","Thunder Strike"],"picked":"Biased Cognition","floor":16},{"not_picked":["White Noise","Hello World"],"picked":"Conserve Battery+1","floor":18},{"not_picked":["Streamline","Storm"],"picked":"Hologram","floor":20}],"player_experience":1213460,"relics_obtained":[{"floor":6,"key":"Pocketwatch"},{"floor":8,"key":"Calipers"},{"floor":9,"key":"Bottled Flame"},{"floor":12,"key":"Sundial"}],"event_choices":[{"damage_healed":0,"gold_gain":0,"player_choice":"Lose Max HP","damage_taken":0,"relics_obtained":["Golden Idol"],"max_hp_gain":0,"max_hp_loss":6,"event_name":"Golden Idol","floor":3,"gold_loss":0},{"damage_healed":0,"gold_gain":0,"player_choice":"Forge","damage_taken":0,"max_hp_gain":0,"max_hp_loss":0,"event_name":"Accursed Blacksmith","floor":5,"gold_loss":0,"cards_upgraded":["Zap"]},{"damage_healed":0,"gold_gain":0,"player_choice":"Obtained Book","damage_taken":16,"max_hp_gain":0,"max_hp_loss":0,"event_name":"Cursed Tome","floor":19,"gold_loss":0},{"damage_healed":0,"gold_gain":0,"player_choice":"Fight","damage_taken":0,"max_hp_gain":0,"max_hp_loss":0,"event_name":"Colosseum","floor":22,"gold_loss":0},{"damage_healed":0,"gold_gain":0,"player_choice":"Fought Nobs","damage_taken":0,"max_hp_gain":0,"max_hp_loss":0,"event_name":"Colosseum","floor":22,"gold_loss":0}],"is_beta":true,"boss_relics":[{"not_picked":["Eternal Feather","Snecko Eye"],"picked":"Velvet Choker"}],"items_purged_floors":[21],"is_endless":false,"potions_floor_spawned":[1,8,12,16,18],"killed_by":"Colosseum Nobs","ascension_level":6}