{"gold_per_floor":[117,131,131,131,58,58,68,68,149,175,21,46,46,46,46,171,171,194,4,4,27,27,63,63,63],"floor_reached":25,"playtime":1212,"items_purged":[],"score":349,"play_id":"4d17ea8a-8184-4fae-b67c-4cc186f011b3","local_time":"20190428202921","is_ascension_mode":true,"campfire_choices":[{"data":"Conserve Battery","floor":6,"key":"SMITH"},{"data":"White Noise","floor":8,"key":"SMITH"},{"floor":15,"key":"REST"},{"data":"Coolheaded","floor":24,"key":"SMITH"}],"neow_cost":"NONE","seed_source_timestamp":626798146777015,"circlet_count":0,"master_deck":["AscendersBane","Strike_B","Strike_B","Strike_B","Strike_B","Defend_B","Defend_B","Defend_B","Defend_B","Zap+1","Dualcast","Ball Lightning","Heatsinks","Genetic Algorithm","Ball Lightning","Conserve Battery+1","White Noise+1","Coolheaded+1","Hologram","Buffer+1","Compile Driver+1","Go for the Eyes+1","Shame","Streamline"],"relics":["Cracked Core","Frozen Egg 2","Symbiotic Virus","PreservedInsect","Pocketwatch","Golden Idol","Inserter","Lee\u0027s Waffle","Pantograph","Centennial Puzzle"],"potions_floor_usage":[21,23,25],"damage_taken":[{"damage":2,"enemies":"Jaw Worm","floor":1,"turns":3},{"damage":1,"enemies":"2 Louse","floor":2,"turns":3},{"damage":4,"enemies":"Small Slimes","floor":7,"turns":4},{"damage":27,"enemies":"3 Sentries","floor":10,"turns":7},{"damage":22,"enemies":"Gremlin Nob","floor":12,"turns":3},{"damage":24,"enemies":"The Guardian","floor":16,"turns":9},{"damage":11,"enemies":"Spheric Guardian","floor":18,"turns":4},{"damage":21,"enemies":"3 Byrds","floor":21,"turns":4},{"damage":15,"enemies":"Slavers","floor":23,"turns":3},{"damage":50,"enemies":"Gremlin Leader","floor":25,"turns":7}],"seed_played":"1647860091371094137","potions_obtained":[{"floor":1,"key":"Swift Potion"},{"floor":10,"key":"Explosive Potion"},{"floor":12,"key":"AttackPotion"},{"floor":21,"key":"AttackPotion"}],"is_trial":false,"path_per_floor":["M","M","?","?","$","R","M","R","T","E","$","E","?","?","R","B",null,"M","$","?","M","?","E","R","E"],"character_chosen":"DEFECT","items_purchased":["Ball Lightning","Conserve Battery","PreservedInsect","Lee\u0027s Waffle"],"campfire_rested":1,"item_purchase_floors":[5,5,11,19],"current_hp_per_floor":[66,65,70,70,70,70,66,66,66,39,39,17,17,17,39,15,59,48,81,81,60,60,45,45,0],"gold":63,"neow_bonus":"THREE_CARDS","is_prod":false,"is_daily":false,"chose_seed":false,"campfire_upgraded":3,"win_rate":0,"timestamp":1556476161,"path_taken":["M","M","?","?","$","R","M","R","T","E","$","E","?","?","R","BOSS","M","$","?","M","?","E","R","E"],"build_version":"2019-04-23","purchased_purges":0,"victory":false,"max_hp_per_floor":[75,75,80,80,80,80,80,80,80,80,80,80,80,74,74,74,74,74,81,81,81,81,81,81,81],"card_choices":[{"not_picked":["Leap","Loop"],"picked":"Ball Lightning","floor":0},{"not_picked":["Reprogram","Recycle"],"picked":"Heatsinks","floor":1},{"not_picked":["Undo","Redo"],"picked":"Genetic Algorithm","floor":2},{"not_picked":["Turbo","Leap"],"picked":"White Noise","floor":7},{"not_picked":["Sunder","Steam"],"picked":"Coolheaded","floor":10},{"not_picked":["Cold Snap","Reboot"],"picked":"Hologram","floor":12},{"not_picked":["Core Surge","Multi-Cast"],"picked":"Buffer+1","floor":16},{"not_picked":["Hologram","BootSequence+1"],"picked":"Compile Driver+1","floor":18},{"not_picked":["Rebound+1","Cold Snap"],"picked":"Go for the Eyes+1","floor":21},{"not_picked":["Static Discharge+1","Machine Learning+1"],"picked":"Streamline","floor":23}],"player_experience":1297577,"relics_obtained":[{"floor":9,"key":"Frozen Egg 2"},{"floor":10,"key":"Symbiotic Virus"},{"floor":12,"key":"Pocketwatch"},{"floor":23,"key":"Centennial Puzzle"}],"event_choices":[{"damage_healed":0,"gold_gain":0,"player_choice":"Donut","damage_taken":0,"max_hp_gain":5,"max_hp_loss":0,"event_name":"Big Fish","floor":3,"gold_loss":0},{"damage_healed":0,"gold_gain":0,"player_choice":"Grow","damage_taken":0,"max_hp_gain":0,"max_hp_loss":0,"event_name":"Living Wall","floor":4,"gold_loss":0,"cards_upgraded":["Zap"]},{"damage_healed":0,"gold_gain":0,"player_choice":"Ignored","damage_taken":0,"max_hp_gain":0,"max_hp_loss":0,"event_name":"Shining Light","floor":13,"gold_loss":0},{"damage_healed":0,"gold_gain":0,"player_choice":"Lose Max HP","damage_taken":0,"relics_obtained":["Golden Idol"],"max_hp_gain":0,"max_hp_loss":6,"event_name":"Golden Idol","floor":14,"gold_loss":0},{"damage_healed":0,"gold_gain":0,"player_choice":"Ignored","damage_taken":0,"max_hp_gain":0,"max_hp_loss":0,"event_name":"Vampires","floor":20,"gold_loss":0},{"damage_healed":0,"gold_gain":0,"player_choice":"Stole Relic","damage_taken":0,"relics_obtained":["Pantograph"],"max_hp_gain":0,"max_hp_loss":0,"event_name":"Addict","floor":22,"gold_loss":0,"cards_obtained":["Shame"]}],"is_beta":true,"boss_relics":[{"not_picked":["Ectoplasm","FrozenCore"],"picked":"Inserter"}],"items_purged_floors":[],"is_endless":false,"potions_floor_spawned":[1,10,12,18,21],"killed_by":"Gremlin Leader","ascension_level":11}