{"gold_per_floor":[116,133,133,150,150,150,170,170,194,194,227,241,260,260,260,353,353,366,366,389,403,2,2,2],"floor_reached":24,"playtime":2020,"items_purged":["Strike_B"],"score":396,"play_id":"0130a23b-ebed-43d7-a5fc-39341d6d6368","local_time":"20190513164917","is_ascension_mode":true,"campfire_choices":[{"data":"Go for the Eyes","floor":6,"key":"SMITH"},{"data":"Doom and Gloom","floor":8,"key":"SMITH"},{"floor":15,"key":"REST"},{"floor":23,"key":"REST"}],"neow_cost":"NONE","seed_source_timestamp":1908786485375035,"circlet_count":0,"master_deck":["AscendersBane","Strike_B","Strike_B","Defend_B","Defend_B","Defend_B","Defend_B","Zap","Dualcast","Sweeping Beam","White Noise","Go for the Eyes+1","Doom and Gloom+1","Steam","Capacitor","Electrodynamics","Biased Cognition+1","White Noise","Consume","Double Energy","Recycle"],"relics":["Cracked Core","Orichalcum","Pear","Blood Vial","Golden Idol","Inserter","Mummified Hand"],"potions_floor_usage":[11,13,16],"damage_taken":[{"damage":13,"enemies":"Small Slimes","floor":1,"turns":4},{"damage":7,"enemies":"Jaw Worm","floor":2,"turns":3},{"damage":7,"enemies":"Cultist","floor":4,"turns":4},{"damage":6,"enemies":"Exordium Wildlife","floor":7,"turns":4},{"damage":18,"enemies":"Lagavulin","floor":11,"turns":5},{"damage":5,"enemies":"Red Slaver","floor":12,"turns":3},{"damage":15,"enemies":"Large Slime","floor":13,"turns":5},{"damage":35,"enemies":"Slime Boss","floor":16,"turns":8},{"damage":27,"enemies":"3 Byrds","floor":18,"turns":4},{"damage":21,"enemies":"Spheric Guardian","floor":20,"turns":4},{"damage":16,"enemies":"Cultist and Chosen","floor":21,"turns":4},{"damage":35,"enemies":"Shelled Parasite and Fungi","floor":24,"turns":2}],"seed_played":"316824723362453330","potions_obtained":[{"floor":2,"key":"Fire Potion"},{"floor":4,"key":"Energy Potion"},{"floor":12,"key":"Fruit Juice"},{"floor":13,"key":"EssenceOfSteel"},{"floor":18,"key":"Strength Potion"}],"is_trial":false,"path_per_floor":["M","M","?","M","?","R","M","R","T","T","E","M","M","?","R","B",null,"M","?","M","M","$","R","M"],"character_chosen":"DEFECT","items_purchased":["Mummified Hand","Recycle"],"campfire_rested":2,"item_purchase_floors":[22,22],"current_hp_per_floor":[58,51,51,44,37,37,31,31,31,41,23,20,12,12,37,4,64,39,39,20,6,6,31,0],"gold":2,"neow_bonus":"TEN_PERCENT_HP_BONUS","is_prod":false,"is_daily":false,"chose_seed":false,"campfire_upgraded":2,"win_rate":0,"timestamp":1557758957,"path_taken":["M","M","?","M","?","R","M","R","T","?","E","M","M","?","R","BOSS","M","?","?","M","$","R","M"],"build_version":"2019-05-07","purchased_purges":1,"victory":false,"max_hp_per_floor":[78,78,78,78,78,78,78,78,78,88,88,88,93,84,84,84,84,84,84,84,84,84,84,84],"card_choices":[{"not_picked":["Rebound","Recycle"],"picked":"Sweeping Beam","floor":1},{"not_picked":["Heatsinks","Reprogram"],"picked":"White Noise","floor":2},{"not_picked":["Steam","Beam Cell"],"picked":"Go for the Eyes","floor":4},{"not_picked":["Streamline","Sweeping Beam"],"picked":"Doom and Gloom","floor":7},{"not_picked":["Lockon","Chaos"],"picked":"Steam","floor":11},{"not_picked":["Heatsinks","Steam Power"],"picked":"Capacitor","floor":12},{"not_picked":["Rebound","Turbo"],"picked":"Electrodynamics","floor":13},{"not_picked":["Rainbow","Seek"],"picked":"Biased Cognition","floor":16},{"not_picked":["Cold Snap","Redo"],"picked":"White Noise","floor":18},{"not_picked":["Sunder","Melter"],"picked":"Consume","floor":20},{"not_picked":["Beam Cell","Hologram"],"picked":"Double Energy","floor":21}],"player_experience":1876049,"relics_obtained":[{"floor":9,"key":"Orichalcum"},{"floor":10,"key":"Pear"},{"floor":11,"key":"Blood Vial"}],"event_choices":[{"damage_healed":0,"gold_gain":0,"player_choice":"Ignored","damage_taken":0,"max_hp_gain":0,"max_hp_loss":0,"event_name":"Liars Game","floor":3,"gold_loss":0},{"cards_removed":["Strike_B"],"damage_healed":0,"gold_gain":0,"player_choice":"Card Removal","damage_taken":7,"max_hp_gain":0,"max_hp_loss":0,"event_name":"Golden Wing","floor":5,"gold_loss":0},{"damage_healed":0,"gold_gain":0,"player_choice":"Lose Max HP","damage_taken":0,"relics_obtained":["Golden Idol"],"max_hp_gain":0,"max_hp_loss":9,"event_name":"Golden Idol","floor":14,"gold_loss":0},{"damage_healed":0,"gold_gain":0,"player_choice":"Upgraded","damage_taken":0,"max_hp_gain":0,"max_hp_loss":0,"event_name":"Upgrade Shrine","floor":19,"gold_loss":0,"cards_upgraded":["Biased Cognition"]}],"is_beta":true,"boss_relics":[{"not_picked":["Fusion Hammer","Pandora\u0027s Box"],"picked":"Inserter"}],"items_purged_floors":[22],"is_endless":false,"potions_floor_spawned":[2,4,12,13,18],"killed_by":"Shelled Parasite and Fungi","ascension_level":20}