{"gold_per_floor":[109,109,125,139,159,190,190,206,206,240,119,294,311,311,311,406,406,426,438,458,23,122,122,142,142,142,177,177,208,208,208,208,309,309,326,50,50,63,79,79,89,89,89,89,89,108,122,139,139,139],"floor_reached":51,"playtime":2166,"items_purged":["Strike_B"],"score":959,"play_id":"c195f4c5-abd6-4819-80ba-732955d0eb5e","local_time":"20190425135006","is_ascension_mode":true,"campfire_choices":[{"data":"Buffer","floor":7,"key":"SMITH"},{"data":"Redo","floor":15,"key":"SMITH"},{"data":"Buffer","floor":23,"key":"SMITH"},{"data":"Defragment","floor":25,"key":"SMITH"},{"data":"Loop","floor":30,"key":"SMITH"},{"floor":32,"key":"REST"},{"floor":40,"key":"REST"},{"floor":42,"key":"REST"},{"floor":49,"key":"REST"}],"neow_cost":"TEN_PERCENT_HP_LOSS","seed_source_timestamp":342678391444353,"circlet_count":0,"master_deck":["Defend_B","Defend_B","Defend_B","Defend_B","Zap+1","Dualcast","Buffer+1","Auto Shields","Cold Snap","Coolheaded","Glacier","White Noise","Redo+1","Doubt","Conserve Battery","Buffer+1","Biased Cognition+1","Hyperbeam+1","Darkness+1","Barrage","Darkness+1","Ball Lightning","Defragment+1","Loop+1","Electrodynamics","BootSequence+1","Self Repair","Defragment","Undo+1"],"relics":["Cracked Core","Centennial Puzzle","Art of War","Blood Vial","Astrolabe","Pear","Oddly Smooth Stone","Mango","Cables","Anchor","Mercury Hourglass","Fusion Hammer","ClockworkSouvenir","Darkstone Periapt"],"potions_floor_usage":[16,20,29,33,50],"damage_taken":[{"damage":0,"enemies":"Cultist","floor":1,"turns":4},{"damage":0,"enemies":"Small Slimes","floor":3,"turns":3},{"damage":0,"enemies":"Jaw Worm","floor":4,"turns":3},{"damage":1,"enemies":"Blue Slaver","floor":5,"turns":4},{"damage":11,"enemies":"3 Sentries","floor":6,"turns":10},{"damage":2,"enemies":"Looter","floor":8,"turns":4},{"damage":21,"enemies":"Gremlin Nob","floor":10,"turns":7},{"damage":10,"enemies":"3 Louse","floor":13,"turns":5},{"damage":12,"enemies":"The Guardian","floor":16,"turns":23},{"damage":0,"enemies":"Spheric Guardian","floor":18,"turns":4},{"damage":15,"enemies":"2 Thieves","floor":19,"turns":3},{"damage":8,"enemies":"Shelled Parasite and Fungi","floor":20,"turns":3},{"damage":36,"enemies":"3 Cultists","floor":24,"turns":7},{"damage":22,"enemies":"Slavers","floor":27,"turns":5},{"damage":0,"enemies":"Gremlin Leader","floor":29,"turns":5},{"damage":17,"enemies":"Champ","floor":33,"turns":6},{"damage":26,"enemies":"3 Darklings","floor":35,"turns":4},{"damage":0,"enemies":"Orb Walker","floor":38,"turns":4},{"damage":0,"enemies":"4 Shapes","floor":39,"turns":3},{"damage":25,"enemies":"Spire Growth","floor":41,"turns":4},{"damage":0,"enemies":"Sphere and 2 Shapes","floor":46,"turns":4},{"damage":0,"enemies":"Maw","floor":47,"turns":6},{"damage":0,"enemies":"Spire Growth","floor":48,"turns":4},{"damage":12,"enemies":"Time Eater","floor":50,"turns":7}],"seed_played":"143815968798405295","potions_obtained":[{"floor":4,"key":"Block Potion"},{"floor":5,"key":"FocusPotion"},{"floor":10,"key":"PowerPotion"},{"floor":16,"key":"LiquidBronze"},{"floor":29,"key":"Weak Potion"},{"floor":33,"key":"Block Potion"},{"floor":38,"key":"SpeedPotion"}],"is_trial":false,"path_per_floor":["M","?","M","M","M","E","R","M","T","E","$","?","M","?","R","B",null,"M","M","M","$","?","R","M","R","T","E","?","E","R","?","R","B",null,"M","$","?","M","M","R","M","R","T","?","?","M","M","M","R","B",null],"character_chosen":"DEFECT","items_purchased":["Redo","Defragment","Pear","Oddly Smooth Stone","ClockworkSouvenir","Self Repair"],"campfire_rested":4,"item_purchase_floors":[11,21,21,21,36,36],"current_hp_per_floor":[68,68,68,68,67,56,56,54,54,33,33,33,25,47,47,37,60,62,49,43,53,53,53,19,19,33,13,13,15,15,15,42,27,76,52,52,52,61,63,90,67,92,92,92,87,87,87,87,87,75],"gold":139,"neow_bonus":"THREE_RARE_CARDS","is_prod":false,"is_daily":false,"chose_seed":false,"campfire_upgraded":5,"win_rate":0,"timestamp":1556193006,"path_taken":["M","?","M","M","?","E","R","M","T","E","?","?","?","?","R","BOSS","M","M","M","$","?","R","M","R","T","E","?","E","R","?","R","BOSS","M","$","?","M","?","R","M","R","T","?","?","M","M","M","R","BOSS"],"build_version":"2019-04-23","purchased_purges":1,"victory":true,"max_hp_per_floor":[68,68,68,68,68,68,68,68,68,68,68,68,68,68,68,68,68,68,68,68,78,78,78,78,78,92,92,92,92,92,92,92,92,92,92,92,92,92,92,92,92,92,92,92,87,87,87,87,87,87],"card_choices":[{"not_picked":["Thunder Strike","Machine Learning"],"picked":"Buffer","floor":0},{"not_picked":["Coolheaded","Sweeping Beam"],"picked":"Auto Shields","floor":1},{"not_picked":["Coolheaded","Consume"],"picked":"Cold Snap","floor":3},{"not_picked":["Storm","Static Discharge"],"picked":"Hologram","floor":4},{"not_picked":["Reprogram","Barrage"],"picked":"Coolheaded","floor":5},{"not_picked":["White Noise","Go for the Eyes"],"picked":"Glacier","floor":6},{"not_picked":["Turbo","Creative AI","Tempest"],"picked":"SKIP","floor":8},{"not_picked":["Coolheaded","Chaos"],"picked":"White Noise","floor":10},{"not_picked":["Hello World","Tempest"],"picked":"Conserve Battery","floor":13},{"not_picked":["Creative AI","Amplify"],"picked":"Buffer","floor":16},{"not_picked":["Storm","Coolheaded"],"picked":"Barrage","floor":18},{"not_picked":["Sweeping Beam","Streamline+1"],"picked":"Darkness+1","floor":19},{"not_picked":["Stack","Reprogram"],"picked":"Ball Lightning","floor":20},{"not_picked":["Cold Snap","Consume","Skim+1"],"picked":"SKIP","floor":24},{"not_picked":["Streamline","Conserve Battery","Barrage"],"picked":"SKIP","floor":27},{"not_picked":["Chill+1","Storm+1"],"picked":"Loop","floor":29},{"not_picked":["Machine Learning","All For One"],"picked":"Electrodynamics","floor":33},{"not_picked":["Gash","Ball Lightning"],"picked":"BootSequence+1","floor":35},{"not_picked":["Sweeping Beam","Cold Snap+1"],"picked":"Defragment","floor":38},{"not_picked":["Storm+1","Streamline+1","Static Discharge"],"picked":"SKIP","floor":39},{"not_picked":["Conserve Battery","Storm","Beam Cell"],"picked":"SKIP","floor":41},{"not_picked":["Stack+1","Sunder+1","Recycle"],"picked":"SKIP","floor":46},{"not_picked":["Sweeping Beam","Heatsinks+1","Leap+1"],"picked":"SKIP","floor":47},{"not_picked":["Turbo","Go for the Eyes+1"],"picked":"Undo+1","floor":48}],"player_experience":1214411,"relics_obtained":[{"floor":6,"key":"Centennial Puzzle"},{"floor":9,"key":"Art of War"},{"floor":10,"key":"Blood Vial"},{"floor":26,"key":"Mango"},{"floor":27,"key":"Cables"},{"floor":29,"key":"Anchor"},{"floor":43,"key":"Darkstone Periapt"}],"event_choices":[{"damage_healed":0,"gold_gain":0,"player_choice":"Upgraded","damage_taken":0,"max_hp_gain":0,"max_hp_loss":0,"event_name":"Upgrade Shrine","floor":2,"gold_loss":0,"cards_upgraded":["Zap"]},{"damage_healed":0,"gold_gain":175,"player_choice":"AGREE","damage_taken":0,"max_hp_gain":0,"max_hp_loss":0,"event_name":"Liars Game","floor":12,"gold_loss":0,"cards_obtained":["Doubt"]},{"damage_healed":22,"gold_gain":0,"player_choice":"Banana","damage_taken":0,"max_hp_gain":0,"max_hp_loss":0,"event_name":"Big Fish","floor":14,"gold_loss":0},{"damage_healed":0,"gold_gain":99,"player_choice":"Stole From Cult","damage_taken":0,"max_hp_gain":0,"max_hp_loss":0,"event_name":"Nest","floor":22,"gold_loss":0},{"damage_healed":0,"gold_gain":0,"player_choice":"Ignored","damage_taken":0,"max_hp_gain":0,"max_hp_loss":0,"event_name":"Vampires","floor":28,"gold_loss":0},{"damage_healed":0,"gold_gain":0,"player_choice":"Opened","damage_taken":0,"relics_obtained":["Mercury Hourglass"],"max_hp_gain":0,"max_hp_loss":0,"event_name":"The Mausoleum","floor":31,"gold_loss":0},{"damage_healed":0,"gold_gain":0,"player_choice":"Ignored","damage_taken":0,"max_hp_gain":0,"max_hp_loss":0,"event_name":"SecretPortal","floor":37,"gold_loss":0},{"cards_removed":["Hologram"],"damage_healed":0,"gold_gain":0,"player_choice":"Removed Skill","damage_taken":0,"max_hp_gain":0,"max_hp_loss":0,"event_name":"Falling","floor":44,"gold_loss":0},{"damage_healed":0,"gold_gain":0,"player_choice":"Max HP","damage_taken":0,"max_hp_gain":0,"max_hp_loss":5,"event_name":"Winding Halls","floor":45,"gold_loss":0}],"is_beta":true,"boss_relics":[{"not_picked":["Tiny House","FrozenCore"],"picked":"Astrolabe"},{"not_picked":["Snecko Eye","Eternal Feather"],"picked":"Fusion Hammer"}],"items_purged_floors":[11],"is_endless":false,"potions_floor_spawned":[4,5,10,16,18,29,33,38,39,47],"ascension_level":6}