{"gold_per_floor":[116,116,133,148,62,62,78,153,153,153,182,182,200,211,211,286,286,303,313,51,76,76,76,101,101,128,148,165,175,175,210,210,282,282,301,314,536,34,48,48,76,76,76,94,114,126,51,51],"floor_reached":48,"playtime":14766,"items_purged":["Strike_R+1"],"score":1008,"play_id":"90d66967-e419-4e4d-b96e-91c9771824b3","local_time":"20190516182813","is_ascension_mode":true,"campfire_choices":[{"data":"Whirlwind","floor":6,"key":"SMITH"},{"data":"Combust","floor":10,"key":"SMITH"},{"data":"Armaments","floor":12,"key":"SMITH"},{"data":"Demon Form","floor":15,"key":"SMITH"},{"data":"Ghostly Armor","floor":23,"key":"SMITH"},{"floor":25,"key":"REST"},{"floor":30,"key":"REST"},{"data":"Double Tap","floor":32,"key":"SMITH"},{"floor":40,"key":"REST"},{"floor":42,"key":"REST"}],"neow_cost":"NONE","seed_source_timestamp":2161030803200034,"circlet_count":0,"master_deck":["AscendersBane","Strike_R+1","Strike_R+1","Strike_R+1","Defend_R+1","Defend_R+1","Defend_R+1","Defend_R+1","Bash+1","Thunderclap+1","Combust+1","Ghostly Armor+1","Whirlwind+1","Shrug It Off","Armaments+1","Anger","Demon Form+1","Shrug It Off","Heavy Blade","Double Tap+1","Cleave","Sword Boomerang+1","Dropkick","Barricade","Spot Weakness+1","Impervious","Dark Shackles","Clothesline+1","Dropkick+1","Metallicize","Metallicize"],"relics":["Burning Blood","Ginger","Pocketwatch","Cursed Key","Paper Frog","Red Mask","Dodecahedron","Strawberry","Red Skull","Empty Cage","Bronze Scales","Nunchaku"],"potions_floor_usage":[19,31,31,46],"damage_taken":[{"damage":4,"enemies":"Small Slimes","floor":1,"turns":3},{"damage":3,"enemies":"2 Louse","floor":3,"turns":2},{"damage":7,"enemies":"Jaw Worm","floor":4,"turns":4},{"damage":7,"enemies":"2 Fungi Beasts","floor":7,"turns":2},{"damage":25,"enemies":"3 Sentries","floor":11,"turns":4},{"damage":4,"enemies":"Large Slime","floor":13,"turns":5},{"damage":0,"enemies":"Gremlin Gang","floor":14,"turns":2},{"damage":16,"enemies":"Hexaghost","floor":16,"turns":7},{"damage":3,"enemies":"3 Byrds","floor":18,"turns":4},{"damage":7,"enemies":"Chosen","floor":19,"turns":4},{"damage":38,"enemies":"Masked Bandits","floor":21,"turns":4},{"damage":33,"enemies":"Slavers","floor":24,"turns":7},{"damage":9,"enemies":"Centurion and Healer","floor":27,"turns":5},{"damage":10,"enemies":"Snake Plant","floor":28,"turns":4},{"damage":16,"enemies":"Cultist and Chosen","floor":29,"turns":5},{"damage":20,"enemies":"Book of Stabbing","floor":31,"turns":5},{"damage":18,"enemies":"Champ","floor":33,"turns":6},{"damage":17,"enemies":"Orb Walker","floor":35,"turns":4},{"damage":34,"enemies":"3 Darklings","floor":36,"turns":4},{"damage":16,"enemies":"Transient","floor":39,"turns":6},{"damage":29,"enemies":"Reptomancer","floor":41,"turns":5},{"damage":21,"enemies":"Jaw Worm Horde","floor":44,"turns":4},{"damage":12,"enemies":"3 Darklings","floor":45,"turns":5},{"damage":18,"enemies":"Sphere and 2 Shapes","floor":46,"turns":6},{"damage":28,"enemies":"Nemesis","floor":48,"turns":2}],"seed_played":"6787142673376286220","potions_obtained":[{"floor":3,"key":"Ancient Potion"},{"floor":7,"key":"LiquidBronze"},{"floor":14,"key":"Fire Potion"},{"floor":28,"key":"EssenceOfSteel"},{"floor":31,"key":"LiquidBronze"},{"floor":35,"key":"AttackPotion"}],"is_trial":false,"path_per_floor":["M","?","M","M","$","R","M","?","T","R","E","R","M","M","R","B",null,"M","M","$","?","?","R","E","R","T","M","M","M","R","E","R","B",null,"M","M","?","$","M","R","E","R","T","M","M","M","$","E"],"character_chosen":"IRONCLAD","items_purchased":["Whirlwind","Paper Frog","Impervious","Bronze Scales","Dark Shackles","Metallicize"],"campfire_rested":4,"item_purchase_floors":[5,20,38,38,38,47],"current_hp_per_floor":[70,70,73,72,72,72,71,60,60,60,41,41,43,49,49,39,66,69,68,68,36,36,36,9,31,38,35,31,21,45,31,31,19,66,55,27,27,27,17,41,18,42,42,27,21,9,9,0],"gold":51,"neow_bonus":"UPGRADE_CARD","is_prod":false,"is_daily":false,"chose_seed":false,"campfire_upgraded":6,"win_rate":0,"timestamp":1558024093,"path_taken":["M","?","M","M","$","R","M","?","T","R","E","R","M","M","R","BOSS","M","M","$","?","?","R","E","R","T","M","M","M","R","E","R","BOSS","M","M","?","$","M","R","E","R","T","M","M","M","$","E"],"build_version":"2019-05-07","purchased_purges":1,"victory":false,"max_hp_per_floor":[75,75,75,75,75,75,75,75,75,75,75,75,75,75,75,75,75,75,75,75,75,75,75,75,75,82,82,82,82,82,82,82,82,82,82,82,82,82,82,82,82,82,82,82,82,82,82,82],"card_choices":[{"not_picked":["Clash","Headbutt"],"picked":"Thunderclap","floor":1},{"not_picked":["Entrench","Rupture"],"picked":"Combust","floor":3},{"not_picked":["Burning Pact","Headbutt"],"picked":"Ghostly Armor","floor":4},{"not_picked":["Clash","Rupture"],"picked":"Shrug It Off","floor":7},{"not_picked":["Havoc","Headbutt"],"picked":"Armaments","floor":11},{"not_picked":["Rupture","Shrug It Off"],"picked":"Anger","floor":13},{"not_picked":["Iron Wave","Twin Strike"],"picked":"Demon Form","floor":14},{"not_picked":["Clash","Thunderclap","True Grit"],"picked":"SKIP","floor":18},{"not_picked":["Havoc","Anger+1"],"picked":"Shrug It Off","floor":19},{"not_picked":["Clash","Armaments"],"picked":"Heavy Blade","floor":21},{"not_picked":["Corruption","Second Wind"],"picked":"Double Tap","floor":24},{"not_picked":["Iron Wave","Searing Blow"],"picked":"Cleave","floor":27},{"not_picked":["Searing Blow","Hemokinesis","True Grit"],"picked":"SKIP","floor":28},{"not_picked":["Blood for Blood","Reckless Charge"],"picked":"Sword Boomerang+1","floor":29},{"not_picked":["Iron Wave","Demon Form"],"picked":"Dropkick","floor":31},{"not_picked":["Dark Embrace","Double Tap"],"picked":"Barricade","floor":33},{"not_picked":["Twin Strike","Sword Boomerang"],"picked":"Spot Weakness+1","floor":35},{"not_picked":["Headbutt","Iron Wave+1","Shrug It Off"],"picked":"SKIP","floor":36},{"not_picked":["Wild Strike","Double Tap"],"picked":"Clothesline+1","floor":39},{"not_picked":["Havoc","Reckless Charge+1"],"picked":"Dropkick+1","floor":41},{"not_picked":["Twin Strike","Thunderclap"],"picked":"Metallicize","floor":44},{"not_picked":["Havoc+1","Pommel Strike","Perfected Strike"],"picked":"SKIP","floor":45},{"not_picked":["Shrug It Off+1","Iron Wave","Spot Weakness"],"picked":"SKIP","floor":46}],"player_experience":1978698,"relics_obtained":[{"floor":9,"key":"Ginger"},{"floor":11,"key":"Pocketwatch"},{"floor":21,"key":"Red Mask"},{"floor":24,"key":"Dodecahedron"},{"floor":26,"key":"Strawberry"},{"floor":31,"key":"Red Skull"},{"floor":41,"key":"Nunchaku"}],"event_choices":[{"damage_healed":0,"gold_gain":0,"player_choice":"Grow","damage_taken":0,"max_hp_gain":0,"max_hp_loss":0,"event_name":"Living Wall","floor":2,"gold_loss":0,"cards_upgraded":["Thunderclap"]},{"damage_healed":0,"gold_gain":75,"player_choice":"Gather Gold","damage_taken":11,"max_hp_gain":0,"max_hp_loss":0,"event_name":"World of Goop","floor":8,"gold_loss":0},{"damage_healed":0,"gold_gain":0,"player_choice":"Fought Bandits","damage_taken":0,"max_hp_gain":0,"max_hp_loss":0,"event_name":"Masked Bandits","floor":21,"gold_loss":0},{"damage_healed":0,"gold_gain":0,"player_choice":"Simplicity","damage_taken":0,"max_hp_gain":0,"max_hp_loss":0,"event_name":"Back to Basics","floor":22,"gold_loss":0,"cards_upgraded":["Strike_R","Strike_R","Strike_R","Strike_R","Strike_R","Defend_R","Defend_R","Defend_R","Defend_R"]},{"damage_healed":0,"gold_gain":222,"player_choice":"Wore Mask","damage_taken":0,"max_hp_gain":0,"max_hp_loss":0,"event_name":"Tomb of Lord Red Mask","floor":37,"gold_loss":0}],"is_beta":true,"boss_relics":[{"not_picked":["Coffee Dripper","Astrolabe"],"picked":"Cursed Key"},{"not_picked":["Calling Bell","Runic Dome"],"picked":"Empty Cage"}],"items_purged_floors":[38],"is_endless":false,"potions_floor_spawned":[3,7,14,16,18,28,29,31,35,39],"killed_by":"Nemesis","ascension_level":20}