{"gold_per_floor":[116,116,116,116,131,131,167,183,183,183,198,214,214,239,239,369,369,389,359],"floor_reached":19,"playtime":2302,"items_purged":[],"score":220,"play_id":"a43348c4-b89c-4a71-8d2b-ccb3982a6db9","local_time":"20181101013510","is_ascension_mode":true,"campfire_choices":[{"data":"Dualcast","floor":6,"key":"SMITH"},{"floor":10,"key":"REST"},{"floor":15,"key":"REST"}],"neow_cost":"NONE","seed_source_timestamp":170373959331100,"circlet_count":0,"master_deck":["Strike_B","Strike_B","Strike_B","Strike_B","Defend_B","Defend_B","Defend_B","Defend_B","Zap","Dualcast+1","Capacitor","Heatsinks","Defragment","Storm","Chaos","Chill","Self Repair","Amplify","Shame","Injury","Pain","Double Energy+1"],"relics":["Cracked Core","Letter Opener","Golden Idol","Strawberry","Bottled Lightning","Calling Bell","Oddly Smooth Stone","Gremlin Horn","Incense Burner"],"potions_floor_usage":[11,12,16,18],"damage_taken":[{"damage":2,"enemies":"2 Louse","floor":1,"turns":3},{"damage":2,"enemies":"Jaw Worm","floor":5,"turns":3},{"damage":30,"enemies":"3 Sentries","floor":7,"turns":7},{"damage":0,"enemies":"Small Slimes","floor":8,"turns":3},{"damage":20,"enemies":"Gremlin Gang","floor":11,"turns":4},{"damage":13,"enemies":"Red Slaver","floor":12,"turns":4},{"damage":3,"enemies":"3 Louse","floor":14,"turns":3},{"damage":38,"enemies":"The Guardian","floor":16,"turns":14},{"damage":66,"enemies":"Shell Parasite","floor":18,"turns":10},{"damage":12,"enemies":"2 Thieves","floor":19,"turns":1}],"seed_played":"-885608553621398380","potions_obtained":[{"floor":1,"key":"Energy Potion"},{"floor":8,"key":"Swift Potion"},{"floor":14,"key":"Poison Potion"},{"floor":16,"key":"EssenceOfSteel"},{"floor":18,"key":"Regen Potion"}],"is_trial":false,"path_per_floor":["M","?","?","?","M","R","E","M","T","R","M","M","?","M","R","B",null,"M"],"character_chosen":"DEFECT","items_purchased":[],"campfire_rested":2,"item_purchase_floors":[],"current_hp_per_floor":[73,73,73,53,51,51,28,28,28,54,34,21,21,18,44,13,70,11,0],"gold":359,"neow_bonus":"TEN_PERCENT_HP_BONUS","is_prod":false,"is_daily":false,"chose_seed":false,"campfire_upgraded":1,"win_rate":0,"timestamp":1541050510,"path_taken":["M","?","?","?","M","R","E","M","T","R","?","M","?","M","R","BOSS","M","M"],"build_version":"2018-10-25v2","purchased_purges":0,"victory":false,"max_hp_per_floor":[82,82,82,82,82,82,89,89,89,89,89,89,89,89,89,89,89,89,89],"card_choices":[{"not_picked":["Tempest","Redo"],"picked":"Capacitor","floor":1},{"not_picked":["Redo","Recycle"],"picked":"Heatsinks","floor":5},{"not_picked":["Scrape","Gash"],"picked":"Defragment","floor":7},{"not_picked":["Stack","Gash"],"picked":"Storm","floor":8},{"not_picked":["Beam Cell","Aggregate"],"picked":"Chaos","floor":11},{"not_picked":["Recycle","Ball Lightning"],"picked":"Chill","floor":12},{"not_picked":["Coolheaded","Consume"],"picked":"Self Repair","floor":14},{"not_picked":["Rainbow","Machine Learning"],"picked":"Amplify","floor":16},{"not_picked":["Auto Shields","Darkness"],"picked":"Double Energy+1","floor":18}],"player_experience":1540197,"relics_obtained":[{"floor":7,"key":"Strawberry"},{"floor":9,"key":"Bottled Lightning"},{"floor":17,"key":"Oddly Smooth Stone"},{"floor":17,"key":"Gremlin Horn"},{"floor":17,"key":"Incense Burner"}],"event_choices":[{"damage_healed":0,"gold_gain":0,"player_choice":"Box","damage_taken":0,"relics_obtained":["Letter Opener"],"max_hp_gain":0,"max_hp_loss":0,"event_name":"Big Fish","floor":2,"gold_loss":0,"cards_obtained":["Regret"]},{"cards_removed":["Regret"],"damage_healed":0,"gold_gain":0,"player_choice":"Purged","damage_taken":0,"max_hp_gain":0,"max_hp_loss":0,"event_name":"Purifier","floor":3,"gold_loss":0},{"damage_healed":0,"gold_gain":0,"player_choice":"Take Damage","damage_taken":20,"relics_obtained":["Golden Idol"],"max_hp_gain":0,"max_hp_loss":0,"event_name":"Golden Idol","floor":4,"gold_loss":0},{"damage_healed":0,"gold_gain":0,"player_choice":"Ignored","damage_taken":0,"max_hp_gain":0,"max_hp_loss":0,"event_name":"Shining Light","floor":13,"gold_loss":0}],"is_beta":false,"boss_relics":[{"not_picked":["Lizard Tail","Sozu"],"picked":"Calling Bell"}],"items_purged_floors":[],"is_endless":false,"potions_floor_spawned":[1,8,14,16,18],"killed_by":"2 Thieves","ascension_level":6}