{"gold_per_floor":[209,222,124,140,158,158,158,184,260,260,285,297,309,337,349,436,448,470,510,522,115,130,130,155,155,209,209],"floor_reached":27,"playtime":2495,"items_purged":["Strike_R","Strike_R"],"score":419,"play_id":"2d60bafa-58e5-4822-816f-7ec8a64594cc","local_time":"20190427131259","is_ascension_mode":true,"campfire_choices":[{"data":"Armaments","floor":6,"key":"SMITH"},{"data":"Bash","floor":10,"key":"SMITH"},{"data":"Clothesline","floor":13,"key":"SMITH"},{"data":"Spot Weakness","floor":15,"key":"SMITH"},{"floor":23,"key":"REST"},{"floor":25,"key":"REST"}],"neow_cost":"NONE","seed_source_timestamp":512932179391550,"circlet_count":0,"master_deck":["AscendersBane","Strike_R","Strike_R","Strike_R","Defend_R","Defend_R","Defend_R","Defend_R","Bash+1","Anger","Armaments+1","Wild Strike","Clothesline+1","Pummel","Spot Weakness+1","Thunderclap","Feed","Headbutt","Flame Barrier","Fire Breathing","Double Tap"],"relics":["Burning Blood","Ice Cream","Matryoshka","MawBank","Sozu","Red Mask","CultistMask","Question Card","Bottled Tornado","Strawberry","Juzu Bracelet"],"potions_floor_usage":[8,16,19,19],"damage_taken":[{"damage":6,"enemies":"Cultist","floor":1,"turns":3},{"damage":10,"enemies":"2 Louse","floor":2,"turns":3},{"damage":9,"enemies":"Jaw Worm","floor":4,"turns":3},{"damage":17,"enemies":"Large Slime","floor":5,"turns":5},{"damage":6,"enemies":"Gremlin Nob","floor":8,"turns":3},{"damage":25,"enemies":"Lagavulin","floor":11,"turns":5},{"damage":11,"enemies":"Looter","floor":14,"turns":2},{"damage":20,"enemies":"Hexaghost","floor":16,"turns":6},{"damage":34,"enemies":"Chosen","floor":18,"turns":6},{"damage":24,"enemies":"Masked Bandits","floor":19,"turns":4},{"damage":7,"enemies":"3 Byrds","floor":22,"turns":4},{"damage":53,"enemies":"Slavers","floor":24,"turns":6},{"damage":49,"enemies":"Book of Stabbing","floor":27,"turns":5}],"seed_played":"-1563192013222867590","potions_obtained":[{"floor":1,"key":"Strength Potion"},{"floor":4,"key":"Block Potion"},{"floor":14,"key":"SteroidPotion"},{"floor":16,"key":"Fire Potion"}],"is_trial":false,"path_per_floor":["M","M","$","M","M","R","?","E","T","R","E","?","R","M","R","B",null,"M","?","?","$","M","R","E","R","T","E"],"character_chosen":"IRONCLAD","items_purchased":["Wild Strike","Flame Barrier","Question Card"],"campfire_rested":2,"item_purchase_floors":[3,21,21],"current_hp_per_floor":[72,68,68,65,54,54,54,54,54,54,35,40,40,35,35,21,69,41,27,27,27,29,56,13,41,48,0],"gold":209,"neow_bonus":"HUNDRED_GOLD","is_prod":false,"is_daily":false,"chose_seed":false,"campfire_upgraded":4,"win_rate":0,"timestamp":1556363579,"path_taken":["M","M","$","M","M","R","?","E","T","R","E","?","R","M","R","BOSS","M","?","?","$","?","R","E","R","T","E"],"build_version":"2019-04-23","purchased_purges":2,"victory":false,"max_hp_per_floor":[80,80,80,80,80,80,80,80,80,80,80,85,85,85,85,85,85,85,89,89,89,92,92,96,96,103,103],"card_choices":[{"not_picked":["Thunderclap","Power Through"],"picked":"Anger","floor":1},{"not_picked":["Heavy Blade","Cleave"],"picked":"Armaments","floor":2},{"not_picked":["Sever Soul","Cleave"],"picked":"Clothesline","floor":4},{"not_picked":["Searing Blow","Clothesline"],"picked":"Pummel","floor":5},{"not_picked":["Pommel Strike","Carnage"],"picked":"Spot Weakness","floor":8},{"not_picked":["Rupture","Warcry","True Grit"],"picked":"SKIP","floor":11},{"not_picked":["Perfected Strike","Heavy Blade"],"picked":"Thunderclap","floor":14},{"not_picked":["Bludgeon","Berserk"],"picked":"Feed","floor":16},{"not_picked":["Armaments","Clothesline"],"picked":"Headbutt","floor":18},{"not_picked":["Blood for Blood","Flex","Anger+1"],"picked":"Fire Breathing","floor":22},{"not_picked":["Warcry","True Grit","Entrench"],"picked":"Double Tap","floor":24}],"player_experience":1261282,"relics_obtained":[{"floor":8,"key":"Ice Cream"},{"floor":9,"key":"Matryoshka"},{"floor":11,"key":"MawBank"},{"floor":19,"key":"Red Mask"},{"floor":24,"key":"Bottled Tornado"},{"floor":26,"key":"Strawberry"},{"floor":26,"key":"Juzu Bracelet"}],"event_choices":[{"damage_healed":0,"gold_gain":0,"player_choice":"Ignored","damage_taken":0,"max_hp_gain":0,"max_hp_loss":0,"event_name":"Liars Game","floor":7,"gold_loss":0},{"damage_healed":0,"gold_gain":0,"player_choice":"Donut","damage_taken":0,"max_hp_gain":5,"max_hp_loss":0,"event_name":"Big Fish","floor":12,"gold_loss":0},{"damage_healed":0,"gold_gain":0,"player_choice":"Fought Bandits","damage_taken":0,"max_hp_gain":0,"max_hp_loss":0,"event_name":"Masked Bandits","floor":19,"gold_loss":0},{"damage_healed":0,"gold_gain":0,"player_choice":"Trade","damage_taken":0,"relics_obtained":["CultistMask"],"max_hp_gain":0,"max_hp_loss":0,"event_name":"FaceTrader","floor":20,"gold_loss":0}],"is_beta":true,"boss_relics":[{"not_picked":["Cursed Key","Astrolabe"],"picked":"Sozu"}],"items_purged_floors":[3,21],"is_endless":false,"potions_floor_spawned":[1,4,14,16,18,22,24],"killed_by":"Book of Stabbing","ascension_level":13}