{"gold_per_floor":[116,127,140,56,76,76,107,107,131,48,58,58,74,94,94,194,194,208,226,226,246,17,17,29,42,42,18,33,51,51,65,65,162,462,482,19,36,0,15,15,15,35,61,84,96,33,46,62,62,62],"floor_reached":51,"playtime":8326,"items_purged":["Pain"],"score":684,"play_id":"6d2bacfc-2e49-470b-812c-3a97eeb9b277","local_time":"20190519230055","is_ascension_mode":false,"campfire_choices":[{"data":"Adrenaline","floor":6.0,"key":"SMITH"},{"data":"Skewer","floor":12.0,"key":"SMITH"},{"data":"Riddle With Holes","floor":15.0,"key":"SMITH"},{"floor":23.0,"key":"REST"},{"floor":30.0,"key":"REST"},{"floor":32.0,"key":"REST"},{"floor":40,"key":"REST"},{"floor":45,"key":"REST"},{"floor":49,"key":"REST"}],"neow_cost":"NONE","seed_source_timestamp":0,"circlet_count":0,"master_deck":["Defend_G","Defend_G","Defend_G","Defend_G","Defend_G","Strike_G","Strike_G","Strike_G","Strike_G","Strike_G","Survivor","Neutralize","Dagger Throw","Dash","Dagger Spray","Infinite Blades","Slice","Adrenaline+1","Skewer+1","Flash of Steel","Backstab","Riddle With Holes+1","Quick Slash","Venomology","Finisher","Slice","Finisher","Dash+1","Infinite Blades","Well Laid Plans","Slice","Blade Dance","Distraction","Adrenaline","Clumsy","Regret","Outmaneuver+1","Secret Technique","Predator+1","Endless Agony+1"],"special_seed":0,"relics":["Ring of the Snake","NeowsBlessing","PreservedInsect","Potion Belt","WristBlade","Centennial Puzzle","Darkstone Periapt","Calling Bell","Pen Nib","Shuriken","Old Coin","Ornamental Fan","Red Mask","MawBank"],"potions_floor_usage":[39,44,48,50,50,50,50,50],"damage_taken":[{"damage":0.0,"enemies":"Cultist","floor":1.0,"turns":1.0},{"damage":0.0,"enemies":"Small Slimes","floor":2.0,"turns":1.0},{"damage":0.0,"enemies":"2 Louse","floor":3.0,"turns":1.0},{"damage":2.0,"enemies":"Blue Slaver","floor":5.0,"turns":4.0},{"damage":6.0,"enemies":"Gremlin Nob","floor":7.0,"turns":4.0},{"damage":9.0,"enemies":"Exordium Wildlife","floor":11.0,"turns":3.0},{"damage":0.0,"enemies":"3 Louse","floor":13.0,"turns":2.0},{"damage":0.0,"enemies":"Lots of Slimes","floor":14.0,"turns":2.0},{"damage":30.0,"enemies":"Hexaghost","floor":16.0,"turns":7.0},{"damage":12.0,"enemies":"Shell Parasite","floor":18.0,"turns":4.0},{"damage":14.0,"enemies":"2 Thieves","floor":19.0,"turns":4.0},{"damage":5.0,"enemies":"Chosen and Byrds","floor":21.0,"turns":4.0},{"damage":9.0,"enemies":"Cultist and Chosen","floor":24.0,"turns":5.0},{"damage":36.0,"enemies":"Shelled Parasite and Fungi","floor":25.0,"turns":4.0},{"damage":12.0,"enemies":"Centurion and Healer","floor":28.0,"turns":3.0},{"damage":17.0,"enemies":"Snecko","floor":29.0,"turns":4.0},{"damage":0.0,"enemies":"Snake Plant","floor":31.0,"turns":3.0},{"damage":27.0,"enemies":"Automaton","floor":33.0,"turns":9.0},{"damage":2.0,"enemies":"Orb Walker","floor":35.0,"turns":2.0},{"damage":13.0,"enemies":"3 Darklings","floor":37.0,"turns":3.0},{"damage":16,"enemies":"Maw","floor":39,"turns":6},{"damage":15,"enemies":"Jaw Worm Horde","floor":42,"turns":3},{"damage":18,"enemies":"Spire Growth","floor":44,"turns":3},{"damage":34,"enemies":"4 Shapes","floor":47,"turns":3},{"damage":2,"enemies":"Jaw Worm Horde","floor":48,"turns":4},{"damage":69,"enemies":"Awakened One","floor":50,"turns":6}],"seed_played":"-5430414052413682803","potions_obtained":[{"floor":2.0,"key":"Fruit Juice"},{"floor":3.0,"key":"SteroidPotion"},{"floor":7.0,"key":"Ancient Potion"},{"floor":14.0,"key":"Fire Potion"},{"floor":21.0,"key":"PowerPotion"},{"floor":25.0,"key":"Poison Potion"},{"floor":29.0,"key":"SpeedPotion"},{"floor":33.0,"key":"Strength Potion"},{"floor":35.0,"key":"Block Potion"},{"floor":39,"key":"SkillPotion"},{"floor":42,"key":"GhostInAJar"},{"floor":44,"key":"Dexterity Potion"}],"is_trial":false,"path_per_floor":["M","M","M","$","M","R","E","?","T","$","M","R","M","M","R","B",null,"M","M","?","M","$","R","M","M","T","$","M","M","R","M","R","B",null,"M","$","M","?","M","R","?","M","T","M","R","$","M","M","R","B",null],"character_chosen":"THE_SILENT","items_purchased":["Infinite Blades","Slice","Flash of Steel","Centennial Puzzle","Infinite Blades","Slice","Ornamental Fan","Secret Technique","Energy Potion"],"campfire_rested":6,"item_purchase_floors":[4,4,10,22,22,27,36,36,36],"current_hp_per_floor":[70,75,75,75,73,73,67,67,67,67,58,58,58,58,58,28,75,63,49,49,44,44,66,57,21,21,21,9,4,26,26,48,21,93,91,91,78,78,62,89,88,73,73,55,81,81,47,45,71,2],"gold":62,"neow_bonus":"THREE_ENEMY_KILL","is_prod":false,"is_daily":false,"chose_seed":false,"campfire_upgraded":3,"win_rate":0.0,"timestamp":1558299655,"path_taken":["M","?","M","$","?","R","E","?","T","$","M","R","M","M","R","BOSS","M","M","?","M","$","R","M","M","T","$","M","M","R","M","R","BOSS","M","$","M","?","M","R","?","M","T","M","R","?","M","?","R","BOSS"],"build_version":"2019-01-23","purchased_purges":1,"victory":true,"max_hp_per_floor":[70,75,75,75,75,75,75,75,75,75,75,75,75,75,75,75,75,75,75,75,75,75,75,75,75,75,75,75,75,75,75,75,75,93,93,93,93,93,93,93,88,88,88,88,88,88,88,88,88,88],"card_choices":[{"not_picked":["Dodge and Roll","Endless Agony"],"picked":"Dagger Throw","floor":1.0},{"not_picked":["Endless Agony","Backflip"],"picked":"Dash","floor":2.0},{"not_picked":["Dodge and Roll","PiercingWail"],"picked":"Dagger Spray","floor":3.0},{"not_picked":["Poisoned Stab","Flying Knee"],"picked":"Adrenaline","floor":5.0},{"not_picked":["Venomology","Acrobatics"],"picked":"Skewer","floor":7.0},{"not_picked":["Outmaneuver","Acrobatics"],"picked":"Backstab","floor":11.0},{"not_picked":["Dagger Throw","Dagger Spray"],"picked":"Riddle With Holes","floor":13.0},{"not_picked":["Dagger Throw","Dodge and Roll"],"picked":"Quick Slash","floor":14.0},{"not_picked":["After Image","Wraith Form v2"],"picked":"Venomology","floor":16.0},{"not_picked":["Deadly Poison","Infinite Blades"],"picked":"Finisher","floor":18.0},{"not_picked":["Prepared+1","Heel Hook+1"],"picked":"Slice","floor":19.0},{"not_picked":["Dagger Throw","Outmaneuver"],"picked":"Dash+1","floor":21.0},{"not_picked":["Prepared","PiercingWail"],"picked":"Well Laid Plans","floor":24.0},{"not_picked":["Footwork+1","Tactician","Riddle With Holes+1"],"picked":"SKIP","floor":25.0},{"not_picked":["Caltrops","PiercingWail","Dodge and Roll"],"picked":"SKIP","floor":28.0},{"not_picked":["Predator","Slice"],"picked":"Blade Dance","floor":29.0},{"not_picked":["Quick Slash","Deflect"],"picked":"Distraction","floor":31.0},{"not_picked":["Tools of the Trade","Envenom"],"picked":"Adrenaline","floor":33.0},{"not_picked":["PiercingWail+1","Deflect+1"],"picked":"Outmaneuver+1","floor":35.0},{"not_picked":["Poisoned Stab","Dagger Spray"],"picked":"Predator+1","floor":37.0},{"not_picked":["Sucker Punch+1","Wraith Form v2"],"picked":"Endless Agony+1","floor":39},{"not_picked":["Skewer+1","Deadly Poison","Footwork"],"picked":"SKIP","floor":42},{"not_picked":["Sucker Punch","Finisher","Dagger Throw"],"picked":"SKIP","floor":44},{"not_picked":["Infinite Blades","Skewer+1","Calculated Gamble+1"],"picked":"SKIP","floor":47},{"not_picked":["Sucker Punch+1","Acrobatics","Skewer"],"picked":"SKIP","floor":48}],"player_experience":6001,"relics_obtained":[{"floor":7.0,"key":"PreservedInsect"},{"floor":9.0,"key":"Potion Belt"},{"floor":26.0,"key":"Darkstone Periapt"},{"floor":34.0,"key":"Pen Nib"},{"floor":34.0,"key":"Shuriken"},{"floor":34.0,"key":"Old Coin"},{"floor":43,"key":"MawBank"}],"event_choices":[{"damage_healed":0.0,"max_hp_gain":0.0,"max_hp_loss":0.0,"gold_gain":0.0,"event_name":"Liars Game","player_choice":"Ignored","floor":8.0,"gold_loss":0.0,"damage_taken":0.0},{"damage_healed":0.0,"max_hp_gain":0.0,"max_hp_loss":0.0,"gold_gain":0.0,"event_name":"The Library","player_choice":"Read","floor":20.0,"gold_loss":0.0,"damage_taken":0.0,"cards_obtained":["Finisher"]},{"damage_healed":0,"gold_gain":0,"player_choice":"Paid","damage_taken":0,"relics_obtained":["Red Mask"],"max_hp_gain":0,"max_hp_loss":0,"event_name":"Tomb of Lord Red Mask","floor":38,"gold_loss":36},{"damage_healed":0,"gold_gain":0,"player_choice":"Max HP","damage_taken":0,"max_hp_gain":0,"max_hp_loss":5,"event_name":"Winding Halls","floor":41,"gold_loss":0}],"is_beta":false,"boss_relics":[{"not_picked":["Runic Pyramid","Lizard Tail"],"picked":"WristBlade"},{"not_picked":["Ring of the Serpent","Philosopher\u0027s Stone"],"picked":"Calling Bell"}],"items_purged_floors":[46],"is_endless":false,"potions_floor_spawned":[2,3,7,14,21,25,29,33,35,39,42,44],"ascension_level":0}