{"gold_per_floor":[115,115,190,109,124,124,152,152,175,201,201,201,158,158,158,158],"floor_reached":16,"playtime":371,"items_purged":[],"score":203,"play_id":"75265835-3083-44b4-8794-6b213ae47f47","local_time":"20190510165219","is_ascension_mode":true,"campfire_choices":[{"data":"Combust","floor":6,"key":"SMITH"},{"floor":8,"key":"REST"},{"floor":12,"key":"REST"},{"data":"Rupture","floor":15,"key":"SMITH"}],"neow_cost":"NONE","seed_source_timestamp":1651418082721971,"circlet_count":0,"master_deck":["AscendersBane","Strike_R","Strike_R","Strike_R","Strike_R","Strike_R","Defend_R","Defend_R","Defend_R","Defend_R","Bash","Clothesline","Spot Weakness","Combust+1","Seeing Red","Rupture+1","Iron Wave","Whirlwind"],"relics":["Burning Blood","Bag of Preparation","Bag of Marbles","Dream Catcher","Shovel","Golden Idol","Juzu Bracelet"],"potions_floor_usage":[10,16],"damage_taken":[{"damage":1,"enemies":"Cultist","floor":1,"turns":3},{"damage":4,"enemies":"Jaw Worm","floor":5,"turns":4},{"damage":57,"enemies":"3 Sentries","floor":7,"turns":9},{"damage":32,"enemies":"Lagavulin","floor":10,"turns":5},{"damage":55,"enemies":"Hexaghost","floor":16,"turns":8}],"seed_played":"-6857408945751648246","potions_obtained":[{"floor":5,"key":"SteroidPotion"},{"floor":10,"key":"Regen Potion"}],"is_trial":false,"path_per_floor":["M","?","?","$","M","R","E","R","T","E","?","R","$","T","R","B"],"character_chosen":"IRONCLAD","items_purchased":["Spot Weakness","Whirlwind"],"campfire_rested":2,"item_purchase_floors":[4,13],"current_hp_per_floor":[73,78,67,67,69,69,18,42,42,16,16,37,37,37,37,0],"gold":158,"neow_bonus":"RANDOM_COMMON_RELIC","is_prod":false,"is_daily":false,"chose_seed":false,"campfire_upgraded":2,"win_rate":0,"timestamp":1557499939,"path_taken":["M","?","?","$","M","R","E","R","T","E","?","R","$","?","R","BOSS"],"build_version":"2019-05-07","purchased_purges":0,"victory":false,"max_hp_per_floor":[75,80,80,80,80,80,80,80,80,80,72,72,72,72,72,72],"card_choices":[{"not_picked":["Wild Strike","Twin Strike"],"picked":"Clothesline","floor":1},{"not_picked":["Shockwave","Headbutt"],"picked":"Combust","floor":5},{"not_picked":["Havoc","Dual Wield"],"picked":"Seeing Red","floor":7},{"not_picked":["Sentinel","Bludgeon"],"picked":"Rupture","floor":10},{"not_picked":["Rampage","Burning Pact"],"picked":"Iron Wave","floor":12}],"player_experience":1712361,"relics_obtained":[{"floor":7,"key":"Bag of Marbles"},{"floor":9,"key":"Dream Catcher"},{"floor":10,"key":"Shovel"},{"floor":14,"key":"Juzu Bracelet"}],"event_choices":[{"damage_healed":0,"gold_gain":0,"player_choice":"Donut","damage_taken":0,"max_hp_gain":5,"max_hp_loss":0,"event_name":"Big Fish","floor":2,"gold_loss":0},{"damage_healed":0,"gold_gain":75,"player_choice":"Gather Gold","damage_taken":11,"max_hp_gain":0,"max_hp_loss":0,"event_name":"World of Goop","floor":3,"gold_loss":0},{"damage_healed":0,"gold_gain":0,"player_choice":"Lose Max HP","damage_taken":0,"relics_obtained":["Golden Idol"],"max_hp_gain":0,"max_hp_loss":8,"event_name":"Golden Idol","floor":11,"gold_loss":0}],"is_beta":true,"boss_relics":[],"items_purged_floors":[],"is_endless":false,"potions_floor_spawned":[5,10],"killed_by":"Hexaghost","ascension_level":19}