{"gold_per_floor":[116,132,150,42,42,77,77,112,112,142,42,42,61,74,74,178,178,191,34,49,49,49,81,81,94,117,137,137],"floor_reached":28,"playtime":1351,"items_purged":["Strike_B"],"score":453,"play_id":"0686d49d-8da5-4fcb-be11-03331d73e6a4","local_time":"20190429133231","is_ascension_mode":true,"campfire_choices":[{"floor":7,"key":"REST"},{"data":"Capacitor","floor":12,"key":"SMITH"},{"data":"Auto Shields","floor":15,"key":"SMITH"},{"floor":24,"key":"REST"}],"neow_cost":"NONE","seed_source_timestamp":688049216399486,"circlet_count":0,"master_deck":["AscendersBane","Strike_B","Strike_B","Strike_B","Defend_B","Defend_B","Defend_B","Defend_B","Zap+1","Dualcast","Ball Lightning","Gash","White Noise","Capacitor+1","Auto Shields+1","FTL","Cold Snap","Sunder","Leap","Gash","Gash","Echo Form","Defragment","Hologram","Lockon","Undo","Steam","Writhe","Consume"],"relics":["Cracked Core","NlothsMask","Bottled Tornado","FossilizedHelix","Question Card","Cursed Key","Orichalcum","Enchiridion","Dream Catcher","Pen Nib"],"potions_floor_usage":[6,10,18,23,23],"damage_taken":[{"damage":1,"enemies":"Cultist","floor":1,"turns":3},{"damage":0,"enemies":"2 Louse","floor":2,"turns":2},{"damage":2,"enemies":"Jaw Worm","floor":3,"turns":3},{"damage":28,"enemies":"Gremlin Nob","floor":6,"turns":5},{"damage":19,"enemies":"Lagavulin","floor":8,"turns":5},{"damage":0,"enemies":"Gremlin Nob","floor":10,"turns":4},{"damage":0,"enemies":"Exordium Thugs","floor":13,"turns":4},{"damage":0,"enemies":"Blue Slaver","floor":14,"turns":2},{"damage":29,"enemies":"The Guardian","floor":16,"turns":10},{"damage":0,"enemies":"Spheric Guardian","floor":18,"turns":3},{"damage":0,"enemies":"Chosen","floor":20,"turns":4},{"damage":42,"enemies":"Slavers","floor":23,"turns":5},{"damage":0,"enemies":"Centurion and Healer","floor":25,"turns":7},{"damage":21,"enemies":"3 Cultists","floor":27,"turns":4},{"damage":13,"enemies":"Cultist and Chosen","floor":28,"turns":4}],"seed_played":"-8861855189259130554","potions_obtained":[{"floor":2,"key":"PowerPotion"},{"floor":8,"key":"Poison Potion"},{"floor":10,"key":"Fire Potion"},{"floor":13,"key":"Fire Potion"},{"floor":20,"key":"AttackPotion"},{"floor":27,"key":"LiquidBronze"}],"is_trial":false,"path_per_floor":["M","M","M","$","?","E","R","E","T","E","$","R","M","M","R","B",null,"M","$","M","?","?","E","R","M","T","M","M"],"character_chosen":"DEFECT","items_purchased":["Capacitor","Auto Shields","Leap","Orichalcum"],"campfire_rested":2,"item_purchase_floors":[4,4,11,19],"current_hp_per_floor":[67,67,65,65,65,37,59,40,40,40,40,40,40,40,40,11,59,59,59,59,43,43,1,23,23,23,2,0],"gold":137,"neow_bonus":"UPGRADE_CARD","is_prod":false,"is_daily":false,"chose_seed":false,"campfire_upgraded":2,"win_rate":0,"timestamp":1556537551,"path_taken":["M","M","M","$","?","E","R","E","T","E","?","R","M","M","R","BOSS","M","$","M","?","?","E","R","M","T","?","M"],"build_version":"2019-04-23","purchased_purges":1,"victory":false,"max_hp_per_floor":[75,75,75,75,75,75,75,75,75,75,75,75,75,75,75,75,75,75,75,75,75,75,75,75,75,75,75,75],"card_choices":[{"not_picked":["Darkness","Steam"],"picked":"Ball Lightning","floor":1},{"not_picked":["Sweeping Beam","Go for the Eyes"],"picked":"Gash","floor":2},{"not_picked":["Storm","Ball Lightning"],"picked":"White Noise","floor":3},{"not_picked":["Go for the Eyes","Cold Snap"],"picked":"FTL","floor":6},{"not_picked":["Aggregate","Reinforced Body"],"picked":"Cold Snap","floor":8},{"not_picked":["Force Field","Stack"],"picked":"Sunder","floor":10},{"not_picked":["Fusion","White Noise","Creative AI"],"picked":"Gash","floor":13},{"not_picked":["Hologram","Capacitor","Steam"],"picked":"Gash","floor":14},{"not_picked":["Creative AI","Multi-Cast","Meteor Strike"],"picked":"Echo Form","floor":16},{"not_picked":["Rebound","Cold Snap","Ball Lightning"],"picked":"Defragment","floor":18},{"not_picked":["Storm","Streamline","Reprogram"],"picked":"Hologram","floor":20},{"not_picked":["Loop","Turbo+1","Redo"],"picked":"Undo","floor":23},{"not_picked":["Conserve Battery","Thunder Strike","Loop"],"picked":"Steam","floor":24},{"not_picked":["Rebound","Steam","Darkness","Melter"],"picked":"SKIP","floor":25},{"not_picked":["Redo","Cold Snap+1","Skim"],"picked":"Consume","floor":27}],"player_experience":1313200,"relics_obtained":[{"floor":6,"key":"Bottled Tornado"},{"floor":8,"key":"FossilizedHelix"},{"floor":10,"key":"Question Card"},{"floor":21,"key":"Enchiridion"},{"floor":23,"key":"Dream Catcher"},{"floor":26,"key":"Pen Nib"}],"event_choices":[{"damage_healed":0,"gold_gain":0,"player_choice":"Trade","damage_taken":0,"relics_obtained":["NlothsMask"],"max_hp_gain":0,"max_hp_loss":0,"event_name":"FaceTrader","floor":5,"gold_loss":0},{"damage_healed":0,"gold_gain":0,"player_choice":"Obtained Book","damage_taken":16,"max_hp_gain":0,"max_hp_loss":0,"event_name":"Cursed Tome","floor":21,"gold_loss":0},{"damage_healed":0,"gold_gain":0,"player_choice":"1 cards matched","damage_taken":0,"max_hp_gain":0,"max_hp_loss":0,"event_name":"Match and Keep!","floor":22,"gold_loss":0,"cards_obtained":["Lockon"]}],"is_beta":true,"boss_relics":[{"not_picked":["Tiny House","Black Star"],"picked":"Cursed Key"}],"items_purged_floors":[11],"is_endless":false,"potions_floor_spawned":[2,8,10,13,20,27],"killed_by":"Cultist and Chosen","ascension_level":12}