{"gold_per_floor":[114,127,127,127,127,127,29,29,79,4,37,55,27,40,40,40],"floor_reached":16,"playtime":428,"items_purged":["Strike_R"],"score":191,"play_id":"bdf85f4a-6b07-4157-8323-767fdb34a279","local_time":"20190510165937","is_ascension_mode":true,"campfire_choices":[{"floor":6,"key":"REST"},{"data":"Shrug It Off","floor":8,"key":"SMITH"},{"data":"Perfected Strike","floor":15,"key":"SMITH"}],"neow_cost":"NONE","seed_source_timestamp":1651799019962254,"circlet_count":0,"master_deck":["AscendersBane","Strike_R","Strike_R+1","Strike_R","Strike_R","Defend_R","Defend_R","Defend_R","Defend_R","Bash+1","Metallicize+1","Disarm+1","Shrug It Off+1","Dropkick","Perfected Strike+1"],"relics":["Burning Blood","Bag of Marbles","Oddly Smooth Stone","Turnip"],"potions_floor_usage":[16],"damage_taken":[{"damage":12,"enemies":"Small Slimes","floor":1,"turns":4},{"damage":2,"enemies":"2 Louse","floor":2,"turns":3},{"damage":42,"enemies":"Gremlin Nob","floor":11,"turns":5},{"damage":0,"enemies":"Jaw Worm","floor":12,"turns":5},{"damage":1,"enemies":"Blue Slaver","floor":14,"turns":6},{"damage":38,"enemies":"Hexaghost","floor":16,"turns":13}],"seed_played":"-7506568064703020152","potions_obtained":[{"floor":1,"key":"Regen Potion"}],"is_trial":false,"path_per_floor":["M","M","?","?","?","R","$","R","T","$","E","M","$","M","R","B"],"character_chosen":"IRONCLAD","items_purchased":["Shrug It Off","Dropkick","Perfected Strike"],"campfire_rested":1,"item_purchase_floors":[7,7,13],"current_hp_per_floor":[62,66,48,48,25,47,47,47,47,47,11,17,17,22,22,0],"gold":40,"neow_bonus":"UPGRADE_CARD","is_prod":false,"is_daily":false,"chose_seed":false,"campfire_upgraded":2,"win_rate":0,"timestamp":1557500377,"path_taken":["M","M","?","?","?","R","?","R","T","$","E","M","$","M","R","BOSS"],"build_version":"2019-05-07","purchased_purges":1,"victory":false,"max_hp_per_floor":[75,75,75,75,75,75,75,75,75,75,75,75,75,75,75,75],"card_choices":[{"not_picked":["Havoc","Hemokinesis"],"picked":"Metallicize","floor":1},{"not_picked":["Iron Wave","Shrug It Off"],"picked":"Disarm","floor":2},{"not_picked":["Twin Strike","Havoc","Clash"],"picked":"SKIP","floor":11},{"not_picked":["Flex","Dual Wield","Heavy Blade"],"picked":"SKIP","floor":12},{"not_picked":["True Grit","Corruption","Headbutt"],"picked":"SKIP","floor":14}],"player_experience":1712732,"relics_obtained":[{"floor":9,"key":"Oddly Smooth Stone"},{"floor":11,"key":"Turnip"}],"event_choices":[{"damage_healed":0,"gold_gain":0,"player_choice":"Success","damage_taken":18,"relics_obtained":["Bag of Marbles"],"max_hp_gain":0,"max_hp_loss":0,"event_name":"Scrap Ooze","floor":3,"gold_loss":0},{"damage_healed":0,"gold_gain":0,"player_choice":"Grow","damage_taken":0,"max_hp_gain":0,"max_hp_loss":0,"event_name":"Living Wall","floor":4,"gold_loss":0,"cards_upgraded":["Metallicize"]},{"damage_healed":0,"gold_gain":0,"player_choice":"Entered Light","damage_taken":23,"max_hp_gain":0,"max_hp_loss":0,"event_name":"Shining Light","floor":5,"gold_loss":0,"cards_upgraded":["Strike_R","Disarm"]}],"is_beta":true,"boss_relics":[],"items_purged_floors":[10],"is_endless":false,"potions_floor_spawned":[1],"killed_by":"Hexaghost","ascension_level":19}