{"gold_per_floor":[118,118,138,158,174,206,76,55,55,55,55,65,65,95,95,95],"floor_reached":16,"playtime":626,"items_purged":["Strike_R"],"score":224,"play_id":"8c83f710-dc56-43ea-98e5-4dd15e09b4e4","local_time":"20190516141852","is_ascension_mode":true,"campfire_choices":[{"data":"Whirlwind","floor":10,"key":"SMITH"},{"floor":13,"key":"REST"},{"data":"Uppercut","floor":15,"key":"SMITH"}],"neow_cost":"NONE","seed_source_timestamp":2160356128561780,"circlet_count":0,"master_deck":["AscendersBane","Strike_R","Strike_R","Strike_R","Strike_R","Defend_R","Defend_R","Defend_R","Defend_R","Bash+1","Feel No Pain","Anger","Whirlwind+1","Bludgeon","True Grit","Shrug It Off","Thunderclap","Uppercut+1"],"relics":["Burning Blood","PreservedInsect","Torii","Bottled Tornado","Mummified Hand"],"potions_floor_usage":[6],"damage_taken":[{"damage":4,"enemies":"Small Slimes","floor":1,"turns":4},{"damage":9,"enemies":"2 Louse","floor":3,"turns":3},{"damage":7,"enemies":"Jaw Worm","floor":4,"turns":2},{"damage":38,"enemies":"Large Slime","floor":5,"turns":5},{"damage":8,"enemies":"Gremlin Nob","floor":6,"turns":3},{"damage":12,"enemies":"Exordium Thugs","floor":8,"turns":4},{"damage":9,"enemies":"Blue Slaver","floor":12,"turns":5},{"damage":10,"enemies":"3 Sentries","floor":14,"turns":4},{"damage":36,"enemies":"The Guardian","floor":16,"turns":8}],"seed_played":"4352241469569020249","potions_obtained":[{"floor":5,"key":"Poison Potion"},{"floor":8,"key":"SteroidPotion"},{"floor":14,"key":"SteroidPotion"}],"is_trial":false,"path_per_floor":["M","?","M","M","M","E","$","M","T","R","?","M","R","E","R","B"],"character_chosen":"IRONCLAD","items_purchased":["True Grit"],"campfire_rested":1,"item_purchase_floors":[7],"current_hp_per_floor":[70,65,62,61,29,27,27,21,21,21,21,18,40,36,36,0],"gold":95,"neow_bonus":"UPGRADE_CARD","is_prod":false,"is_daily":false,"chose_seed":false,"campfire_upgraded":2,"win_rate":0,"timestamp":1558009132,"path_taken":["M","?","M","M","M","E","$","M","T","R","?","M","R","E","R","BOSS"],"build_version":"2019-05-07","purchased_purges":1,"victory":false,"max_hp_per_floor":[75,75,75,75,75,75,75,75,75,75,75,75,75,75,75,75],"card_choices":[{"not_picked":["Twin Strike","Wild Strike"],"picked":"Feel No Pain","floor":1},{"not_picked":["Twin Strike","Sword Boomerang"],"picked":"Anger","floor":3},{"not_picked":["Warcry","Cleave"],"picked":"Whirlwind","floor":4},{"not_picked":["Rupture","Twin Strike","Perfected Strike"],"picked":"SKIP","floor":5},{"not_picked":["Clash","Fire Breathing"],"picked":"Bludgeon","floor":6},{"not_picked":["Perfected Strike","Anger"],"picked":"Shrug It Off","floor":8},{"not_picked":["Sword Boomerang","Cleave"],"picked":"Thunderclap","floor":12},{"not_picked":["Clash","Reckless Charge"],"picked":"Uppercut","floor":14}],"player_experience":1978072,"relics_obtained":[{"floor":6,"key":"Torii"},{"floor":9,"key":"Bottled Tornado"},{"floor":14,"key":"Mummified Hand"}],"event_choices":[{"damage_healed":0,"gold_gain":0,"player_choice":"Success","damage_taken":5,"relics_obtained":["PreservedInsect"],"max_hp_gain":0,"max_hp_loss":0,"event_name":"Scrap Ooze","floor":2,"gold_loss":0},{"damage_healed":0,"gold_gain":0,"player_choice":"Ignored","damage_taken":0,"max_hp_gain":0,"max_hp_loss":0,"event_name":"Liars Game","floor":11,"gold_loss":0}],"is_beta":true,"boss_relics":[],"items_purged_floors":[7],"is_endless":false,"potions_floor_spawned":[5,8,14],"killed_by":"The Guardian","ascension_level":20}