{"path_per_floor":["M","?","?","M","M","R","E","R","T","R","?","M","M","$","R","B",null,"M","M","?","M","M","E","R","M","T","E","T","R","M","M","R","B",null,"M","?","M","M","M","E","R","?","T","R","$","R","E","M","R"],"character_chosen":"IRONCLAD","items_purchased":["Bronze Scales","Shrug It Off","Clash","Flame Barrier"],"gold_per_floor":[118,118,118,132,147,147,175,175,223,223,278,296,312,18,18,119,119,119,89,89,89,89,89,89,89,89,89,89,89,89,89,89,89,89,89,89,89,89,89,89,89,89,89,89,14,14,14,14,14],"floor_reached":50,"campfire_rested":2,"playtime":6306,"current_hp_per_floor":[72,72,39,43,54,54,30,30,30,30,20,26,22,22,43,30,72,67,58,58,55,49,66,66,76,76,33,33,33,55,67,67,31,90,71,71,90,94,80,26,54,54,54,54,54,54,60,54,54],"items_purged":["Strike_R"],"gold":14,"play_id":"329f426a-26ae-4f70-afaa-3823cc7c2fd6","is_prod":false,"is_daily":false,"campfire_rituals":0,"campfire_upgraded":7,"is_hardmode":false,"path_taken":["M","?","?","M","M","R","E","R","T","R","?","M","M","$","R","BOSS","M","M","?","M","M","E","R","?","T","E","?","R","M","M","R","BOSS","M","?","M","M","M","E","R","?","T","R","?","R","E","?","R","BOSS"],"build_version":"2018-01-18-PROD4","purchased_purges":1,"victory":false,"master_deck":["Strike_R","Strike_R","Strike_R","Defend_R","Defend_R","Defend_R","Bash","Combust","Inflame","Seeing Red","Double Tap","Anger","Battle Trance","Bloodletting","Shrug It Off","Clash","Flame Barrier","Reaper","Whirlwind","Hemokinesis","Shockwave","Dual Wield","Metallicize","Feed","Heavy Blade","Shrug It Off","Disarm","Pummel","Barricade","Headbutt","Rupture","Infernal Blade","Feel No Pain","Sword Boomerang","Headbutt","Offering"],"max_hp_per_floor":[72,72,72,72,72,72,72,72,72,72,72,72,72,72,72,72,72,72,72,72,72,72,82,82,86,86,86,86,86,90,90,90,90,90,90,90,90,94,94,94,94,94,94,94,94,94,94,94,94],"relics":["Burning Blood","Thread and Needle","Lantern","Darkstone Periapt","Oddly Smooth Stone","Bottled Flame","Bronze Scales","Ectoplasm","Pear","War Paint","Shuriken","Orichalcum","Black Star","Omamori","Prayer Wheel","Ancient Tea Set","Shovel","Blood Vial","Happy Flower","Centennial Puzzle","Pantograph"],"campfire_meditates":0,"card_choices":[{"not_picked":["Pommel Strike","Feel No Pain"],"picked":"Combust"},{"not_picked":["Sword Boomerang","Combust"],"picked":"Inflame"},{"not_picked":["Sever Soul","Intimidate"],"picked":"Seeing Red"},{"not_picked":["Infernal Blade","Uppercut"],"picked":"Double Tap"},{"not_picked":["Second Wind","Intimidate"],"picked":"Anger"},{"not_picked":["Inflame","Flex"],"picked":"Battle Trance"},{"not_picked":["Dual Wield","Warcry"],"picked":"Bloodletting"},{"not_picked":["Offering","Bludgeon"],"picked":"Reaper"},{"not_picked":["Shrug It Off","Body Slam"],"picked":"Whirlwind"},{"not_picked":["Corruption","Flame Barrier"],"picked":"Hemokinesis"},{"not_picked":["Armaments","Perfected Strike"],"picked":"Dual Wield"},{"not_picked":["Sever Soul","Corruption"],"picked":"Metallicize"},{"not_picked":["Body Slam","Rage"],"picked":"Feed"},{"not_picked":["Clothesline","Pommel Strike"],"picked":"Heavy Blade"},{"not_picked":["Perfected Strike","Flame Barrier"],"picked":"Shrug It Off"},{"not_picked":["Anger","True Grit"],"picked":"Disarm"},{"not_picked":["True Grit","Anger"],"picked":"Pummel"},{"not_picked":["Impervious","Offering"],"picked":"Barricade"},{"not_picked":["Clash","Thunderclap"],"picked":"Headbutt"},{"not_picked":["Rage","Armaments"],"picked":"Rupture"},{"not_picked":["Cleave","Clash"],"picked":"Infernal Blade"},{"not_picked":["Armaments","Cleave"],"picked":"Feel No Pain"},{"not_picked":["Bludgeon","Burning Pact"],"picked":"Sword Boomerang"},{"not_picked":["Sever Soul","Burning Pact"],"picked":"Headbutt"},{"not_picked":["Twin Strike","Thunderclap"],"picked":"Offering"}],"player_experience":34556,"potions_floor_usage":[5,7,11,16,16,23,23,25,33,33,40,40,50,50],"damage_taken":[{"damage":0,"enemies":"2 Louse","floor":1,"turns":4},{"damage":2,"enemies":"Blue Slaver","floor":4,"turns":4},{"damage":4,"enemies":"Jaw Worm","floor":5,"turns":4},{"damage":30,"enemies":"3 Sentries","floor":7,"turns":7},{"damage":16,"enemies":"Lagavulin Event","floor":11,"turns":5},{"damage":0,"enemies":"Looter","floor":12,"turns":3},{"damage":10,"enemies":"Exordium Wildlife","floor":13,"turns":4},{"damage":19,"enemies":"Hexaghost","floor":16,"turns":7},{"damage":11,"enemies":"Spheric Guardian","floor":18,"turns":4},{"damage":15,"enemies":"2 Thieves","floor":19,"turns":2},{"damage":20,"enemies":"Chosen and Byrds","floor":21,"turns":7},{"damage":22,"enemies":"Snake Plant","floor":22,"turns":3},{"damage":11,"enemies":"Book of Stabbing","floor":23,"turns":5},{"damage":8,"enemies":"3 Cultists","floor":25,"turns":4},{"damage":63,"enemies":"Gremlin Leader","floor":27,"turns":7},{"damage":18,"enemies":"Centurion and Healer","floor":30,"turns":5},{"damage":3,"enemies":"Snake Plant","floor":31,"turns":4},{"damage":54,"enemies":"Collector","floor":33,"turns":9},{"damage":43,"enemies":"3 Shapes","floor":35,"turns":3},{"damage":12,"enemies":"3 Darklings","floor":37,"turns":4},{"damage":15,"enemies":"Maw","floor":38,"turns":8},{"damage":20,"enemies":"Sphere and 2 Shapes","floor":39,"turns":5},{"damage":69,"enemies":"Giant Head","floor":40,"turns":8},{"damage":26,"enemies":"Nemesis","floor":47,"turns":7},{"damage":14,"enemies":"3 Darklings","floor":48,"turns":3},{"damage":107,"enemies":"Awakened One","floor":50,"turns":4}],"event_choices":[{"event_name":"The Lab","player_choice":"Got Potions","floor":2,"damage_taken":0},{"event_name":"Scrap Ooze","player_choice":"success","floor":3,"damage_taken":33},{"event_name":"Dead Adventurer","player_choice":"Searched \u00272\u0027 times","floor":11,"damage_taken":0},{"event_name":"Transmorgrifier","player_choice":"Transform","floor":20,"damage_taken":0},{"event_name":"Purifier","player_choice":"One Purge","floor":36,"damage_taken":0},{"event_name":"Accursed Blacksmith","player_choice":"Rummage","floor":42,"damage_taken":0}],"boss_relics":[{"not_picked":["Tiny House","Snecko Eye"],"picked":"Ectoplasm"},{"not_picked":["Runic Pyramid","Lizard Tail"],"picked":"Black Star"}],"potions_floor_spawned":[4,11,11,13,16,18,22,25,27,30,33,35,38,39,40,47],"seed_played":"2501361342231069743","killed_by":"Awakened One","is_trial":false}