{"gold_per_floor":[117,117,127,145,145,145,176,176,176,176],"floor_reached":10,"playtime":292,"items_purged":[],"score":129,"play_id":"1fb5b16e-d5fa-4892-a866-40df3cfedeea","local_time":"20190512114546","is_ascension_mode":true,"campfire_choices":[{"data":"Corruption","floor":6,"key":"SMITH"},{"floor":8,"key":"REST"}],"neow_cost":"NONE","seed_source_timestamp":1805903626825380,"circlet_count":0,"master_deck":["AscendersBane","Strike_R","Strike_R","Strike_R","Defend_R","Defend_R","Defend_R","Defend_R","Bash","Corruption+1","Combust","Barricade+1"],"relics":["Burning Blood","Question Card","Mummified Hand"],"potions_floor_usage":[7],"damage_taken":[{"damage":4,"enemies":"Small Slimes","floor":1,"turns":5},{"damage":0,"enemies":"2 Louse","floor":3,"turns":4},{"damage":14,"enemies":"Jaw Worm","floor":4,"turns":5},{"damage":48,"enemies":"Lagavulin","floor":7,"turns":9},{"damage":71,"enemies":"Gremlin Nob","floor":10,"turns":4}],"seed_played":"-7078677076876504082","potions_obtained":[{"floor":1,"key":"PowerPotion"},{"floor":7,"key":"Explosive Potion"}],"is_trial":false,"path_per_floor":["M","?","M","M","?","R","E","R","T","E"],"character_chosen":"IRONCLAD","items_purchased":[],"campfire_rested":1,"item_purchase_floors":[],"current_hp_per_floor":[70,63,69,61,61,61,19,41,41,0],"gold":176,"neow_bonus":"REMOVE_CARD","is_prod":false,"is_daily":false,"chose_seed":false,"campfire_upgraded":1,"win_rate":0,"timestamp":1557654346,"path_taken":["M","?","M","M","?","R","E","R","T","E"],"build_version":"2019-05-07","purchased_purges":0,"victory":false,"max_hp_per_floor":[75,75,75,75,75,75,75,75,75,75],"card_choices":[{"not_picked":["Ghostly Armor","True Grit"],"picked":"Corruption","floor":1},{"not_picked":["Perfected Strike","Headbutt"],"picked":"Combust","floor":3},{"not_picked":["Sword Boomerang","Blood for Blood"],"picked":"Barricade","floor":4},{"not_picked":["Reckless Charge","Second Wind","Flex"],"picked":"SKIP","floor":7}],"player_experience":1840268,"relics_obtained":[{"floor":7,"key":"Question Card"},{"floor":9,"key":"Mummified Hand"}],"event_choices":[{"cards_removed":["Strike_R"],"damage_healed":0,"gold_gain":0,"player_choice":"Card Removal","damage_taken":7,"max_hp_gain":0,"max_hp_loss":0,"event_name":"Golden Wing","floor":2,"gold_loss":0},{"damage_healed":0,"gold_gain":0,"player_choice":"Grow","damage_taken":0,"max_hp_gain":0,"max_hp_loss":0,"event_name":"Living Wall","floor":5,"gold_loss":0,"cards_upgraded":["Barricade"]}],"is_beta":true,"boss_relics":[],"items_purged_floors":[],"is_endless":false,"potions_floor_spawned":[1,7],"killed_by":"Gremlin Nob","ascension_level":19}