{"path_per_floor":["M","M","$","M","?","R","E","R","T","R","M","$","M","?","R","B",null,"M","?","?","?","$","E","M","R","T","$","M","?","M","?","R"],"character_chosen":"IRONCLAD","items_purchased":["Iron Wave","Dual Wield","Shrug It Off"],"gold_per_floor":[117,127,28,48,223,223,254,254,331,331,343,174,189,189,189,292,292,312,227,177,177,52,87,105,105,132,82,93,18,33,33,33],"floor_reached":33,"campfire_rested":3,"playtime":2191,"current_hp_per_floor":[34,30,30,36,36,36,28,28,28,28,36,36,34,34,58,33,80,40,40,40,40,40,13,11,35,35,35,39,39,34,19,45],"items_purged":["Strike_R","Doubt","Strike_R"],"gold":33,"play_id":"5b4b9c0d-d7ef-4e8a-b4dc-cbe064d35937","is_prod":false,"is_daily":false,"is_ascension_mode":true,"campfire_upgraded":3,"path_taken":["M","M","$","M","?","R","E","R","T","R","M","$","M","?","R","BOSS","M","?","?","?","$","E","?","R","T","$","M","?","?","?","R","BOSS"],"build_version":"2018-02-01-PROD3","purchased_purges":3,"victory":false,"master_deck":["Strike_R","Strike_R","Defend_R","Defend_R","Bash","Pommel Strike+1","Power Through","Iron Wave+1","Flex+1","Heavy Blade+1","Metallicize","Dual Wield","Bloodletting","Feed","Sword Boomerang","Warcry","Heavy Blade+1","Shrug It Off","Battle Trance","Whirlwind+1"],"max_hp_per_floor":[80,80,80,80,80,80,80,80,80,80,80,80,80,80,80,80,80,80,80,80,80,80,83,83,83,83,83,83,83,83,88,88],"relics":["Burning Blood","Blood Vial","Letter Opener","Sozu","Ornamental Fan","Ancient Tea Set","Happy Flower"],"card_choices":[{"not_picked":["Headbutt","Warcry"],"picked":"Pommel Strike"},{"not_picked":["Intimidate","Body Slam"],"picked":"Power Through"},{"not_picked":["Entrench","Sentinel"],"picked":"Flex"},{"not_picked":["Shockwave","Clothesline"],"picked":"Heavy Blade"},{"not_picked":["True Grit","Combust"],"picked":"Metallicize"},{"not_picked":["Metallicize","Burning Pact"],"picked":"Bloodletting"},{"not_picked":["Berserk","Reaper"],"picked":"Feed"},{"not_picked":["Rupture","Cleave"],"picked":"Warcry"},{"not_picked":["Warcry","Havoc"],"picked":"Heavy Blade"},{"not_picked":["Second Wind","Sever Soul"],"picked":"Battle Trance"},{"not_picked":["Perfected Strike","Shrug It Off"],"picked":"Whirlwind"}],"player_experience":390934,"potions_floor_usage":[7,13],"damage_taken":[{"damage":12,"enemies":"Jaw Worm","floor":1,"turns":2},{"damage":10,"enemies":"2 Louse","floor":2,"turns":3},{"damage":0,"enemies":"Small Slimes","floor":4,"turns":3},{"damage":14,"enemies":"Gremlin Nob","floor":7,"turns":3},{"damage":0,"enemies":"3 Louse","floor":11,"turns":3},{"damage":10,"enemies":"Gremlin Gang","floor":13,"turns":5},{"damage":33,"enemies":"Slime Boss","floor":16,"turns":9},{"damage":46,"enemies":"2 Thieves","floor":18,"turns":4},{"damage":38,"enemies":"Slavers","floor":23,"turns":9},{"damage":10,"enemies":"Chosen","floor":24,"turns":5},{"damage":4,"enemies":"Snecko","floor":28,"turns":4},{"damage":13,"enemies":"Snake Plant","floor":30,"turns":3},{"damage":62,"enemies":"Champ","floor":33,"turns":9}],"event_choices":[{"event_name":"Liars Game","player_choice":"agreed","floor":5,"damage_taken":0},{"event_name":"Accursed Blacksmith","player_choice":"Forge","floor":14,"damage_taken":0},{"event_name":"Addict","player_choice":"Obtained Relic","floor":19,"damage_taken":0},{"event_name":"The Joust","player_choice":"Bet on Murderer","floor":20,"damage_taken":0},{"event_name":"The Library","player_choice":"Read","floor":21,"damage_taken":0},{"event_name":"Beggar","player_choice":"Gave Gold","floor":29,"damage_taken":0},{"event_name":"Forgotten Altar","player_choice":"Shed Blood","floor":31,"damage_taken":0}],"boss_relics":[{"not_picked":["Snecko Eye","Orrery"],"picked":"Sozu"}],"potions_floor_spawned":[2,7,11,24],"seed_played":"-3343632664159915603","killed_by":"Champ","ascension_level":2,"is_trial":false}