{"gold_per_floor":[114,114,131,81,6,23,39,90,90,90,21,31,65,77,77,77],"floor_reached":16,"playtime":670,"items_purged":["Strike_R"],"score":173,"play_id":"65ecb76c-c450-4887-b707-043fd16e57d0","local_time":"20190119165928","is_ascension_mode":true,"campfire_choices":[{"data":"Metamorphosis","floor":15,"key":"SMITH"}],"neow_cost":"TEN_PERCENT_HP_LOSS","seed_source_timestamp":281442674966400,"circlet_count":0,"master_deck":["AscendersBane","Strike_R","Strike_R","Strike_R","Defend_R","Defend_R","Defend_R","Bash","Metamorphosis+1","Purity","Thunderclap","Battle Trance","Dark Embrace","Flex","Feel No Pain","Armaments"],"relics":["Burning Blood","Potion Belt","Shuriken","Juzu Bracelet"],"potions_floor_usage":[6,16],"damage_taken":[{"damage":4,"enemies":"Cultist","floor":1,"turns":3},{"damage":9,"enemies":"Jaw Worm","floor":3,"turns":3},{"damage":2,"enemies":"2 Louse","floor":6,"turns":2},{"damage":12,"enemies":"Large Slime","floor":7,"turns":6},{"damage":6,"enemies":"Looter","floor":12,"turns":3},{"damage":10,"enemies":"Gremlin Nob","floor":13,"turns":3},{"damage":24,"enemies":"Exordium Thugs","floor":14,"turns":4},{"damage":42,"enemies":"The Guardian","floor":16,"turns":6}],"seed_played":"-4647098898368205176","potions_obtained":[{"floor":1,"key":"GamblersBrew"},{"floor":6,"key":"SkillPotion"},{"floor":12,"key":"Fire Potion"}],"is_trial":false,"path_per_floor":["M","?","M","?","$","M","M","T","T","?","$","M","E","M","R","B"],"character_chosen":"IRONCLAD","items_purchased":["Feel No Pain"],"campfire_rested":0,"item_purchase_floors":[11],"current_hp_per_floor":[68,68,65,65,65,68,62,62,62,62,62,62,58,40,40,0],"gold":77,"neow_bonus":"RANDOM_COLORLESS_2","is_prod":false,"is_daily":false,"chose_seed":false,"campfire_upgraded":1,"win_rate":0,"timestamp":1547935168,"path_taken":["M","?","M","?","?","M","M","?","T","?","?","?","E","M","R","BOSS"],"build_version":"2019-01-17v2","purchased_purges":1,"victory":false,"max_hp_per_floor":[68,68,68,68,68,68,68,68,68,68,68,68,68,68,68,68],"card_choices":[{"not_picked":["Anger","Havoc"],"picked":"Thunderclap","floor":1},{"not_picked":["Body Slam","Havoc"],"picked":"Battle Trance","floor":3},{"not_picked":["Blood for Blood","Twin Strike","Havoc"],"picked":"SKIP","floor":6},{"not_picked":["Rage","Shockwave"],"picked":"Dark Embrace","floor":7},{"not_picked":["Heavy Blade","Rage","Perfected Strike"],"picked":"SKIP","floor":12},{"not_picked":["Cleave","Carnage"],"picked":"Armaments","floor":13},{"not_picked":["Bloodletting","Twin Strike","Anger"],"picked":"SKIP","floor":14}],"player_experience":1799706,"relics_obtained":[{"floor":8,"key":"Potion Belt"},{"floor":9,"key":"Shuriken"},{"floor":13,"key":"Juzu Bracelet"}],"event_choices":[{"damage_healed":0,"gold_gain":0,"player_choice":"Ignored","damage_taken":0,"max_hp_gain":0,"max_hp_loss":0,"event_name":"Golden Idol","floor":2,"gold_loss":0},{"cards_removed":["Strike_R"],"damage_healed":0,"gold_gain":0,"player_choice":"Card Removal","damage_taken":0,"max_hp_gain":0,"max_hp_loss":0,"event_name":"The Cleric","floor":4,"gold_loss":50},{"damage_healed":0,"gold_gain":0,"cards_transformed":["Defend_R"],"player_choice":"Change","damage_taken":0,"max_hp_gain":0,"max_hp_loss":0,"event_name":"Living Wall","floor":10,"gold_loss":0,"cards_obtained":["Flex"]}],"is_beta":false,"boss_relics":[],"items_purged_floors":[5],"is_endless":false,"potions_floor_spawned":[1,6,12],"killed_by":"The Guardian","ascension_level":14}