{"path_per_floor":["M","M","M","M","$","E","R","?","T","R","M","R","M","E","R","B",null,"M","M","$","M","M"],"character_chosen":"IRONCLAD","items_purchased":["Heavy Blade","Madness","Searing Blow","Ancient Tea Set"],"gold_per_floor":[110,128,138,153,12,43,43,43,69,69,79,79,93,126,126,228,228,216,233,39,51,67],"floor_reached":23,"campfire_rested":2,"playtime":1823,"current_hp_per_floor":[73,58,77,69,69,29,29,22,22,22,18,42,47,24,48,19,80,73,59,59,45,12],"items_purged":[],"gold":67,"play_id":"18338d1b-36d8-433b-9cb3-d7a264ba0315","is_prod":false,"is_daily":false,"campfire_rituals":0,"campfire_upgraded":2,"is_hardmode":false,"path_taken":["M","?","M","?","$","E","R","?","T","R","M","R","M","E","R","BOSS","M","M","$","M","M","E"],"build_version":"2018-01-18-PROD4","purchased_purges":0,"victory":false,"master_deck":["Strike_R","Strike_R","Strike_R","Strike_R","Strike_R","Defend_R","Defend_R","Defend_R","Defend_R","Bash","Doubt","Whirlwind","Pummel","Intimidate","Hemokinesis","Heavy Blade","Madness","Double Tap","Feel No Pain","Clash","Headbutt","Offering","Cleave","Infernal Blade","Searing Blow","Armaments","Armaments"],"max_hp_per_floor":[80,80,80,80,80,80,80,80,80,80,80,80,80,80,80,80,80,80,80,80,80,80],"relics":["Burning Blood","Magic Flower","Paper Frog","Anchor","Toxic Egg","War Paint","Velvet Choker","Ancient Tea Set"],"campfire_meditates":0,"card_choices":[{"not_picked":["Thunderclap","Reckless Charge"],"picked":"Whirlwind"},{"not_picked":["True Grit","Headbutt"],"picked":"Pummel"},{"not_picked":["True Grit","Thunderclap"],"picked":"Intimidate"},{"not_picked":["Bloodletting","Battle Trance"],"picked":"Hemokinesis"},{"not_picked":["Flex","Headbutt"],"picked":"Double Tap"},{"not_picked":["Body Slam","Sword Boomerang"],"picked":"Feel No Pain"},{"not_picked":["Headbutt","Heavy Blade"],"picked":"Clash"},{"not_picked":["Feel No Pain","Thunderclap"],"picked":"Headbutt"},{"not_picked":["Brutality","Limit Break"],"picked":"Offering"},{"not_picked":["Flex","Seeing Red"],"picked":"Cleave"},{"not_picked":["Reckless Charge","True Grit"],"picked":"Infernal Blade"},{"not_picked":["Headbutt","Fire Breathing"],"picked":"Armaments"},{"not_picked":["Heavy Blade","True Grit"],"picked":"Armaments"}],"player_experience":7255,"potions_floor_usage":[3,6,14],"damage_taken":[{"damage":16,"enemies":"Blue Slaver","floor":1,"turns":6},{"damage":24,"enemies":"Jaw Worm","floor":2,"turns":4},{"damage":5,"enemies":"Cultist","floor":3,"turns":5},{"damage":17,"enemies":"Looter","floor":4,"turns":3},{"damage":49,"enemies":"Lagavulin","floor":6,"turns":7},{"damage":13,"enemies":"Lots of Slimes","floor":11,"turns":4},{"damage":4,"enemies":"Exordium Wildlife","floor":13,"turns":3},{"damage":32,"enemies":"3 Sentries","floor":14,"turns":6},{"damage":38,"enemies":"Slime Boss","floor":16,"turns":4},{"damage":16,"enemies":"2 Thieves","floor":18,"turns":4},{"damage":23,"enemies":"Spheric Guardian","floor":19,"turns":4},{"damage":23,"enemies":"Centurion and Healer","floor":21,"turns":3},{"damage":42,"enemies":"Chosen and Byrds","floor":22,"turns":5},{"damage":18,"enemies":"Slavers","floor":23,"turns":1}],"event_choices":[{"event_name":"Scrap Ooze","player_choice":"success","floor":8,"damage_taken":7}],"boss_relics":[{"not_picked":["Runic Cube","Cursed Key"],"picked":"Velvet Choker"}],"potions_floor_spawned":[2,4,11,21],"seed_played":"-266912432814061841","killed_by":"Slavers","is_trial":false}