{"gold_per_floor":[117,132,132,142,154,154,180,194,194,194],"floor_reached":10,"playtime":288,"items_purged":[],"score":123,"play_id":"5a333d8f-3c47-435b-b00a-799578027aa6","local_time":"20190430195402","is_ascension_mode":true,"campfire_choices":[{"data":"Sunder","floor":6,"key":"SMITH"}],"neow_cost":"NONE","seed_source_timestamp":798403848566199,"circlet_count":0,"master_deck":["AscendersBane","Strike_B","Strike_B","Strike_B","Strike_B","Defend_B","Defend_B","Defend_B","Defend_B","Zap","Dualcast","Sunder+1","Sweeping Beam","Ball Lightning","Compile Driver","Defragment"],"relics":["Cracked Core","FaceOfCleric","Ice Cream","Symbiotic Virus"],"potions_floor_usage":[7,10],"damage_taken":[{"damage":1,"enemies":"Cultist","floor":1,"turns":4},{"damage":7,"enemies":"Small Slimes","floor":2,"turns":3},{"damage":0,"enemies":"2 Louse","floor":4,"turns":2},{"damage":12,"enemies":"Looter","floor":5,"turns":3},{"damage":30,"enemies":"Lagavulin","floor":7,"turns":5},{"damage":13,"enemies":"Blue Slaver","floor":8,"turns":3},{"damage":20,"enemies":"3 Sentries","floor":10,"turns":2}],"seed_played":"7598752140744894957","potions_obtained":[{"floor":0,"key":"FocusPotion"},{"floor":0,"key":"Regen Potion"}],"is_trial":false,"path_per_floor":["M","M","?","M","M","R","E","M","T","E"],"character_chosen":"DEFECT","items_purchased":[],"campfire_rested":0,"item_purchase_floors":[],"current_hp_per_floor":[63,56,56,57,46,46,31,19,19,0],"gold":194,"neow_bonus":"THREE_SMALL_POTIONS","is_prod":false,"is_daily":false,"chose_seed":false,"campfire_upgraded":1,"win_rate":0,"timestamp":1556646842,"path_taken":["M","?","?","M","M","R","E","M","T","E"],"build_version":"2019-04-23","purchased_purges":0,"victory":false,"max_hp_per_floor":[71,71,71,72,73,73,74,75,75,75],"card_choices":[{"not_picked":["Leap","Sweeping Beam"],"picked":"Sunder","floor":1},{"not_picked":["Go for the Eyes","Chaos"],"picked":"Sweeping Beam","floor":2},{"not_picked":["Melter","Conserve Battery"],"picked":"Ball Lightning","floor":4},{"not_picked":["Turbo","Leap"],"picked":"Compile Driver","floor":5},{"not_picked":["Darkness","Reinforced Body"],"picked":"Defragment","floor":7},{"not_picked":["Static Discharge","Rebound","Beam Cell"],"picked":"SKIP","floor":8}],"player_experience":1371948,"relics_obtained":[{"floor":7,"key":"Ice Cream"},{"floor":9,"key":"Symbiotic Virus"}],"event_choices":[{"damage_healed":0,"gold_gain":0,"player_choice":"Trade","damage_taken":0,"relics_obtained":["FaceOfCleric"],"max_hp_gain":0,"max_hp_loss":0,"event_name":"FaceTrader","floor":3,"gold_loss":0}],"is_beta":true,"boss_relics":[],"items_purged_floors":[],"is_endless":false,"potions_floor_spawned":[2,5],"killed_by":"3 Sentries","ascension_level":15}