{"gold_per_floor":[365,440,440,464,488,528,553,566,566,566,602,602,620,620,620,620],"floor_reached":16,"playtime":960,"items_purged":[],"score":112,"play_id":"6733bbba-f2ee-4972-bf82-e386ce07977a","local_time":"20180725130528","is_ascension_mode":false,"campfire_choices":[{"floor":10,"key":"REST"},{"floor":12,"key":"REST"},{"floor":15,"key":"REST"}],"neow_cost":"FIFTY_PERCENT_DAMAGE","seed_source_timestamp":379784037499,"circlet_count":0,"master_deck":["Strike_R","Strike_R","Strike_R","Strike_R","Strike_R","Defend_R","Defend_R","Defend_R","Defend_R","Bash","Armaments","Injury","Anger","Limit Break","Pommel Strike","Rage","Flex"],"relics":["Burning Blood","Golden Idol","Vajra","Question Card","Orichalcum"],"potions_floor_usage":[6,11],"damage_taken":[{"damage":1,"enemies":"2 Louse","floor":1,"turns":3},{"damage":1,"enemies":"Jaw Worm","floor":4,"turns":4},{"damage":2,"enemies":"Small Slimes","floor":5,"turns":4},{"damage":17,"enemies":"Gremlin Nob","floor":6,"turns":4},{"damage":6,"enemies":"Exordium Wildlife","floor":7,"turns":5},{"damage":13,"enemies":"Large Slime","floor":8,"turns":5},{"damage":44,"enemies":"Lagavulin","floor":11,"turns":9},{"damage":26,"enemies":"Exordium Thugs","floor":13,"turns":7},{"damage":36,"enemies":"Hexaghost","floor":16,"turns":9}],"seed_played":"-2522576720222223750","potions_obtained":[{"floor":4,"key":"PowerPotion"},{"floor":6,"key":"SpeedPotion"}],"is_trial":false,"path_per_floor":["M","?","?","M","M","E","M","M","T","R","E","R","M","?","R"],"character_chosen":"IRONCLAD","items_purchased":[],"campfire_rested":3,"item_purchase_floors":[],"current_hp_per_floor":[45,34,34,39,43,32,32,25,25,49,11,35,15,8,32,0],"gold":620,"neow_bonus":"TWO_FIFTY_GOLD","is_prod":false,"is_daily":false,"chose_seed":false,"campfire_upgraded":0,"win_rate":0,"timestamp":1532538328,"path_taken":["M","?","?","?","M","E","M","M","T","R","E","R","?","?","R","BOSS"],"build_version":"2018-07-19v2","purchased_purges":0,"victory":false,"max_hp_per_floor":[80,80,80,80,80,80,80,80,80,80,80,80,80,80,80,80],"card_choices":[{"not_picked":["Shrug It Off","Warcry"],"picked":"Armaments","floor":1},{"not_picked":["Shrug It Off","Bloodletting"],"picked":"Anger","floor":4},{"not_picked":["Burning Pact","Disarm"],"picked":"Limit Break","floor":5},{"not_picked":["Armaments","Wild Strike","Carnage"],"picked":"SKIP","floor":6},{"not_picked":["Power Through","Uppercut"],"picked":"Pommel Strike","floor":7},{"not_picked":["Seeing Red","Clash"],"picked":"Rage","floor":8},{"not_picked":["Cleave","Entrench","Searing Blow","Anger"],"picked":"SKIP","floor":11},{"not_picked":["Pommel Strike","Combust","Perfected Strike"],"picked":"Flex","floor":13}],"player_experience":510308,"relics_obtained":[{"floor":6,"key":"Vajra"},{"floor":9,"key":"Question Card"},{"floor":11,"key":"Orichalcum"}],"event_choices":[{"event_name":"World of Goop","player_choice":"Gather Gold","floor":2,"damage_taken":0},{"event_name":"Golden Idol","player_choice":"Take Wound","floor":3,"damage_taken":0},{"event_name":"Scrap Ooze","player_choice":"unsuccessful","floor":14,"damage_taken":7}],"is_beta":false,"boss_relics":[],"items_purged_floors":[],"is_endless":false,"potions_floor_spawned":[4,6],"killed_by":"Hexaghost","ascension_level":0}