{"gold_per_floor":[116,116,133,144,154,187,199,211,223,245,288,300,347,374,386,398],"floor_reached":16,"playtime":1290,"items_purged":[],"score":195,"play_id":"a80071a2-80b1-4d29-8d0e-104e69841b50","local_time":"20190428142201","is_ascension_mode":true,"campfire_choices":[{"floor":7,"key":"REST"},{"floor":12,"key":"REST"},{"floor":15,"key":"REST"}],"neow_cost":"NONE","seed_source_timestamp":604680310988430,"circlet_count":0,"master_deck":["AscendersBane","Defend_G","Defend_G","Defend_G","Defend_G","Defend_G","Strike_G","Strike_G","Strike_G","Survivor","Neutralize","Eviscerate","Prepared","Flying Knee","Leg Sweep","Dagger Throw","Die Die Die","Underhanded Strike","Acrobatics","Cloak And Dagger","Backstab"],"relics":["Ring of the Snake","MawBank","Smiling Mask","Ninja Scroll","Boot"],"potions_floor_usage":[5,5,14,16,16],"damage_taken":[{"damage":6,"enemies":"2 Louse","floor":1,"turns":6},{"damage":6,"enemies":"Small Slimes","floor":3,"turns":10},{"damage":3,"enemies":"Jaw Worm","floor":4,"turns":5},{"damage":0,"enemies":"Gremlin Gang","floor":5,"turns":8},{"damage":29,"enemies":"Lagavulin","floor":6,"turns":11},{"damage":18,"enemies":"Lots of Slimes","floor":10,"turns":4},{"damage":23,"enemies":"Gremlin Nob","floor":11,"turns":5},{"damage":17,"enemies":"3 Sentries","floor":13,"turns":7},{"damage":2,"enemies":"Large Slime","floor":14,"turns":3},{"damage":42,"enemies":"Hexaghost","floor":16,"turns":9}],"seed_played":"-5323676977225050377","potions_obtained":[{"floor":3,"key":"AttackPotion"},{"floor":4,"key":"Dexterity Potion"},{"floor":5,"key":"LiquidBronze"},{"floor":13,"key":"Fire Potion"},{"floor":14,"key":"AttackPotion"}],"is_trial":false,"path_per_floor":["M","?","M","M","M","E","R","?","T","M","E","R","E","M","R","B"],"character_chosen":"THE_SILENT","items_purchased":[],"campfire_rested":3,"item_purchase_floors":[],"current_hp_per_floor":[57,50,44,41,41,12,33,56,56,38,15,36,19,17,38,0],"gold":398,"neow_bonus":"TRANSFORM_CARD","is_prod":false,"is_daily":false,"chose_seed":false,"campfire_upgraded":0,"win_rate":0,"timestamp":1556454121,"path_taken":["M","?","M","M","M","E","R","?","T","M","E","R","E","M","R","BOSS"],"build_version":"2019-04-23","purchased_purges":0,"victory":false,"max_hp_per_floor":[70,70,70,70,70,70,70,70,70,70,70,70,70,70,70,70],"card_choices":[{"not_picked":["Deadly Poison","Setup"],"picked":"Prepared","floor":1},{"not_picked":["Masterful Stab","Outmaneuver"],"picked":"Flying Knee","floor":3},{"not_picked":["Calculated Gamble","Dodge and Roll"],"picked":"Leg Sweep","floor":4},{"not_picked":["Outmaneuver","Cloak And Dagger"],"picked":"Dagger Throw","floor":5},{"not_picked":["Terror","Bane"],"picked":"Die Die Die","floor":6},{"not_picked":["Accuracy","Endless Agony"],"picked":"Underhanded Strike","floor":10},{"not_picked":["Masterful Stab","Setup"],"picked":"Acrobatics","floor":11},{"not_picked":["All Out Attack","Quick Slash"],"picked":"Cloak And Dagger","floor":13},{"not_picked":["Deflect","Dodge and Roll"],"picked":"Backstab","floor":14}],"player_experience":1278745,"relics_obtained":[{"floor":6,"key":"MawBank"},{"floor":9,"key":"Smiling Mask"},{"floor":11,"key":"Ninja Scroll"},{"floor":13,"key":"Boot"}],"event_choices":[{"cards_removed":["Strike_G"],"damage_healed":0,"gold_gain":0,"player_choice":"Card Removal","damage_taken":7,"max_hp_gain":0,"max_hp_loss":0,"event_name":"Golden Wing","floor":2,"gold_loss":0},{"damage_healed":23,"gold_gain":0,"player_choice":"Banana","damage_taken":0,"max_hp_gain":0,"max_hp_loss":0,"event_name":"Big Fish","floor":8,"gold_loss":0}],"is_beta":true,"boss_relics":[],"items_purged_floors":[],"is_endless":false,"potions_floor_spawned":[3,4,5,13,14],"killed_by":"Hexaghost","ascension_level":12}