{"gold_per_floor":[111,128,128,128,141,141,167,167,167,178,197,267,245,261,261,361,361,374,19,29,29,43,43,43],"floor_reached":24,"playtime":1515,"items_purged":["Strike_G"],"score":228,"play_id":"05b39014-a164-4dc9-845b-a2343db17e23","local_time":"20181117230322","is_ascension_mode":true,"campfire_choices":[{"data":"Blade Dance","floor":6,"key":"SMITH"},{"data":"Quick Slash","floor":8,"key":"SMITH"},{"floor":15,"key":"REST"},{"floor":23,"key":"REST"}],"neow_cost":"NONE","seed_source_timestamp":195488231744291,"circlet_count":0,"master_deck":["Defend_G","Defend_G","Defend_G","Defend_G","Defend_G","Strike_G","Strike_G","Strike_G","Strike_G","Survivor","Neutralize+1","Quick Slash+1","Blade Dance+1","Heel Hook","Slice","Dagger Spray","Dagger Throw","Night Terror","Riddle With Holes","Footwork","Backflip","Metamorphosis","Blade Dance+1","Dodge and Roll+1"],"relics":["Ring of the Snake","Singing Bowl","Blood Vial","Matryoshka","Sozu"],"potions_floor_usage":[7,11,16,18],"damage_taken":[{"damage":0,"enemies":"2 Louse","floor":1,"turns":3},{"damage":0,"enemies":"Jaw Worm","floor":2,"turns":3},{"damage":5,"enemies":"Small Slimes","floor":5,"turns":3},{"damage":26,"enemies":"Lagavulin","floor":7,"turns":6},{"damage":10,"enemies":"Exordium Wildlife","floor":10,"turns":4},{"damage":0,"enemies":"Exordium Thugs","floor":11,"turns":3},{"damage":4,"enemies":"Large Slime","floor":14,"turns":3},{"damage":50,"enemies":"The Guardian","floor":16,"turns":19},{"damage":15,"enemies":"Shell Parasite","floor":18,"turns":4},{"damage":7,"enemies":"Spheric Guardian","floor":20,"turns":4},{"damage":44,"enemies":"Cultist and Chosen","floor":22,"turns":8},{"damage":34,"enemies":"Snake Plant","floor":24,"turns":4}],"seed_played":"-1215855958654106125","potions_obtained":[{"floor":2,"key":"AttackPotion"},{"floor":10,"key":"PowerPotion"},{"floor":11,"key":"GhostInAJar"},{"floor":16,"key":"AttackPotion"}],"is_trial":false,"path_per_floor":["M","M","?","?","M","R","E","R","T","M","M","T","?","M","R","B",null,"M","$","M","?","M","R","M"],"character_chosen":"THE_SILENT","items_purchased":["Footwork","Backflip","Metamorphosis"],"campfire_rested":2,"item_purchase_floors":[19,19,19],"current_hp_per_floor":[70,70,70,70,65,65,41,41,41,33,35,35,35,33,54,6,72,57,57,52,52,10,31,0],"gold":43,"neow_bonus":"UPGRADE_CARD","is_prod":false,"is_daily":false,"chose_seed":false,"campfire_upgraded":2,"win_rate":0,"timestamp":1542492202,"path_taken":["M","M","?","?","M","R","E","R","T","M","M","?","?","?","R","BOSS","M","$","M","?","M","R","M"],"build_version":"2018-11-15","purchased_purges":1,"victory":false,"max_hp_per_floor":[70,70,70,70,70,70,72,72,72,72,72,72,72,72,72,72,72,72,72,72,72,72,72,72],"card_choices":[{"not_picked":["Underhanded Strike","Reflex"],"picked":"Quick Slash","floor":1},{"not_picked":["Infinite Blades","Deflect"],"picked":"Blade Dance","floor":2},{"not_picked":["Terror","Predator"],"picked":"Heel Hook","floor":5},{"not_picked":["Reflex","Poisoned Stab","Bane"],"picked":"Singing Bowl","floor":7},{"not_picked":["Underhanded Strike","Sucker Punch"],"picked":"Slice","floor":10},{"not_picked":["Eviscerate","PiercingWail"],"picked":"Dagger Spray","floor":11},{"not_picked":["Acrobatics","Dagger Spray"],"picked":"Dagger Throw","floor":14},{"not_picked":["Unload","Die Die Die"],"picked":"Night Terror","floor":16},{"not_picked":["Dagger Spray+1","Masterful Stab"],"picked":"Riddle With Holes","floor":18},{"not_picked":["Concentrate","Acrobatics"],"picked":"Blade Dance+1","floor":20},{"not_picked":["Riddle With Holes","Sucker Punch"],"picked":"Dodge and Roll+1","floor":22}],"player_experience":223481,"relics_obtained":[{"floor":7,"key":"Singing Bowl"},{"floor":9,"key":"Blood Vial"},{"floor":12,"key":"Matryoshka"}],"event_choices":[{"damage_healed":0,"gold_gain":0,"player_choice":"Fled","damage_taken":0,"max_hp_gain":0,"max_hp_loss":0,"event_name":"Scrap Ooze","floor":3,"gold_loss":0},{"damage_healed":0,"gold_gain":0,"player_choice":"Ignored","damage_taken":0,"max_hp_gain":0,"max_hp_loss":0,"event_name":"Liars Game","floor":4,"gold_loss":0},{"damage_healed":0,"gold_gain":0,"player_choice":"Left Gold","damage_taken":0,"max_hp_gain":0,"max_hp_loss":0,"event_name":"World of Goop","floor":13,"gold_loss":22},{"damage_healed":0,"gold_gain":0,"player_choice":"Ignored","damage_taken":0,"max_hp_gain":0,"max_hp_loss":0,"event_name":"Beggar","floor":21,"gold_loss":0}],"is_beta":true,"boss_relics":[{"not_picked":["Coffee Dripper","Pandora\u0027s Box"],"picked":"Sozu"}],"items_purged_floors":[19],"is_endless":false,"potions_floor_spawned":[2,10,11,16,18,22],"killed_by":"Snake Plant","ascension_level":3}