{"gold_per_floor":[110,90,108,118,118,118,148,148,174,224,224,243,243,518,518,518],"floor_reached":16,"playtime":625,"items_purged":[],"score":172,"play_id":"5e1ee475-653a-43d6-9c6d-984e2e8223f2","local_time":"20190121183113","is_ascension_mode":true,"campfire_choices":[{"data":"Cleave","floor":6,"key":"SMITH"},{"floor":8,"key":"REST"},{"data":"Bash","floor":11,"key":"SMITH"},{"floor":13,"key":"REST"},{"data":"Spot Weakness","floor":15,"key":"SMITH"}],"neow_cost":"NONE","seed_source_timestamp":0,"circlet_count":0,"master_deck":["AscendersBane","Strike_R","Strike_R","Strike_R","Strike_R","Strike_R","Defend_R","Defend_R","Defend_R","Defend_R","Bash+1","Infernal Blade","Burning Pact","Cleave+1","Reaper","Intimidate","Spot Weakness+1","Regret"],"special_seed":0,"relics":["Burning Blood","Dream Catcher","PreservedInsect"],"potions_floor_usage":[16],"damage_taken":[{"damage":18,"enemies":"Small Slimes","floor":1,"turns":5},{"damage":1,"enemies":"Cultist","floor":3,"turns":3},{"damage":9,"enemies":"2 Louse","floor":4,"turns":2},{"damage":50,"enemies":"3 Sentries","floor":7,"turns":8},{"damage":19,"enemies":"2 Fungi Beasts","floor":12,"turns":4},{"damage":68,"enemies":"Hexaghost","floor":16,"turns":9}],"seed_played":"-4303518692115325556","potions_obtained":[{"floor":2,"key":"Energy Potion"},{"floor":3,"key":"LiquidBronze"}],"is_trial":false,"path_per_floor":["M","?","M","M","$","R","E","R","T","?","R","M","R","?","R","B"],"character_chosen":"IRONCLAD","items_purchased":[],"campfire_rested":2,"item_purchase_floors":[],"current_hp_per_floor":[63,63,68,65,65,65,21,45,45,37,37,33,57,57,57,0],"gold":518,"neow_bonus":"TEN_PERCENT_HP_BONUS","is_prod":false,"is_daily":false,"chose_seed":false,"campfire_upgraded":3,"win_rate":0,"timestamp":1548113473,"path_taken":["M","?","M","?","$","R","E","R","T","?","R","?","R","?","R","BOSS"],"build_version":"2019-01-17v2","purchased_purges":0,"victory":false,"max_hp_per_floor":[82,82,82,82,82,82,82,82,82,82,82,82,82,82,82,82],"card_choices":[{"not_picked":["Sword Boomerang","Second Wind"],"picked":"Infernal Blade","floor":1},{"not_picked":["Iron Wave","Corruption"],"picked":"Burning Pact","floor":3},{"not_picked":["Metallicize","Flex"],"picked":"Cleave","floor":4},{"not_picked":["Heavy Blade","Wild Strike"],"picked":"Reaper","floor":7},{"not_picked":["Pommel Strike","Body Slam"],"picked":"Intimidate","floor":8},{"not_picked":["Twin Strike","Sentinel","Blood for Blood"],"picked":"SKIP","floor":12},{"not_picked":["Reckless Charge","Pommel Strike"],"picked":"Spot Weakness","floor":13}],"player_experience":1833435,"relics_obtained":[{"floor":7,"key":"Dream Catcher"},{"floor":9,"key":"PreservedInsect"}],"event_choices":[{"damage_healed":0,"gold_gain":0,"player_choice":"Bought 1 Potion","damage_taken":0,"max_hp_gain":0,"max_hp_loss":0,"event_name":"The Woman in Blue","floor":2,"gold_loss":0},{"damage_healed":0,"gold_gain":50,"player_choice":"Touch","damage_taken":8,"max_hp_gain":0,"max_hp_loss":0,"event_name":"FaceTrader","floor":10,"gold_loss":0},{"damage_healed":0,"gold_gain":275,"player_choice":"Desecrate","damage_taken":0,"max_hp_gain":0,"max_hp_loss":0,"event_name":"Golden Shrine","floor":14,"gold_loss":0,"cards_obtained":["Regret"]}],"is_beta":false,"boss_relics":[],"items_purged_floors":[],"is_endless":false,"potions_floor_spawned":[3,12],"killed_by":"Hexaghost","ascension_level":15}