{"gold_per_floor":[117,127,140,140,159,184,184,199,222,241,241,256,268,329,329,431,431,449,449,472,472,483,483,143,143,167,177,177,177],"floor_reached":29,"playtime":1131,"items_purged":[],"score":344,"play_id":"3b1aea91-7af3-4188-b7a9-6f89f2e6f838","local_time":"20190101025554","is_ascension_mode":true,"campfire_choices":[{"floor":7,"key":"REST"},{"data":"Bash","floor":11,"key":"SMITH"},{"data":"Heavy Blade","floor":15,"key":"SMITH"},{"floor":23,"key":"REST"},{"floor":28,"key":"REST"}],"neow_cost":"TEN_PERCENT_HP_LOSS","seed_source_timestamp":0,"circlet_count":0,"master_deck":["Strike_R+1","Strike_R+1","Strike_R+1","Strike_R+1","Defend_R+1","Defend_R+1","Defend_R+1","Defend_R+1","Bash+1","Battle Trance","Dropkick","Pommel Strike","Infernal Blade","Pommel Strike","Flex+1","Heavy Blade+1","Seeing Red","Juggernaut","Spot Weakness","Juggernaut","Flex","Inflame","Thunderclap"],"special_seed":0,"relics":["Burning Blood","Ice Cream","Vajra","War Paint","Tiny Chest","Busted Crown","Omamori","StoneCalendar","Pocketwatch","Dream Catcher"],"potions_floor_usage":[6,12,14,16,27],"damage_taken":[{"damage":11.0,"enemies":"Jaw Worm","floor":1.0,"turns":6.0},{"damage":0.0,"enemies":"Small Slimes","floor":2.0,"turns":3.0},{"damage":1.0,"enemies":"Cultist","floor":3.0,"turns":3.0},{"damage":25.0,"enemies":"Exordium Wildlife","floor":5.0,"turns":6.0},{"damage":30,"enemies":"3 Sentries","floor":6,"turns":8},{"damage":11,"enemies":"3 Louse","floor":8,"turns":3},{"damage":3,"enemies":"Gremlin Gang","floor":10,"turns":4},{"damage":6,"enemies":"Blue Slaver","floor":12,"turns":3},{"damage":7,"enemies":"Large Slime","floor":13,"turns":2},{"damage":15,"enemies":"Lagavulin","floor":14,"turns":5},{"damage":32,"enemies":"Hexaghost","floor":16,"turns":8},{"damage":41,"enemies":"3 Byrds","floor":18,"turns":4},{"damage":12,"enemies":"2 Thieves","floor":22,"turns":3},{"damage":32,"enemies":"Centurion and Healer","floor":27,"turns":5},{"damage":33,"enemies":"Slavers","floor":29,"turns":2}],"seed_played":"-2104787414112069815","potions_obtained":[{"floor":3.0,"key":"BloodPotion"},{"floor":5,"key":"PowerPotion"},{"floor":6,"key":"PowerPotion"},{"floor":10,"key":"Regen Potion"},{"floor":12,"key":"SteroidPotion"},{"floor":18,"key":"Poison Potion"}],"is_trial":false,"path_per_floor":["M","M","M","M","?","M","M","E","R","M","T","M","R","M","M","E","R","B",null,"M","?","T","?","M","R","$","T","T","M","R","E"],"character_chosen":"IRONCLAD","items_purchased":["Inflame","StoneCalendar"],"campfire_rested":3,"item_purchase_floors":[24,24],"current_hp_per_floor":[67,72,72,65,53,29,50,45,45,48,48,48,47,38,38,12,57,22,22,22,22,16,37,37,37,37,11,32,0],"gold":177,"neow_bonus":"ONE_RARE_RELIC","is_prod":false,"is_daily":false,"chose_seed":false,"campfire_upgraded":2,"win_rate":0,"timestamp":1546329354,"path_taken":["M","M","M","?","M","E","R","M","T","M","R","M","M","E","R","BOSS","M","?","?","?","M","R","$","?","T","?","R","E"],"build_version":"2018-12-20","purchased_purges":0,"victory":false,"max_hp_per_floor":[72,72,72,72,72,72,72,72,72,72,72,72,72,72,72,72,72,72,72,72,72,72,72,72,72,72,72,72,72],"card_choices":[{"not_picked":["Clothesline","Havoc"],"picked":"Battle Trance","floor":1.0},{"not_picked":["Pommel Strike","Perfected Strike"],"picked":"Dropkick","floor":2.0},{"not_picked":["Twin Strike","Battle Trance"],"picked":"Pommel Strike","floor":3.0},{"not_picked":["Warcry","Heavy Blade"],"picked":"Infernal Blade","floor":5},{"not_picked":["Clash","Hemokinesis"],"picked":"Pommel Strike","floor":6},{"not_picked":["Heavy Blade","Warcry"],"picked":"Flex","floor":8},{"not_picked":["Clothesline","Uppercut"],"picked":"Heavy Blade","floor":10},{"not_picked":["Power Through","Disarm"],"picked":"Seeing Red","floor":12},{"not_picked":["Armaments","Headbutt"],"picked":"Juggernaut","floor":13},{"not_picked":["Clothesline","Entrench"],"picked":"Spot Weakness","floor":14},{"not_picked":["Brutality","Bludgeon"],"picked":"Juggernaut","floor":16},{"not_picked":[],"picked":"Flex","floor":18},{"not_picked":["Havoc"],"picked":"SKIP","floor":22},{"not_picked":["Second Wind"],"picked":"SKIP","floor":27},{"not_picked":[],"picked":"Thunderclap","floor":28}],"player_experience":1631986,"relics_obtained":[{"floor":6,"key":"Vajra"},{"floor":9,"key":"War Paint"},{"floor":14,"key":"Tiny Chest"},{"floor":20,"key":"Omamori"},{"floor":25,"key":"Pocketwatch"},{"floor":26,"key":"Dream Catcher"}],"event_choices":[{"cards_removed":["Strike_R"],"damage_healed":0.0,"max_hp_gain":0.0,"max_hp_loss":0.0,"gold_gain":0.0,"event_name":"Golden Wing","player_choice":"Card Removal","floor":4.0,"gold_loss":0.0,"damage_taken":7.0},{"damage_healed":0,"gold_gain":0,"player_choice":"Simplicity","damage_taken":0,"max_hp_gain":0,"max_hp_loss":0,"event_name":"Back to Basics","floor":19,"gold_loss":0,"cards_upgraded":["Strike_R","Strike_R","Strike_R","Strike_R","Defend_R","Defend_R","Defend_R"]},{"damage_healed":0,"gold_gain":0,"player_choice":"Ignored","damage_taken":0,"max_hp_gain":0,"max_hp_loss":0,"event_name":"Ghosts","floor":21,"gold_loss":0}],"is_beta":false,"boss_relics":[{"not_picked":["Runic Cube","Mark of Pain"],"picked":"Busted Crown"}],"items_purged_floors":[],"is_endless":false,"potions_floor_spawned":[3,5,6,10,12,18],"killed_by":"Slavers","ascension_level":9}