{"gold_per_floor":[114,125,144,162,175,204,204,236,236,236],"floor_reached":10,"playtime":376,"items_purged":[],"score":128,"play_id":"86993148-e34e-499a-9232-8128468d6c05","local_time":"20190429155944","is_ascension_mode":true,"campfire_choices":[{"floor":7,"key":"REST"}],"neow_cost":"NONE","seed_source_timestamp":697857374409368,"circlet_count":0,"master_deck":["AscendersBane","Strike_B","Strike_B","Strike_B","Strike_B","Defend_B","Defend_B","Defend_B","Defend_B","Zap","Dualcast","Redo","Gash","Sunder","Ball Lightning","Leap","Coolheaded","Coolheaded"],"relics":["Cracked Core","Kunai","Ornamental Fan","Symbiotic Virus"],"potions_floor_usage":[6,10],"damage_taken":[{"damage":1,"enemies":"Cultist","floor":1,"turns":4},{"damage":0,"enemies":"Small Slimes","floor":2,"turns":3},{"damage":11,"enemies":"2 Louse","floor":3,"turns":2},{"damage":7,"enemies":"Looter","floor":4,"turns":3},{"damage":14,"enemies":"2 Fungi Beasts","floor":5,"turns":3},{"damage":21,"enemies":"3 Sentries","floor":6,"turns":6},{"damage":43,"enemies":"Gremlin Nob","floor":8,"turns":5},{"damage":9,"enemies":"Lagavulin","floor":10,"turns":4}],"seed_played":"-5736549025942147646","potions_obtained":[{"floor":1,"key":"SpeedPotion"},{"floor":6,"key":"LiquidBronze"},{"floor":8,"key":"SneckoOil"}],"is_trial":false,"path_per_floor":["M","M","M","M","M","E","R","E","T","E"],"character_chosen":"DEFECT","items_purchased":[],"campfire_rested":1,"item_purchase_floors":[],"current_hp_per_floor":[74,74,63,56,42,21,45,2,2,0],"gold":236,"neow_bonus":"TEN_PERCENT_HP_BONUS","is_prod":false,"is_daily":false,"chose_seed":false,"campfire_upgraded":0,"win_rate":0,"timestamp":1556546384,"path_taken":["M","M","M","M","M","E","R","E","T","E"],"build_version":"2019-04-23","purchased_purges":0,"victory":false,"max_hp_per_floor":[82,82,82,82,82,82,82,82,82,82],"card_choices":[{"not_picked":["Blizzard","Beam Cell"],"picked":"Redo","floor":1},{"not_picked":["Lockon","Streamline"],"picked":"Gash","floor":2},{"not_picked":["Darkness","Streamline"],"picked":"Sunder","floor":3},{"not_picked":["Coolheaded","Cold Snap"],"picked":"Ball Lightning","floor":4},{"not_picked":["Steam","Loop"],"picked":"Leap","floor":5},{"not_picked":["Melter","Blizzard"],"picked":"Coolheaded","floor":6},{"not_picked":["Chaos","Meteor Strike"],"picked":"Coolheaded","floor":8}],"player_experience":1321404,"relics_obtained":[{"floor":6,"key":"Kunai"},{"floor":8,"key":"Ornamental Fan"},{"floor":9,"key":"Symbiotic Virus"}],"event_choices":[],"is_beta":true,"boss_relics":[],"items_purged_floors":[],"is_endless":false,"potions_floor_spawned":[1,6,8],"killed_by":"Lagavulin","ascension_level":12}