{"gold_per_floor":[114,26,101,114,114,114,149,168,168,168,186,218,218,238,238,314,314,333,333,349,349,41,73,73,91,91,153,153,153,166,66,66,144,144,155,209,9,91,103,103,153,153,178,178,192,203,232,246,246,246,246],"floor_reached":51,"playtime":3732,"items_purged":["Writhe","Strike_G","Strike_G"],"score":1446,"play_id":"82b8f490-f8c4-4811-a41e-5263754cbd9a","local_time":"20190516224500","is_ascension_mode":true,"campfire_choices":[{"data":"Neutralize","floor":6,"key":"SMITH"},{"data":"Cloak And Dagger","floor":10,"key":"SMITH"},{"data":"Caltrops","floor":15,"key":"SMITH"},{"data":"Apotheosis","floor":24,"key":"SMITH"},{"data":"Cloak And Dagger","floor":28,"key":"SMITH"},{"data":"Ghostly","floor":32,"key":"SMITH"},{"data":"Ghostly","floor":40,"key":"SMITH"},{"data":"Ghostly","floor":42,"key":"SMITH"},{"data":"Calculated Gamble","floor":44,"key":"SMITH"},{"floor":49,"key":"REST"}],"neow_cost":"NONE","seed_source_timestamp":2187615200315902,"circlet_count":0,"master_deck":["AscendersBane","Defend_G","Defend_G","Defend_G","Defend_G","Defend_G","Survivor","Neutralize+1","Dodge and Roll","Footwork+1","Cloak And Dagger+1","Caltrops+1","Backstab","Venomology","Leg Sweep+1","Cloak And Dagger+1","Apotheosis+1","Well Laid Plans","Well Laid Plans+1","Ghostly+1","Ghostly+1","Ghostly+1","Corpse Explosion","Die Die Die+1","Riddle With Holes+1","Burst+1","Calculated Gamble+1","Blur","Dash","A Thousand Cuts","Well Laid Plans"],"relics":["Ring of the Snake","NeowsBlessing","Pocketwatch","Paper Crane","Juzu Bracelet","Philosopher\u0027s Stone","Mummified Hand","Omamori","Meat on the Bone","Tiny Chest","Astrolabe","Ginger","Pantograph","Snake Skull","Bag of Marbles"],"potions_floor_usage":[18,23,23,25,27,30,33,33,33,36,36,36,39,45,45,47,47,50,50,51,51],"damage_taken":[{"damage":0,"enemies":"Cultist","floor":1,"turns":1},{"damage":0,"enemies":"2 Louse","floor":4,"turns":1},{"damage":0,"enemies":"Lagavulin","floor":7,"turns":1},{"damage":4,"enemies":"Small Slimes","floor":8,"turns":4},{"damage":0,"enemies":"3 Louse","floor":11,"turns":5},{"damage":8,"enemies":"3 Sentries","floor":12,"turns":10},{"damage":0,"enemies":"Looter","floor":14,"turns":4},{"damage":33,"enemies":"Hexaghost","floor":16,"turns":14},{"damage":0,"enemies":"Spheric Guardian","floor":18,"turns":1},{"damage":3,"enemies":"Shell Parasite","floor":20,"turns":8},{"damage":26,"enemies":"Gremlin Leader","floor":23,"turns":10},{"damage":0,"enemies":"Centurion and Healer","floor":25,"turns":10},{"damage":3,"enemies":"Book of Stabbing","floor":27,"turns":6},{"damage":0,"enemies":"Snecko","floor":30,"turns":7},{"damage":21,"enemies":"Collector","floor":33,"turns":19},{"damage":0,"enemies":"3 Darklings","floor":35,"turns":3},{"damage":0,"enemies":"2 Orb Walkers","floor":36,"turns":5},{"damage":2,"enemies":"3 Shapes","floor":39,"turns":5},{"damage":20,"enemies":"Sphere and 2 Shapes","floor":45,"turns":10},{"damage":3,"enemies":"3 Darklings","floor":46,"turns":3},{"damage":6,"enemies":"Nemesis","floor":47,"turns":11},{"damage":5,"enemies":"Spire Growth","floor":48,"turns":7},{"damage":31,"enemies":"Time Eater","floor":50,"turns":18},{"damage":35,"enemies":"Awakened One","floor":51,"turns":3}],"seed_played":"-194199134439662817","potions_obtained":[{"floor":4,"key":"SkillPotion"},{"floor":7,"key":"Weak Potion"},{"floor":14,"key":"SteroidPotion"},{"floor":16,"key":"PowerPotion"},{"floor":23,"key":"Energy Potion"},{"floor":30,"key":"AttackPotion"},{"floor":33,"key":"EssenceOfSteel"},{"floor":35,"key":"GamblersBrew"},{"floor":36,"key":"SkillPotion"}],"is_trial":false,"path_per_floor":["M","$","?","M","?","R","E","M","T","R","M","E","?","M","R","B",null,"M","?","M","?","$","E","R","M","T","E","R","?","M","$","R","B",null,"M","?","$","T","M","R","?","R","T","R","M","M","E","M","R","B","B"],"character_chosen":"THE_SILENT","items_purchased":["Footwork","Apotheosis","Well Laid Plans","Blur"],"campfire_rested":1,"item_purchase_floors":[2,22,22,37],"current_hp_per_floor":[59,59,48,48,48,48,48,44,44,44,44,36,36,36,36,3,50,50,50,47,47,47,21,21,21,21,30,30,30,30,30,30,21,30,30,30,30,30,28,28,28,28,28,28,20,17,26,21,30,14,0],"gold":246,"neow_bonus":"THREE_ENEMY_KILL","is_prod":false,"is_daily":false,"chose_seed":false,"campfire_upgraded":9,"win_rate":0,"timestamp":1558039500,"path_taken":["M","$","?","M","?","R","E","M","T","R","M","E","?","M","R","BOSS","M","?","M","?","$","E","R","M","T","E","R","?","M","$","R","BOSS","M","?","$","?","M","R","?","R","T","R","M","M","E","M","R","BOSS","BOSS"],"build_version":"2019-05-07","purchased_purges":3,"victory":false,"max_hp_per_floor":[66,66,66,66,66,66,66,66,66,66,66,66,66,66,66,66,66,66,66,66,66,66,66,66,66,66,66,66,33,33,33,33,33,33,33,33,33,33,33,33,33,33,33,33,33,33,33,33,33,33,33],"card_choices":[{"not_picked":["Slice","Underhanded Strike"],"picked":"Dodge and Roll","floor":1},{"not_picked":["Reflex","Prepared","Dagger Throw"],"picked":"SKIP","floor":4},{"not_picked":["Outmaneuver","Finisher","Deflect"],"picked":"SKIP","floor":7},{"not_picked":["Catalyst","Flying Knee"],"picked":"Cloak And Dagger","floor":8},{"not_picked":["A Thousand Cuts","Sucker Punch"],"picked":"Caltrops","floor":11},{"not_picked":["Deflect","Outmaneuver","Slice"],"picked":"SKIP","floor":12},{"not_picked":["Prepared","PiercingWail"],"picked":"Backstab","floor":14},{"not_picked":["Storm of Steel","Wraith Form v2"],"picked":"Venomology","floor":16},{"not_picked":["Underhanded Strike","Crippling Poison"],"picked":"Leg Sweep+1","floor":18},{"not_picked":["Riddle With Holes","Flying Knee","Poisoned Stab"],"picked":"SKIP","floor":20},{"not_picked":["Riddle With Holes","Choke","Cloak And Dagger"],"picked":"SKIP","floor":23},{"not_picked":["Blade Dance","Cloak And Dagger"],"picked":"Well Laid Plans+1","floor":25},{"not_picked":["Underhanded Strike","Doppelganger","Grand Finale"],"picked":"SKIP","floor":27},{"not_picked":["Dodge and Roll","Outmaneuver+1","Finisher"],"picked":"SKIP","floor":30},{"not_picked":["Phantasmal Killer","Storm of Steel"],"picked":"Corpse Explosion","floor":33},{"not_picked":["Poisoned Stab+1","Backflip","Flying Knee"],"picked":"SKIP","floor":35},{"not_picked":["Leg Sweep+1","Tactician+1"],"picked":"Calculated Gamble","floor":36},{"not_picked":["Dagger Throw","Dagger Spray","Sucker Punch"],"picked":"SKIP","floor":39},{"not_picked":["Flying Knee","Setup+1"],"picked":"Dash","floor":45},{"not_picked":["Endless Agony","Eviscerate","Skewer+1"],"picked":"SKIP","floor":46},{"not_picked":["Dagger Throw","Acrobatics"],"picked":"A Thousand Cuts","floor":47},{"not_picked":["PiercingWail","Deflect"],"picked":"Well Laid Plans","floor":48}],"player_experience":2004948,"relics_obtained":[{"floor":7,"key":"Pocketwatch"},{"floor":9,"key":"Paper Crane"},{"floor":12,"key":"Juzu Bracelet"},{"floor":23,"key":"Omamori"},{"floor":26,"key":"Meat on the Bone"},{"floor":27,"key":"Tiny Chest"},{"floor":36,"key":"Ginger"},{"floor":38,"key":"Pantograph"},{"floor":43,"key":"Snake Skull"},{"floor":47,"key":"Bag of Marbles"}],"event_choices":[{"damage_healed":0,"gold_gain":75,"player_choice":"Gather Gold","damage_taken":11,"max_hp_gain":0,"max_hp_loss":0,"event_name":"World of Goop","floor":3,"gold_loss":0},{"damage_healed":0,"gold_gain":0,"player_choice":"Grow","damage_taken":0,"max_hp_gain":0,"max_hp_loss":0,"event_name":"Living Wall","floor":5,"gold_loss":0,"cards_upgraded":["Footwork"]},{"damage_healed":0,"gold_gain":0,"player_choice":"Ignored","damage_taken":0,"max_hp_gain":0,"max_hp_loss":0,"event_name":"Liars Game","floor":13,"gold_loss":0},{"damage_healed":0,"gold_gain":0,"player_choice":"Read","damage_taken":0,"max_hp_gain":0,"max_hp_loss":0,"event_name":"The Library","floor":19,"gold_loss":0,"cards_obtained":["Cloak And Dagger"]},{"damage_healed":0,"gold_gain":0,"player_choice":"Opened","damage_taken":0,"relics_obtained":["Mummified Hand"],"max_hp_gain":0,"max_hp_loss":0,"event_name":"The Mausoleum","floor":21,"gold_loss":0,"cards_obtained":["Writhe"]},{"damage_healed":0,"gold_gain":0,"player_choice":"Became a Ghost","damage_taken":0,"max_hp_gain":0,"max_hp_loss":33,"event_name":"Ghosts","floor":29,"gold_loss":0,"cards_obtained":["Ghostly","Ghostly","Ghostly"]},{"damage_healed":0,"gold_gain":0,"player_choice":"Fight","damage_taken":0,"max_hp_gain":0,"max_hp_loss":0,"event_name":"Mysterious Sphere","floor":36,"gold_loss":0},{"damage_healed":0,"gold_gain":50,"player_choice":"Pray","damage_taken":0,"max_hp_gain":0,"max_hp_loss":0,"event_name":"Golden Shrine","floor":41,"gold_loss":0}],"is_beta":true,"boss_relics":[{"not_picked":["Sozu","Runic Dome"],"picked":"Philosopher\u0027s Stone"},{"not_picked":["Lizard Tail","Snecko Eye"],"picked":"Astrolabe"}],"items_purged_floors":[22,31,37],"is_endless":false,"potions_floor_spawned":[4,7,14,16,23,30,33,35,36,45,46],"killed_by":"Awakened One","ascension_level":20}