{"gold_per_floor":[219,237,6,19,94,119,119,119,119,119,148,160,160,187,187,289,289,300,318,43,57,57,57,70,70,95,95,105,25,35,46,46,46],"floor_reached":33,"playtime":986,"items_purged":["Strike_B"],"score":308,"play_id":"60cd45b7-d63b-49f9-9db6-e8fd45eb4b9a","local_time":"20190422175901","is_ascension_mode":true,"campfire_choices":[{"data":"Zap","floor":7,"key":"SMITH"},{"floor":13,"key":"REST"},{"data":"Redo","floor":15,"key":"SMITH"},{"data":"Dualcast","floor":23,"key":"SMITH"},{"floor":25,"key":"REST"},{"data":"Darkness","floor":27,"key":"SMITH"},{"floor":32,"key":"REST"}],"neow_cost":"NONE","seed_source_timestamp":99604580490408,"circlet_count":0,"master_deck":["Strike_B","Strike_B+1","Defend_B","Defend_B","Defend_B","Defend_B+1","Zap+1","Dualcast+1","Ball Lightning","Sweeping Beam","Redo+1","Darkness+1","Redo","Coolheaded","Echo Form","Loop","Melter+1","Capacitor"],"relics":["Cracked Core","DataDisk","Kunai","Strawberry","Bottled Lightning","Centennial Puzzle","Sozu","Lee\u0027s Waffle","PreservedInsect"],"potions_floor_usage":[16,31],"damage_taken":[{"damage":0,"enemies":"Small Slimes","floor":1,"turns":3},{"damage":4,"enemies":"Jaw Worm","floor":2,"turns":3},{"damage":0,"enemies":"2 Louse","floor":4,"turns":2},{"damage":30,"enemies":"3 Sentries","floor":6,"turns":5},{"damage":10,"enemies":"Lagavulin","floor":11,"turns":5},{"damage":1,"enemies":"Looter","floor":12,"turns":2},{"damage":2,"enemies":"Hexaghost","floor":16,"turns":6},{"damage":7,"enemies":"Chosen","floor":18,"turns":3},{"damage":20,"enemies":"Shell Parasite","floor":19,"turns":4},{"damage":25,"enemies":"Cultist and Chosen","floor":21,"turns":6},{"damage":29,"enemies":"Centurion and Healer","floor":24,"turns":4},{"damage":19,"enemies":"Snecko","floor":28,"turns":4},{"damage":18,"enemies":"Chosen and Byrds","floor":30,"turns":3},{"damage":7,"enemies":"3 Cultists","floor":31,"turns":4},{"damage":59,"enemies":"Collector","floor":33,"turns":5}],"seed_played":"6197975974485188604","potions_obtained":[{"floor":4,"key":"Fire Potion"},{"floor":11,"key":"Ancient Potion"},{"floor":12,"key":"Weak Potion"}],"is_trial":false,"path_per_floor":["M","M","$","M","?","E","R","?","T","?","E","M","R","T","R","B",null,"M","M","$","M","?","R","M","R","T","R","M","$","M","M","R","B"],"character_chosen":"DEFECT","items_purchased":["DataDisk","Lee\u0027s Waffle","Loop","Capacitor"],"campfire_rested":3,"item_purchase_floors":[3,20,20,29],"current_hp_per_floor":[75,71,71,71,60,30,30,15,22,15,5,4,28,28,28,26,82,75,55,89,64,64,64,35,61,61,61,42,42,24,17,43,0],"gold":46,"neow_bonus":"HUNDRED_GOLD","is_prod":false,"is_daily":false,"chose_seed":false,"campfire_upgraded":4,"win_rate":0,"timestamp":1555948741,"path_taken":["M","M","$","M","?","E","R","?","T","?","E","M","R","?","R","BOSS","M","M","$","M","?","R","M","R","T","R","M","$","M","M","R","BOSS"],"build_version":"2019-04-21","purchased_purges":1,"victory":false,"max_hp_per_floor":[75,75,75,75,75,75,75,75,82,82,82,82,82,82,82,82,82,82,82,89,89,89,89,89,89,89,89,89,89,89,89,89,89],"card_choices":[{"not_picked":["Sweeping Beam","Hologram"],"picked":"Ball Lightning","floor":1},{"not_picked":["Rebound","Leap"],"picked":"Sweeping Beam","floor":2},{"not_picked":["Gash","Sweeping Beam"],"picked":"Redo","floor":4},{"not_picked":["Lockon","Steam"],"picked":"Darkness","floor":6},{"not_picked":["Gash","Stack"],"picked":"Redo","floor":11},{"not_picked":["Reprogram","Thunder Strike"],"picked":"Coolheaded","floor":12},{"not_picked":["Biased Cognition","Meteor Strike"],"picked":"Echo Form","floor":16},{"not_picked":["Redo","Stack","Beam Cell"],"picked":"SKIP","floor":18},{"not_picked":["Chill+1","Gash","Fusion"],"picked":"SKIP","floor":19},{"not_picked":["Beam Cell","Scrape"],"picked":"Melter+1","floor":21},{"not_picked":["Biased Cognition","Static Discharge","Rebound"],"picked":"SKIP","floor":24},{"not_picked":["Coolheaded","Stack","Redo"],"picked":"SKIP","floor":28},{"not_picked":["Rebound","Machine Learning","Conserve Battery"],"picked":"SKIP","floor":30},{"not_picked":["Conserve Battery","Turbo","Steam Power"],"picked":"SKIP","floor":31}],"player_experience":1167314,"relics_obtained":[{"floor":6,"key":"Kunai"},{"floor":9,"key":"Strawberry"},{"floor":11,"key":"Bottled Lightning"},{"floor":14,"key":"Centennial Puzzle"},{"floor":26,"key":"PreservedInsect"}],"event_choices":[{"damage_healed":0,"gold_gain":75,"player_choice":"Gather Gold","damage_taken":11,"max_hp_gain":0,"max_hp_loss":0,"event_name":"World of Goop","floor":5,"gold_loss":0},{"damage_healed":0,"gold_gain":0,"player_choice":"Entered Light","damage_taken":15,"max_hp_gain":0,"max_hp_loss":0,"event_name":"Shining Light","floor":8,"gold_loss":0,"cards_upgraded":["Strike_B","Defend_B"]},{"cards_removed":["Strike_B"],"damage_healed":0,"gold_gain":0,"player_choice":"Card Removal","damage_taken":7,"max_hp_gain":0,"max_hp_loss":0,"event_name":"Golden Wing","floor":10,"gold_loss":0},{"damage_healed":0,"gold_gain":0,"player_choice":"Ignored","damage_taken":0,"max_hp_gain":0,"max_hp_loss":0,"event_name":"Ghosts","floor":22,"gold_loss":0}],"is_beta":true,"boss_relics":[{"not_picked":["Busted Crown","Empty Cage"],"picked":"Sozu"}],"items_purged_floors":[3],"is_endless":false,"potions_floor_spawned":[4,11,12,18,21,30],"killed_by":"Collector","ascension_level":4}