{"gold_per_floor":[113,128,147,2,77,77,252,266,292,292,292,1,15,32,32,132,132,147,160,30,45,55,55,69,88,88,16,28,28,44,44,44,44],"floor_reached":33,"playtime":4876,"items_purged":[],"score":268,"play_id":"1505f5f9-c543-4077-91ed-f69510072c91","local_time":"20190520124415","is_ascension_mode":false,"campfire_choices":[{"data":"Beam Cell","floor":6.0,"key":"SMITH"},{"floor":10.0,"key":"REST"},{"data":"Chill","floor":15.0,"key":"SMITH"},{"data":"Rainbow","floor":23,"key":"SMITH"},{"floor":29,"key":"REST"},{"floor":32,"key":"REST"}],"neow_cost":"NONE","seed_source_timestamp":0,"circlet_count":0,"master_deck":["Strike_B","Strike_B","Strike_B","Strike_B","Defend_B","Defend_B","Defend_B","Defend_B","Zap","Dualcast","Gash","Compile Driver","Sweeping Beam","Beam Cell+1","Dramatic Entrance","Amplify","Iron Wave","Violence","Chill+1","Rip and Tear","Redo","Capacitor","Rainbow+1","Gash","Gash","Storm","Barrage","Reprogram","Ball Lightning+1","Lockon","Gash","Self Repair","Hello World","All For One"],"special_seed":0,"relics":["FrozenCore","NeowsBlessing","Oddly Smooth Stone","Sundial"],"potions_floor_usage":[33,33,33],"damage_taken":[{"damage":0.0,"enemies":"Jaw Worm","floor":1.0,"turns":1.0},{"damage":0.0,"enemies":"2 Louse","floor":2.0,"turns":1.0},{"damage":0.0,"enemies":"Cultist","floor":3.0,"turns":1.0},{"damage":15.0,"enemies":"Exordium Wildlife","floor":8.0,"turns":4.0},{"damage":0.0,"enemies":"2 Fungi Beasts","floor":13.0,"turns":2.0},{"damage":4.0,"enemies":"Large Slime","floor":14.0,"turns":4.0},{"damage":36.0,"enemies":"Slime Boss","floor":16.0,"turns":9.0},{"damage":0,"enemies":"Chosen","floor":18,"turns":5},{"damage":2,"enemies":"Shell Parasite","floor":19,"turns":8},{"damage":22,"enemies":"Snake Plant","floor":21,"turns":6},{"damage":2,"enemies":"Chosen and Byrds","floor":22,"turns":6},{"damage":18,"enemies":"Snecko","floor":24,"turns":7},{"damage":1,"enemies":"Cultist and Chosen","floor":25,"turns":7},{"damage":25,"enemies":"Snake Plant","floor":28,"turns":5},{"damage":11,"enemies":"3 Cultists","floor":30,"turns":6},{"damage":63,"enemies":"Collector","floor":33,"turns":8}],"seed_played":"-3992344944525445270","potions_obtained":[{"floor":2.0,"key":"Fire Potion"},{"floor":3.0,"key":"SpeedPotion"},{"floor":16.0,"key":"FocusPotion"},{"floor":18,"key":"SmokeBomb"},{"floor":22,"key":"EssenceOfSteel"},{"floor":25,"key":"Explosive Potion"},{"floor":28,"key":"FocusPotion"}],"is_trial":false,"path_per_floor":["M","M","M","$","?","R","?","M","T","R","?","$","M","M","R","B",null,"M","M","$","M","M","R","M","M","T","$","M","R","M","?","R","B"],"character_chosen":"DEFECT","items_purchased":["Beam Cell","Dramatic Entrance","Violence","Chill","Rip and Tear","Storm","Barrage","Self Repair"],"campfire_rested":3,"item_purchase_floors":[4,4,12,12,12,20,20,27],"current_hp_per_floor":[75,75,75,75,64,64,64,49,49,71,71,71,71,67,67,31,75,75,73,73,51,49,49,31,30,30,30,5,27,23,23,45,0],"gold":44,"neow_bonus":"THREE_ENEMY_KILL","is_prod":false,"is_daily":false,"chose_seed":false,"campfire_upgraded":3,"win_rate":0.0,"timestamp":1558349055,"path_taken":["M","M","M","$","?","R","?","M","T","R","?","$","M","M","R","BOSS","M","?","$","M","M","R","M","M","T","$","M","R","M","?","R","BOSS"],"build_version":"2019-01-23","purchased_purges":0,"victory":false,"max_hp_per_floor":[75,75,75,75,75,75,75,75,75,75,75,75,75,75,75,75,75,75,75,75,75,75,75,75,75,75,75,75,75,75,75,75,75],"card_choices":[{"not_picked":["Streamline","Consume"],"picked":"Gash","floor":1.0},{"not_picked":["Hello World","Hologram"],"picked":"Compile Driver","floor":2.0},{"not_picked":["Consume","Steam"],"picked":"Sweeping Beam","floor":3.0},{"not_picked":["Cold Snap","Go for the Eyes"],"picked":"Amplify","floor":8.0},{"not_picked":["Auto Shields","Glacier"],"picked":"Redo","floor":13.0},{"not_picked":["Steam","Sweeping Beam"],"picked":"Capacitor","floor":14.0},{"not_picked":["Seek","Thunder Strike"],"picked":"Rainbow","floor":16.0},{"not_picked":["Conserve Battery","Hologram"],"picked":"Gash","floor":18},{"not_picked":["Ball Lightning","Genetic Algorithm+1"],"picked":"Gash","floor":19},{"not_picked":["Coolheaded","Sweeping Beam"],"picked":"Reprogram","floor":21},{"not_picked":["Tempest","Steam"],"picked":"Ball Lightning+1","floor":22},{"not_picked":["Consume","Barrage+1"],"picked":"Lockon","floor":24},{"not_picked":["Force Field+1","Skim"],"picked":"Gash","floor":25},{"not_picked":["Barrage","Stack+1"],"picked":"Hello World","floor":28},{"not_picked":["Go for the Eyes","Compile Driver"],"picked":"All For One","floor":30}],"player_experience":14327,"relics_obtained":[{"floor":9.0,"key":"Oddly Smooth Stone"},{"floor":26,"key":"Sundial"}],"event_choices":[{"damage_healed":0.0,"max_hp_gain":0.0,"max_hp_loss":0.0,"gold_gain":75.0,"event_name":"World of Goop","player_choice":"Gather Gold","floor":5.0,"gold_loss":0.0,"damage_taken":11.0},{"damage_healed":0.0,"max_hp_gain":0.0,"max_hp_loss":0.0,"gold_gain":175.0,"event_name":"Liars Game","player_choice":"AGREE","floor":7.0,"gold_loss":0.0,"damage_taken":0.0,"cards_obtained":["Doubt"]},{"cards_removed":["Doubt"],"damage_healed":0.0,"max_hp_gain":0.0,"max_hp_loss":0.0,"gold_gain":0.0,"event_name":"NoteForYourself","player_choice":"Took Card","floor":11.0,"gold_loss":0.0,"damage_taken":0.0,"cards_obtained":["Iron Wave"]},{"damage_healed":0,"gold_gain":0,"player_choice":"Ignored","damage_taken":0,"max_hp_gain":0,"max_hp_loss":0,"event_name":"Beggar","floor":31,"gold_loss":0}],"is_beta":false,"boss_relics":[{"not_picked":["Ectoplasm","Lizard Tail"],"picked":"FrozenCore"}],"items_purged_floors":[],"is_endless":false,"potions_floor_spawned":[2,3,16,18,22,25,28],"killed_by":"Collector","ascension_level":0}