{"gold_per_floor":[412,412,312,332,346,346,373,373,396,272,272,285,17,17,17,17],"floor_reached":16,"playtime":723,"items_purged":["Strike_R","Strike_R"],"score":147,"play_id":"27248608-6650-4e82-8631-4a74555c3231","local_time":"20190110233926","is_ascension_mode":true,"campfire_choices":[{"data":"Bash","floor":6,"key":"SMITH"},{"data":"Cleave","floor":11,"key":"SMITH"},{"data":"Clothesline","floor":15,"key":"SMITH"}],"neow_cost":"CURSE","seed_source_timestamp":953862435580300,"circlet_count":0,"master_deck":["AscendersBane","Strike_R","Strike_R","Strike_R","Defend_R","Defend_R","Defend_R","Defend_R","Bash+1","Evolve","Clothesline+1","Battle Trance","Power Through","Bash","Cleave+1","Seeing Red","Feed","Regret"],"relics":["Burning Blood","Old Coin","Bronze Scales","Juzu Bracelet","Membership Card","Regal Pillow"],"potions_floor_usage":[16],"damage_taken":[{"damage":18,"enemies":"2 Louse","floor":1,"turns":3},{"damage":3,"enemies":"Cultist","floor":4,"turns":4},{"damage":4,"enemies":"Small Slimes","floor":5,"turns":4},{"damage":35,"enemies":"3 Sentries","floor":7,"turns":14},{"damage":2,"enemies":"Exordium Thugs","floor":12,"turns":6},{"damage":42,"enemies":"The Guardian","floor":16,"turns":9}],"seed_played":"2237633867615525997","potions_obtained":[{"floor":4,"key":"FearPotion"},{"floor":12,"key":"Poison Potion"}],"is_trial":false,"path_per_floor":["M","?","$","M","M","R","E","?","T","$","R","M","$","?","R","B"],"character_chosen":"IRONCLAD","items_purchased":["Clothesline","Cleave","Membership Card","Feed"],"campfire_rested":0,"item_purchase_floors":[3,10,13,13],"current_hp_per_floor":[60,60,60,63,65,65,36,36,36,36,36,40,40,40,40,0],"gold":17,"neow_bonus":"ONE_RARE_RELIC","is_prod":false,"is_daily":false,"chose_seed":false,"campfire_upgraded":3,"win_rate":0,"timestamp":1547181566,"path_taken":["M","?","$","M","M","R","E","?","T","$","R","M","$","?","R","BOSS"],"build_version":"2019-01-10","purchased_purges":2,"victory":false,"max_hp_per_floor":[80,80,80,80,80,80,80,80,80,80,80,80,80,80,80,80],"card_choices":[{"not_picked":["Hemokinesis","Pommel Strike"],"picked":"Evolve","floor":1},{"not_picked":["True Grit","Twin Strike"],"picked":"Battle Trance","floor":4},{"not_picked":["Evolve","Second Wind","Clash"],"picked":"SKIP","floor":5},{"not_picked":["Anger","Perfected Strike"],"picked":"Power Through","floor":7},{"not_picked":["Sword Boomerang","Hemokinesis"],"picked":"Seeing Red","floor":12}],"player_experience":1726756,"relics_obtained":[{"floor":7,"key":"Bronze Scales"},{"floor":9,"key":"Juzu Bracelet"}],"event_choices":[{"cards_removed":["Pain"],"damage_healed":0,"gold_gain":0,"player_choice":"Forget","damage_taken":0,"max_hp_gain":0,"max_hp_loss":0,"event_name":"Living Wall","floor":2,"gold_loss":0},{"damage_healed":0,"gold_gain":0,"player_choice":"1 cards matched","damage_taken":0,"max_hp_gain":0,"max_hp_loss":0,"event_name":"Match and Keep!","floor":8,"gold_loss":0,"cards_obtained":["Bash"]},{"damage_healed":0,"gold_gain":0,"player_choice":"Box","damage_taken":0,"relics_obtained":["Regal Pillow"],"max_hp_gain":0,"max_hp_loss":0,"event_name":"Big Fish","floor":14,"gold_loss":0,"cards_obtained":["Regret"]}],"is_beta":false,"boss_relics":[],"items_purged_floors":[3,10],"is_endless":false,"potions_floor_spawned":[4,12],"killed_by":"The Guardian","ascension_level":10}