{"gold_per_floor":[115,133,145,145,145,145,180,180,180,200,243,43,64,88,88,88],"floor_reached":16,"playtime":496,"items_purged":[],"score":190,"play_id":"64a0f0f6-c58a-4b26-8492-9ad5b8f09e44","local_time":"20190430130929","is_ascension_mode":true,"campfire_choices":[{"data":"True Grit","floor":6,"key":"SMITH"},{"floor":8,"key":"REST"},{"floor":15,"key":"REST"}],"neow_cost":"NONE","seed_source_timestamp":773922894854953,"circlet_count":0,"master_deck":["AscendersBane","Strike_R","Strike_R","Strike_R","Strike_R","Strike_R","Defend_R","Defend_R","Defend_R","Defend_R","Bash+1","True Grit+1","Ghostly Armor","Flame Barrier","Clothesline","Rampage","Pommel Strike"],"relics":["Burning Blood","Red Skull","Golden Idol","WingedGreaves","Singing Bowl","Potion Belt","Medical Kit"],"potions_floor_usage":[7,11,14],"damage_taken":[{"damage":18,"enemies":"Jaw Worm","floor":1,"turns":4},{"damage":0,"enemies":"2 Louse","floor":2,"turns":2},{"damage":8,"enemies":"Small Slimes","floor":3,"turns":4},{"damage":30,"enemies":"Lagavulin","floor":7,"turns":7},{"damage":7,"enemies":"Looter","floor":10,"turns":4},{"damage":18,"enemies":"Gremlin Nob","floor":11,"turns":4},{"damage":7,"enemies":"Exordium Wildlife","floor":13,"turns":4},{"damage":14,"enemies":"Blue Slaver","floor":14,"turns":4},{"damage":46,"enemies":"Slime Boss","floor":16,"turns":9}],"seed_played":"-8378213635630864359","potions_obtained":[{"floor":2,"key":"Dexterity Potion"},{"floor":3,"key":"AttackPotion"},{"floor":10,"key":"PowerPotion"}],"is_trial":false,"path_per_floor":["M","M","M","?","?","R","E","R","T","M","E","$","M","M","R","B"],"character_chosen":"IRONCLAD","items_purchased":["Medical Kit"],"campfire_rested":2,"item_purchase_floors":[12],"current_hp_per_floor":[56,62,60,60,42,42,18,40,40,39,27,27,28,22,45,0],"gold":88,"neow_bonus":"RANDOM_COMMON_RELIC","is_prod":false,"is_daily":false,"chose_seed":false,"campfire_upgraded":1,"win_rate":0,"timestamp":1556622569,"path_taken":["M","M","M","?","?","R","E","R","T","M","E","$","?","M","R","BOSS"],"build_version":"2019-04-23","purchased_purges":0,"victory":false,"max_hp_per_floor":[75,75,75,75,75,75,75,75,75,75,75,75,77,79,79,79],"card_choices":[{"not_picked":["Rage","Flex"],"picked":"True Grit","floor":1},{"not_picked":["Reckless Charge","Dual Wield"],"picked":"Ghostly Armor","floor":2},{"not_picked":["Whirlwind","Perfected Strike"],"picked":"Flame Barrier","floor":3},{"not_picked":["Perfected Strike","Warcry"],"picked":"Clothesline","floor":7},{"not_picked":["Havoc","Cleave"],"picked":"Rampage","floor":10},{"not_picked":["Body Slam","Armaments"],"picked":"Pommel Strike","floor":11},{"not_picked":["Clash","Body Slam","Armaments"],"picked":"Singing Bowl","floor":13},{"not_picked":["Anger","Heavy Blade","Hemokinesis"],"picked":"Singing Bowl","floor":14}],"player_experience":1347895,"relics_obtained":[{"floor":7,"key":"WingedGreaves"},{"floor":9,"key":"Singing Bowl"},{"floor":11,"key":"Potion Belt"}],"event_choices":[{"damage_healed":0,"gold_gain":0,"player_choice":"Grow","damage_taken":0,"max_hp_gain":0,"max_hp_loss":0,"event_name":"Living Wall","floor":4,"gold_loss":0,"cards_upgraded":["Bash"]},{"damage_healed":0,"gold_gain":0,"player_choice":"Take Damage","damage_taken":18,"relics_obtained":["Golden Idol"],"max_hp_gain":0,"max_hp_loss":0,"event_name":"Golden Idol","floor":5,"gold_loss":0}],"is_beta":true,"boss_relics":[],"items_purged_floors":[],"is_endless":false,"potions_floor_spawned":[2,3,10],"killed_by":"Slime Boss","ascension_level":14}