{"gold_per_floor":[116,131,147,60,74,74,100,120,120,120,182,182,215,232,232,304,304,320,23,40,2,17,43,43,43,43,43,63,73,73,101,101,177,177,196,207,226,143,195,195,38,57,57,7,38,38,38,57,57,57,57,57,36,66,66],"floor_reached":55,"playtime":13273,"items_purged":["Strike_B","Strike_B+1"],"score":1323,"play_id":"93b408d3-ad35-4b84-a188-8241ef10cffa","local_time":"20190502150329","is_ascension_mode":true,"campfire_choices":[{"data":"Defragment","floor":6.0,"key":"SMITH"},{"floor":12.0,"key":"REST"},{"data":"Coolheaded","floor":15.0,"key":"SMITH"},{"floor":25.0,"key":"REST"},{"floor":27.0,"key":"REST"},{"floor":32.0,"key":"REST"},{"floor":40,"key":"REST"},{"floor":46,"key":"REST"},{"floor":49,"key":"RECALL"},{"floor":52,"key":"REST"}],"neow_cost":"PERCENT_DAMAGE","seed_source_timestamp":0,"circlet_count":0,"master_deck":["AscendersBane","Strike_B+1","Defend_B+1","Defend_B+1","Defend_B+1","Defend_B+1","Zap","Dualcast","Glacier","Ball Lightning+1","Defragment+1","Glacier","Coolheaded+1","Doom and Gloom","Auto Shields","Compile Driver","Go for the Eyes","White Noise","Electrodynamics","Fusion","Ball Lightning","Conserve Battery","Sunder+1","Compile Driver","White Noise","Conserve Battery","BootSequence","Core Surge","Capacitor+1","Force Field","FTL","Undo+1","Go for the Eyes","Finesse","Secret Technique","Stack+1","Aggregate","Reinforced Body+1"],"special_seed":0,"relics":["Cracked Core","Mango","Letter Opener","Darkstone Periapt","Tiny Chest","Meat on the Bone","Fusion Hammer","Membership Card","Anchor","Omamori","Cables","Busted Crown","Whetstone","WingedGreaves","Lee\u0027s Waffle","Question Card","DataDisk"],"potions_floor_usage":[42,54,54,55],"damage_taken":[{"damage":1.0,"enemies":"Cultist","floor":1.0,"turns":3.0},{"damage":10.0,"enemies":"Small Slimes","floor":2.0,"turns":4.0},{"damage":3.0,"enemies":"2 Louse","floor":3.0,"turns":2.0},{"damage":2.0,"enemies":"2 Fungi Beasts","floor":5.0,"turns":3.0},{"damage":18.0,"enemies":"3 Sentries","floor":7.0,"turns":11.0},{"damage":0.0,"enemies":"Large Slime","floor":8.0,"turns":4.0},{"damage":2.0,"enemies":"Lagavulin","floor":11.0,"turns":7.0},{"damage":16.0,"enemies":"3 Sentries","floor":13.0,"turns":6.0},{"damage":0.0,"enemies":"3 Louse","floor":14.0,"turns":3.0},{"damage":27.0,"enemies":"The Guardian","floor":16.0,"turns":11.0},{"damage":1.0,"enemies":"3 Byrds","floor":18.0,"turns":2.0},{"damage":0.0,"enemies":"Spheric Guardian","floor":20.0,"turns":3.0},{"damage":0.0,"enemies":"Shelled Parasite and Fungi","floor":22.0,"turns":5.0},{"damage":46.0,"enemies":"Slavers","floor":23.0,"turns":6.0},{"damage":0.0,"enemies":"Sentry and Sphere","floor":28.0,"turns":3.0},{"damage":0.0,"enemies":"Snecko","floor":29.0,"turns":4.0},{"damage":9.0,"enemies":"Book of Stabbing","floor":31.0,"turns":6.0},{"damage":16.0,"enemies":"Collector","floor":33.0,"turns":13.0},{"damage":10.0,"enemies":"3 Darklings","floor":35.0,"turns":6.0},{"damage":0.0,"enemies":"3 Shapes","floor":36.0,"turns":4.0},{"damage":1.0,"enemies":"Spire Growth","floor":37.0,"turns":5.0},{"damage":27,"enemies":"2 Orb Walkers","floor":39,"turns":4},{"damage":31,"enemies":"Writhing Mass","floor":42,"turns":7},{"damage":9,"enemies":"Reptomancer","floor":45,"turns":5},{"damage":5,"enemies":"Jaw Worm Horde","floor":48,"turns":4},{"damage":22,"enemies":"Donu and Deca","floor":50,"turns":11},{"damage":82,"enemies":"Shield and Spear","floor":54,"turns":9},{"damage":69,"enemies":"The Heart","floor":55,"turns":3}],"seed_played":"-6170313480107287324","potions_obtained":[{"floor":2.0,"key":"SteroidPotion"},{"floor":5.0,"key":"SteroidPotion"},{"floor":18.0,"key":"Ancient Potion"},{"floor":22.0,"key":"Fire Potion"},{"floor":28.0,"key":"LiquidBronze"},{"floor":31.0,"key":"FearPotion"},{"floor":35.0,"key":"SmokeBomb"},{"floor":39,"key":"Weak Potion"},{"floor":42,"key":"Swift Potion"},{"floor":54,"key":"Regen Potion"}],"is_trial":false,"path_per_floor":["M","M","M","$","M","R","E","M","T","?","E","R","E","M","R","B",null,"M","$","M","$","M","E","?","R","T","R","M","M","?","E","R","B",null,"M","M","M","$","?","R","$","M","T","$","E","R","?","M","R","B",null,"R","$","E","B"],"character_chosen":"DEFECT","items_purchased":["Glacier","Membership Card","Ball Lightning","Sunder","Whetstone","Lee\u0027s Waffle","FTL","Aggregate"],"campfire_rested":7,"item_purchase_floors":[4,19,19,21,38,41,41,53],"current_hp_per_floor":[59,49,46,46,44,44,26,26,26,19,17,42,26,38,38,23,70,69,69,69,69,69,35,35,60,60,85,85,85,85,76,85,69,81,71,71,70,70,43,68,92,61,61,61,52,79,74,69,69,47,81,92,92,22,0],"gold":66,"neow_bonus":"ONE_RARE_RELIC","is_prod":false,"is_daily":false,"chose_seed":false,"campfire_upgraded":2,"win_rate":0,"timestamp":1556802209,"path_taken":["M","M","M","$","M","R","E","?","T","?","E","R","E","M","R","BOSS","M","$","M","$","M","E","?","R","T","R","M","M","?","E","R","BOSS","M","M","M","$","?","R","$","M","T","$","E","R","?","M","R","BOSS","R","$","E","BOSS"],"build_version":"2019-04-23","purchased_purges":2,"victory":false,"max_hp_per_floor":[85,85,85,85,85,85,85,85,85,85,85,85,85,85,85,85,85,85,85,85,85,85,85,85,85,85,85,85,85,85,85,85,85,85,85,85,85,85,85,85,92,92,92,92,92,92,92,92,92,92,92,92,92,92,92],"card_choices":[{"not_picked":["Beam Cell","Coolheaded"],"picked":"Glacier","floor":1.0},{"not_picked":["Chill","Double Energy"],"picked":"Ball Lightning","floor":2.0},{"not_picked":["Steam","Undo"],"picked":"Defragment","floor":3.0},{"not_picked":["Streamline","Reboot"],"picked":"Coolheaded","floor":5.0},{"not_picked":["Beam Cell","Redo"],"picked":"Doom and Gloom","floor":7.0},{"not_picked":["Reprogram","Undo"],"picked":"Auto Shields","floor":8.0},{"not_picked":["Blizzard","Glacier"],"picked":"Compile Driver","floor":11.0},{"not_picked":["Consume","Sweeping Beam"],"picked":"Go for the Eyes","floor":13.0},{"not_picked":["Redo","Hologram"],"picked":"White Noise","floor":14.0},{"not_picked":["All For One","Creative AI"],"picked":"Electrodynamics","floor":16.0},{"not_picked":["Coolheaded","Rip and Tear"],"picked":"Fusion","floor":18.0},{"not_picked":["Turbo","Rip and Tear"],"picked":"Conserve Battery","floor":20.0},{"not_picked":["White Noise","Leap"],"picked":"Compile Driver","floor":22.0},{"not_picked":["Rebound","Ball Lightning","Beam Cell"],"picked":"SKIP","floor":23.0},{"not_picked":["Seek","Heatsinks"],"picked":"White Noise","floor":28.0},{"not_picked":["Auto Shields","Barrage"],"picked":"Conserve Battery","floor":29.0},{"not_picked":["Compile Driver","Coolheaded","Chaos"],"picked":"SKIP","floor":31.0},{"not_picked":["Multi-Cast","Reboot"],"picked":"Core Surge","floor":33.0},{"not_picked":["Rebound"],"picked":"SKIP","floor":35.0},{"not_picked":["Streamline"],"picked":"SKIP","floor":36.0},{"not_picked":[],"picked":"Capacitor+1","floor":37},{"not_picked":[],"picked":"Force Field","floor":39},{"not_picked":[],"picked":"Undo+1","floor":42},{"not_picked":[],"picked":"Go for the Eyes","floor":45},{"not_picked":["Good Instincts"],"picked":"Finesse","floor":47},{"not_picked":["Metamorphosis"],"picked":"Secret Technique","floor":47},{"not_picked":["Recycle+1"],"picked":"Stack+1","floor":48},{"not_picked":["Streamline"],"picked":"Reinforced Body+1","floor":54}],"player_experience":1416318,"relics_obtained":[{"floor":7.0,"key":"Letter Opener"},{"floor":9.0,"key":"Darkstone Periapt"},{"floor":11.0,"key":"Tiny Chest"},{"floor":13.0,"key":"Meat on the Bone"},{"floor":23.0,"key":"Anchor"},{"floor":26.0,"key":"Omamori"},{"floor":31.0,"key":"Cables"},{"floor":39,"key":"WingedGreaves"},{"floor":45,"key":"Question Card"},{"floor":54,"key":"DataDisk"}],"event_choices":[{"cards_removed":["Strike_B"],"damage_healed":0.0,"max_hp_gain":0.0,"max_hp_loss":0.0,"gold_gain":0.0,"event_name":"Golden Wing","player_choice":"Card Removal","floor":10.0,"gold_loss":0.0,"damage_taken":7.0},{"damage_healed":0.0,"max_hp_gain":0.0,"max_hp_loss":0.0,"gold_gain":0.0,"event_name":"Back to Basics","player_choice":"Simplicity","floor":24.0,"gold_loss":0.0,"damage_taken":0.0,"cards_upgraded":["Strike_B","Strike_B","Defend_B","Defend_B","Defend_B","Defend_B"]},{"damage_healed":0.0,"max_hp_gain":0.0,"max_hp_loss":0.0,"gold_gain":0.0,"event_name":"The Library","player_choice":"Read","floor":30.0,"gold_loss":0.0,"damage_taken":0.0,"cards_obtained":["BootSequence"]},{"damage_healed":0,"gold_gain":0,"player_choice":"Fight","damage_taken":0,"max_hp_gain":0,"max_hp_loss":0,"event_name":"Mysterious Sphere","floor":39,"gold_loss":0},{"damage_healed":0,"gold_gain":0,"player_choice":"Memory 2","damage_taken":5,"max_hp_gain":0,"max_hp_loss":0,"event_name":"SensoryStone","floor":47,"gold_loss":0}],"is_beta":true,"boss_relics":[{"not_picked":["Calling Bell","Runic Pyramid"],"picked":"Fusion Hammer"},{"not_picked":["Snecko Eye","Velvet Choker"],"picked":"Busted Crown"}],"items_purged_floors":[19,44],"is_endless":false,"potions_floor_spawned":[2,5,8,13,18,22,28,31,33,35,37,39,42,54],"killed_by":"The Heart","ascension_level":16}