{"gold_per_floor":[114,13,13,13,23,23,55,67,67,67,67,102,102,122,122,226,226,238,238,338,18,18,18,38,38,65,65,79,92,92,92,92,193,193,209,48,148,423,104,130,142,173,231,243,268,280,292,324,336,348],"floor_reached":51,"playtime":5297,"items_purged":["Defend_G","Doubt","Decay","Regret"],"score":748,"play_id":"bdb8ef37-d719-4ff4-a477-0120216006b6","local_time":"20190520234203","is_ascension_mode":true,"campfire_choices":[{"data":"Neutralize","floor":6,"key":"SMITH"},{"floor":10,"key":"REST"},{"data":"Bouncing Flask","floor":13,"key":"SMITH"},{"floor":15,"key":"REST"},{"floor":23,"key":"REST"},{"data":"Corpse Explosion","floor":25,"key":"SMITH"},{"floor":27,"key":"REST"},{"floor":30,"key":"REST"},{"data":"Backstab","floor":32,"key":"SMITH"},{"floor":41,"key":"REST"},{"floor":44,"key":"REST"},{"floor":46,"key":"REST"},{"data":"Blur","floor":49,"key":"SMITH"}],"neow_cost":"NONE","seed_source_timestamp":4643355329600,"circlet_count":0,"master_deck":["Defend_G","Defend_G","Defend_G","Strike_G","Strike_G","Strike_G","Survivor","Neutralize+1","Bouncing Flask+1","Poisoned Stab","Well Laid Plans","Dagger Spray","Sucker Punch","Deadly Poison","PiercingWail","Corpse Explosion+1","Clumsy","Backflip","Endless Agony","Footwork","Backstab+1","Dodge and Roll+1","Deadly Poison+1","Flying Knee+1","Malaise","Dodge and Roll+1","Noxious Fumes","Riddle With Holes+1","Apotheosis","Burst","Endless Agony+1","Blur+1","Dodge and Roll+1"],"relics":["Ring of the Snake","Oddly Smooth Stone","Letter Opener","Bag of Marbles","Mercury Hourglass","Juzu Bracelet","Calling Bell","Happy Flower","Darkstone Periapt","Prayer Wheel","WingedGreaves","Bottled Lightning","Vajra","Lantern","Sozu","Gambling Chip","MawBank","Art of War"],"potions_floor_usage":[12,12,20,20,28,45],"damage_taken":[{"damage":0,"enemies":"Small Slimes","floor":1,"turns":4},{"damage":0,"enemies":"Jaw Worm","floor":5,"turns":4},{"damage":28,"enemies":"Gremlin Nob","floor":7,"turns":4},{"damage":0,"enemies":"Cultist","floor":8,"turns":3},{"damage":2,"enemies":"3 Sentries","floor":12,"turns":5},{"damage":5,"enemies":"Red Slaver","floor":14,"turns":2},{"damage":18,"enemies":"Slime Boss","floor":16,"turns":8},{"damage":0,"enemies":"Chosen","floor":18,"turns":4},{"damage":7,"enemies":"Colosseum Slavers","floor":20,"turns":3},{"damage":21,"enemies":"Colosseum Nobs","floor":20,"turns":5},{"damage":19,"enemies":"2 Thieves","floor":24,"turns":2},{"damage":0,"enemies":"Centurion and Healer","floor":28,"turns":1},{"damage":18,"enemies":"Snake Plant","floor":29,"turns":3},{"damage":43,"enemies":"Automaton","floor":33,"turns":12},{"damage":0,"enemies":"3 Darklings","floor":35,"turns":1},{"damage":26,"enemies":"Mind Bloom Boss Battle","floor":37,"turns":6},{"damage":28,"enemies":"Giant Head","floor":40,"turns":9},{"damage":4,"enemies":"3 Shapes","floor":42,"turns":1},{"damage":17,"enemies":"Writhing Mass","floor":45,"turns":5},{"damage":0,"enemies":"4 Shapes","floor":48,"turns":2},{"damage":49,"enemies":"Awakened One","floor":50,"turns":15}],"seed_played":"-7294783983479101769","potions_obtained":[{"floor":1,"key":"EssenceOfSteel"},{"floor":7,"key":"Weak Potion"},{"floor":12,"key":"Block Potion"},{"floor":18,"key":"Poison Potion"},{"floor":24,"key":"Explosive Potion"},{"floor":29,"key":"Swift Potion"}],"is_trial":false,"path_per_floor":["M","$","?","?","M","R","E","M","T","R","$","E","R","M","R","B",null,"M","?","?","$","?","R","M","R","T","R","M","M","R","$","R","B",null,"M","$","?","?","$","E","R","M","T","R","M","R","?","M","R","B",null],"character_chosen":"THE_SILENT","items_purchased":["Poisoned Stab","Vajra","Backstab","Noxious Fumes","Apotheosis"],"campfire_rested":8,"item_purchase_floors":[2,21,21,36,39],"current_hp_per_floor":[70,70,63,63,63,63,35,35,35,56,56,54,54,49,70,52,70,70,70,42,42,42,63,44,44,44,65,65,47,68,68,68,25,70,70,70,44,50,50,22,44,40,40,62,45,67,67,67,67,18],"gold":360,"neow_bonus":"RANDOM_COMMON_RELIC","is_prod":false,"is_daily":false,"chose_seed":false,"campfire_upgraded":5,"win_rate":0,"timestamp":1558388523,"path_taken":["M","$","?","?","M","R","E","?","T","R","?","E","R","M","R","BOSS","M","?","?","$","?","R","M","R","T","R","M","M","R","?","R","BOSS","M","$","?","?","$","E","R","M","T","R","M","R","?","M","R","BOSS"],"build_version":"2019-01-23","purchased_purges":4,"victory":true,"max_hp_per_floor":[70,70,70,70,70,70,70,70,70,70,70,70,70,70,70,70,70,70,70,70,70,70,70,70,70,70,70,70,70,70,70,70,70,70,70,70,70,76,76,76,76,76,76,76,76,76,76,76,76,76],"card_choices":[{"not_picked":["Dash","Setup"],"picked":"Bouncing Flask","floor":1},{"not_picked":["Bane","Dagger Throw"],"picked":"Dagger Spray","floor":5},{"not_picked":["Dagger Spray","Bane"],"picked":"Sucker Punch","floor":7},{"not_picked":["Deflect","Outmaneuver","Setup"],"picked":"SKIP","floor":8},{"not_picked":["Reflex","Well Laid Plans"],"picked":"Deadly Poison","floor":12},{"not_picked":["Endless Agony","Dash"],"picked":"PiercingWail","floor":14},{"not_picked":["Night Terror","Storm of Steel"],"picked":"Corpse Explosion","floor":16},{"not_picked":["Eviscerate","Acrobatics"],"picked":"Backflip","floor":18},{"not_picked":["Dagger Throw","Deadly Poison","Slice"],"picked":"SKIP","floor":18},{"not_picked":["Expertise","Skewer"],"picked":"Footwork","floor":20},{"not_picked":["Poisoned Stab","PiercingWail"],"picked":"Dodge and Roll+1","floor":24},{"not_picked":["Distraction","Outmaneuver+1","Tactician"],"picked":"SKIP","floor":24},{"not_picked":["Deflect","Slice"],"picked":"Deadly Poison+1","floor":28},{"not_picked":["Sucker Punch","Dagger Throw","Prepared"],"picked":"SKIP","floor":28},{"not_picked":["Reflex+1","Deflect+1"],"picked":"Flying Knee+1","floor":29},{"not_picked":["Quick Slash+1","Riddle With Holes","Bane"],"picked":"SKIP","floor":29},{"not_picked":["Grand Finale","Bullet Time"],"picked":"Malaise","floor":33},{"not_picked":["Acrobatics","Dagger Spray+1"],"picked":"Dodge and Roll+1","floor":35},{"not_picked":["Finisher+1","Underhanded Strike+1","Deadly Poison+1"],"picked":"SKIP","floor":35},{"not_picked":["Blade Dance","Quick Slash"],"picked":"Riddle With Holes+1","floor":37},{"not_picked":["Poisoned Stab","Outmaneuver+1"],"picked":"Burst","floor":40},{"not_picked":["Outmaneuver","Infinite Blades"],"picked":"Endless Agony+1","floor":42},{"not_picked":["Bane+1","Prepared","Dodge and Roll+1"],"picked":"SKIP","floor":42},{"not_picked":["Deflect+1","Concentrate+1"],"picked":"Blur","floor":45},{"not_picked":["Quick Slash+1","Dagger Throw+1"],"picked":"Dodge and Roll+1","floor":45},{"not_picked":["Dagger Spray","Choke","Leg Sweep"],"picked":"SKIP","floor":48},{"not_picked":["Acrobatics","Dodge and Roll+1","Reflex+1"],"picked":"SKIP","floor":48}],"player_experience":167221,"relics_obtained":[{"floor":7,"key":"Bag of Marbles"},{"floor":9,"key":"Mercury Hourglass"},{"floor":12,"key":"Juzu Bracelet"},{"floor":17,"key":"Happy Flower"},{"floor":17,"key":"Darkstone Periapt"},{"floor":17,"key":"Prayer Wheel"},{"floor":20,"key":"WingedGreaves"},{"floor":20,"key":"Bottled Lightning"},{"floor":26,"key":"Lantern"},{"floor":37,"key":"Gambling Chip"},{"floor":40,"key":"MawBank"},{"floor":43,"key":"Art of War"}],"event_choices":[{"damage_healed":0,"gold_gain":0,"player_choice":"Success","damage_taken":7,"relics_obtained":["Letter Opener"],"max_hp_gain":0,"max_hp_loss":0,"event_name":"Scrap Ooze","floor":3,"gold_loss":0},{"damage_healed":0,"gold_gain":0,"cards_transformed":["Strike_G"],"player_choice":"Transformed","damage_taken":0,"max_hp_gain":0,"max_hp_loss":0,"event_name":"Transmorgrifier","floor":4,"gold_loss":0,"cards_obtained":["Well Laid Plans"]},{"damage_healed":0,"gold_gain":0,"cards_transformed":["Strike_G"],"player_choice":"Transformed","damage_taken":0,"max_hp_gain":0,"max_hp_loss":0,"event_name":"Transmorgrifier","floor":19,"gold_loss":0,"cards_obtained":["Endless Agony"]},{"damage_healed":0,"gold_gain":0,"player_choice":"Fight","damage_taken":0,"max_hp_gain":0,"max_hp_loss":0,"event_name":"Colosseum","floor":20,"gold_loss":0},{"damage_healed":0,"gold_gain":0,"player_choice":"Fought Nobs","damage_taken":0,"max_hp_gain":0,"max_hp_loss":0,"event_name":"Colosseum","floor":20,"gold_loss":0},{"damage_healed":0,"gold_gain":0,"player_choice":"Ignored","damage_taken":0,"max_hp_gain":0,"max_hp_loss":0,"event_name":"Beggar","floor":22,"gold_loss":0},{"damage_healed":0,"gold_gain":0,"player_choice":"Fight","damage_taken":0,"max_hp_gain":0,"max_hp_loss":0,"event_name":"MindBloom","floor":37,"gold_loss":0},{"damage_healed":0,"gold_gain":275,"player_choice":"Desecrate","damage_taken":0,"max_hp_gain":0,"max_hp_loss":0,"event_name":"Golden Shrine","floor":38,"gold_loss":0,"cards_obtained":["Regret"]},{"cards_removed":["Defend_G"],"damage_healed":0,"gold_gain":0,"player_choice":"Removed Skill","damage_taken":0,"max_hp_gain":0,"max_hp_loss":0,"event_name":"Falling","floor":47,"gold_loss":0}],"is_beta":false,"boss_relics":[{"not_picked":["White Beast Statue","Ring of the Serpent"],"picked":"Calling Bell"},{"not_picked":["Tiny House","Lizard Tail"],"picked":"Sozu"}],"items_purged_floors":[2,21,36,39],"is_endless":false,"potions_floor_spawned":[1,7,12,18,24,29,42,48],"ascension_level":3}