{"gold_per_floor":[119,119,132,57,75,105,105,125,125,158,168,186,196,213,213,285,285,305,404,404,430,37,37,53,71,71,88,88,106,106,106,106,178,178,192,113,335,335,95,95,130,144,169,169,169,180,180,195,195,195],"floor_reached":51,"playtime":4398,"items_purged":["Pain"],"score":1104,"play_id":"2e25dfa4-5bad-471f-b800-309a85a5c626","local_time":"20190407223816","is_ascension_mode":true,"campfire_choices":[{"floor":7,"key":"REST"},{"data":"Static Discharge","floor":15,"key":"SMITH"},{"data":"Buffer","floor":23,"key":"SMITH"},{"floor":32,"key":"REST"},{"data":"Electrodynamics","floor":40,"key":"SMITH"},{"floor":45,"key":"REST"},{"data":"Buffer","floor":47,"key":"SMITH"},{"data":"Defragment","floor":49,"key":"SMITH"}],"neow_cost":"NONE","seed_source_timestamp":127846939891100,"circlet_count":0,"master_deck":["AscendersBane","Strike_B+1","Strike_B+1","Strike_B+1","Strike_B+1","Defend_B+1","Defend_B+1","Defend_B+1","Defend_B+1","Zap","Dualcast","Conserve Battery","Self Repair","Leap+1","Static Discharge+1","Self Repair","Doom and Gloom","Redo","Electrodynamics+1","Cold Snap","Conserve Battery","Buffer+1","Coolheaded","Shame","Defragment+1","Heatsinks","Chill","Capacitor","Buffer+1","FTL+1","Lockon","Panacea","Dark Shackles","Discovery","Reprogram+1","Blizzard","Madness","Madness","Reinforced Body"],"relics":["Cracked Core","WarpedTongs","Cables","Pear","Blue Candle","Velvet Choker","War Paint","Red Mask","DataDisk","Mummified Hand","Dodecahedron","MutagenicStrength","Inserter","Bottled Tornado","Mercury Hourglass","Anchor"],"potions_floor_usage":[6,35,50,50],"damage_taken":[{"damage":6,"enemies":"Jaw Worm","floor":1,"turns":4},{"damage":3,"enemies":"Cultist","floor":3,"turns":3},{"damage":8,"enemies":"2 Louse","floor":5,"turns":3},{"damage":34,"enemies":"Gremlin Nob","floor":6,"turns":5},{"damage":8,"enemies":"Looter","floor":8,"turns":4},{"damage":18,"enemies":"Lagavulin","floor":10,"turns":7},{"damage":13,"enemies":"3 Louse","floor":11,"turns":3},{"damage":11,"enemies":"Blue Slaver","floor":12,"turns":3},{"damage":6,"enemies":"Looter","floor":13,"turns":3},{"damage":3,"enemies":"2 Fungi Beasts","floor":14,"turns":4},{"damage":37,"enemies":"Hexaghost","floor":16,"turns":7},{"damage":13,"enemies":"Chosen","floor":18,"turns":4},{"damage":48,"enemies":"Masked Bandits","floor":21,"turns":3},{"damage":21,"enemies":"3 Byrds","floor":24,"turns":3},{"damage":2,"enemies":"Shelled Parasite and Fungi","floor":25,"turns":6},{"damage":0,"enemies":"Sentry and Sphere","floor":27,"turns":5},{"damage":10,"enemies":"Centurion and Healer","floor":29,"turns":5},{"damage":39,"enemies":"Champ","floor":33,"turns":14},{"damage":22,"enemies":"3 Darklings","floor":35,"turns":7},{"damage":18,"enemies":"Giant Head","floor":41,"turns":10},{"damage":9,"enemies":"Orb Walker","floor":42,"turns":2},{"damage":1,"enemies":"4 Shapes","floor":46,"turns":4},{"damage":0,"enemies":"Spire Growth","floor":48,"turns":6},{"damage":31,"enemies":"Donu and Deca","floor":50,"turns":8}],"seed_played":"2812242485897103353","potions_obtained":[{"floor":5,"key":"Dexterity Potion"},{"floor":6,"key":"Swift Potion"},{"floor":8,"key":"Dexterity Potion"},{"floor":41,"key":"EssenceOfSteel"}],"is_trial":false,"path_per_floor":["M","?","M","$","M","E","R","M","T","E","M","M","M","M","R","B",null,"M","?","?","?","$","R","M","M","T","M","$","M","?","?","R","B",null,"M","$","?","?","$","R","E","M","T","?","R","M","R","M","R","B",null],"character_chosen":"DEFECT","items_purchased":["DataDisk","Mummified Hand","Lockon","Bottled Tornado"],"campfire_rested":3,"item_purchase_floors":[22,22,36,39],"current_hp_per_floor":[69,69,66,66,65,38,62,61,71,67,71,67,81,92,92,72,87,91,91,91,50,50,50,36,48,48,62,62,66,66,66,92,67,86,81,81,81,71,71,71,67,72,72,60,87,92,92,92,92,81],"gold":195,"neow_bonus":"TEN_PERCENT_HP_BONUS","is_prod":false,"is_daily":false,"chose_seed":false,"campfire_upgraded":5,"win_rate":0,"timestamp":1554691096,"path_taken":["M","?","M","$","?","E","R","M","T","E","M","M","M","M","R","BOSS","M","?","?","?","?","R","M","M","T","M","$","?","?","?","R","BOSS","M","$","?","?","$","R","E","M","T","?","R","M","R","M","R","BOSS"],"build_version":"2019-01-23","purchased_purges":1,"victory":true,"max_hp_per_floor":[82,82,82,82,82,82,82,82,92,92,92,92,92,92,92,92,92,92,92,92,92,92,92,92,92,92,92,92,92,92,92,92,92,92,92,92,92,92,92,92,92,92,92,92,92,92,92,92,92,92],"card_choices":[{"not_picked":["Beam Cell","Go for the Eyes"],"picked":"Conserve Battery","floor":1},{"not_picked":["Genetic Algorithm","Heatsinks"],"picked":"Self Repair","floor":3},{"not_picked":["Compile Driver","Barrage"],"picked":"Leap","floor":5},{"not_picked":["Hologram","Streamline"],"picked":"Static Discharge","floor":6},{"not_picked":["Hologram","Coolheaded"],"picked":"Self Repair","floor":8},{"not_picked":["Rebound","Machine Learning"],"picked":"Doom and Gloom","floor":10},{"not_picked":["Go for the Eyes","Undo"],"picked":"Redo","floor":11},{"not_picked":["Leap","Go for the Eyes"],"picked":"Electrodynamics","floor":12},{"not_picked":["Sweeping Beam","Aggregate"],"picked":"Cold Snap","floor":13},{"not_picked":["Leap","Barrage"],"picked":"Conserve Battery","floor":14},{"not_picked":["Fission","Amplify"],"picked":"Buffer","floor":16},{"not_picked":["Beam Cell","Aggregate"],"picked":"Coolheaded","floor":18},{"not_picked":["Steam","Doom and Gloom"],"picked":"Defragment","floor":24},{"not_picked":["Cold Snap","Ball Lightning"],"picked":"Heatsinks","floor":25},{"not_picked":["Turbo","Streamline"],"picked":"Chill","floor":27},{"not_picked":["Hologram","White Noise"],"picked":"Capacitor","floor":29},{"not_picked":["Reboot","Fission"],"picked":"Buffer","floor":33},{"not_picked":["Compile Driver+1","Conserve Battery"],"picked":"FTL+1","floor":35},{"not_picked":["Chrysalis","Flash of Steel"],"picked":"Panacea","floor":38},{"not_picked":["PanicButton","Flash of Steel"],"picked":"Dark Shackles","floor":38},{"not_picked":["Swift Strike","Jack Of All Trades"],"picked":"Discovery","floor":38},{"not_picked":["Gash","Scrape"],"picked":"Reprogram+1","floor":41},{"not_picked":["Reinforced Body","Defragment"],"picked":"Blizzard","floor":42},{"not_picked":["Hologram","Hello World","Gash"],"picked":"SKIP","floor":46},{"not_picked":["Cold Snap+1","Coolheaded"],"picked":"Reinforced Body","floor":48}],"player_experience":2604763,"relics_obtained":[{"floor":6,"key":"Cables"},{"floor":9,"key":"Pear"},{"floor":10,"key":"Blue Candle"},{"floor":21,"key":"Red Mask"},{"floor":26,"key":"Dodecahedron"},{"floor":41,"key":"Mercury Hourglass"},{"floor":43,"key":"Anchor"}],"event_choices":[{"damage_healed":0,"gold_gain":0,"player_choice":"Rummage","damage_taken":0,"relics_obtained":["WarpedTongs"],"max_hp_gain":0,"max_hp_loss":0,"event_name":"Accursed Blacksmith","floor":2,"gold_loss":0,"cards_obtained":["Pain"]},{"damage_healed":0,"gold_gain":99,"player_choice":"Stole From Cult","damage_taken":0,"max_hp_gain":0,"max_hp_loss":0,"event_name":"Nest","floor":19,"gold_loss":0},{"damage_healed":0,"gold_gain":0,"player_choice":"Stole Relic","damage_taken":0,"relics_obtained":["War Paint"],"max_hp_gain":0,"max_hp_loss":0,"event_name":"Addict","floor":20,"gold_loss":0,"cards_obtained":["Shame"]},{"damage_healed":0,"gold_gain":0,"player_choice":"Fought Bandits","damage_taken":0,"max_hp_gain":0,"max_hp_loss":0,"event_name":"Masked Bandits","floor":21,"gold_loss":0},{"damage_healed":0,"gold_gain":0,"player_choice":"Simplicity","damage_taken":0,"max_hp_gain":0,"max_hp_loss":0,"event_name":"Back to Basics","floor":30,"gold_loss":0,"cards_upgraded":["Strike_B","Strike_B","Strike_B","Strike_B","Defend_B","Defend_B","Defend_B"]},{"damage_healed":0,"gold_gain":0,"player_choice":"Inject Mutagens","damage_taken":0,"relics_obtained":["MutagenicStrength"],"max_hp_gain":0,"max_hp_loss":0,"event_name":"Drug Dealer","floor":31,"gold_loss":0},{"damage_healed":0,"gold_gain":222,"player_choice":"Wore Mask","damage_taken":0,"max_hp_gain":0,"max_hp_loss":0,"event_name":"Tomb of Lord Red Mask","floor":37,"gold_loss":0},{"damage_healed":0,"gold_gain":0,"player_choice":"Memory 3","damage_taken":10,"max_hp_gain":0,"max_hp_loss":0,"event_name":"SensoryStone","floor":38,"gold_loss":0},{"damage_healed":0,"gold_gain":0,"player_choice":"Embrace Madness","damage_taken":12,"max_hp_gain":0,"max_hp_loss":0,"event_name":"Winding Halls","floor":44,"gold_loss":0,"cards_obtained":["Madness","Madness"]}],"is_beta":false,"boss_relics":[{"not_picked":["Astrolabe","Orrery"],"picked":"Velvet Choker"},{"not_picked":["Fusion Hammer","Sozu"],"picked":"Inserter"}],"items_purged_floors":[4],"is_endless":false,"potions_floor_spawned":[5,6,8,12,16,18,27,29,33,41,48],"ascension_level":13}