{"gold_per_floor":[117,135,135,152,152,186,196,196,196,196,209,209,236,249,249,353,353,371,93,111,111,129,129],"floor_reached":23,"playtime":1032,"items_purged":[],"score":203,"play_id":"e4a6321b-6e4d-44f2-9931-37ed8b80d703","local_time":"20190401201803","is_ascension_mode":false,"campfire_choices":[{"floor":8,"key":"REST"},{"data":"Hologram","floor":10,"key":"SMITH"},{"data":"Redo","floor":12,"key":"SMITH"},{"floor":15,"key":"REST"}],"neow_cost":"NONE","seed_source_timestamp":719638091100175,"circlet_count":0,"master_deck":["Strike_B","Strike_B","Defend_B","Defend_B+1","Defend_B","Defend_B","Zap+1","Dualcast+1","Sweeping Beam","Redo+1","Multi-Cast","Hologram+1","Beam Cell","Ball Lightning","Defragment","Genetic Algorithm","Defragment","Barrage+1","Stack","All For One","Darkness+1"],"relics":["Cracked Core","Torii","Mercury Hourglass","Kunai","Inserter","DollysMirror"],"potions_floor_usage":[16,16,23],"damage_taken":[{"damage":4,"enemies":"Small Slimes","floor":1,"turns":3},{"damage":0,"enemies":"2 Louse","floor":2,"turns":2},{"damage":6,"enemies":"Cultist","floor":4,"turns":3},{"damage":38,"enemies":"Gremlin Nob","floor":6,"turns":4},{"damage":1,"enemies":"2 Fungi Beasts","floor":7,"turns":3},{"damage":1,"enemies":"Exordium Thugs","floor":11,"turns":2},{"damage":19,"enemies":"Lagavulin","floor":13,"turns":5},{"damage":8,"enemies":"3 Louse","floor":14,"turns":2},{"damage":36,"enemies":"The Guardian","floor":16,"turns":9},{"damage":2,"enemies":"Chosen","floor":18,"turns":3},{"damage":21,"enemies":"3 Byrds","floor":20,"turns":3},{"damage":23,"enemies":"Snake Plant","floor":22,"turns":4},{"damage":39,"enemies":"Slavers","floor":23,"turns":2}],"seed_played":"-4521377893443644320","potions_obtained":[{"floor":2,"key":"LiquidBronze"},{"floor":4,"key":"FocusPotion"},{"floor":11,"key":"Block Potion"},{"floor":18,"key":"PowerPotion"}],"is_trial":false,"path_per_floor":["M","M","?","M","?","E","M","R","T","R","M","R","E","M","R","B",null,"M","$","M","?","M","E"],"character_chosen":"DEFECT","items_purchased":["Genetic Algorithm","DollysMirror"],"campfire_rested":2,"item_purchase_floors":[19,19],"current_hp_per_floor":[78,78,62,56,56,18,17,41,41,41,40,40,21,13,37,1,82,80,80,59,59,36,0],"gold":129,"neow_bonus":"TEN_PERCENT_HP_BONUS","is_prod":false,"is_daily":false,"chose_seed":false,"campfire_upgraded":2,"win_rate":0.0,"timestamp":1554142683,"path_taken":["M","M","?","M","?","E","M","R","T","R","M","R","E","M","R","BOSS","M","$","M","?","M","E"],"build_version":"2019-03-15","purchased_purges":0,"victory":false,"max_hp_per_floor":[82,82,82,82,82,82,82,82,82,82,82,82,82,82,82,82,82,82,82,82,82,82,82],"card_choices":[{"not_picked":["Gash","Hologram"],"picked":"Sweeping Beam","floor":1},{"not_picked":["Chill","Compile Driver","Lockon"],"picked":"SKIP","floor":2},{"not_picked":["Go for the Eyes","Tempest"],"picked":"Redo","floor":4},{"not_picked":["Steam","Steam Power"],"picked":"Multi-Cast","floor":6},{"not_picked":["Rebound","Beam Cell"],"picked":"Hologram","floor":7},{"not_picked":["Heatsinks","Rebound"],"picked":"Beam Cell","floor":11},{"not_picked":["Thunder Strike","Echo Form"],"picked":"Ball Lightning","floor":13},{"not_picked":["Go for the Eyes","Rip and Tear","Double Energy"],"picked":"SKIP","floor":14},{"not_picked":["Redo","Compile Driver"],"picked":"Defragment","floor":18},{"not_picked":["Skim","Beam Cell"],"picked":"Barrage+1","floor":20},{"not_picked":["Cold Snap+1","Steam Power+1"],"picked":"Darkness+1","floor":22}],"player_experience":1110393,"relics_obtained":[{"floor":6,"key":"Torii"},{"floor":9,"key":"Mercury Hourglass"},{"floor":13,"key":"Kunai"}],"event_choices":[{"damage_healed":0,"gold_gain":0,"player_choice":"Entered Light","damage_taken":16,"max_hp_gain":0,"max_hp_loss":0,"event_name":"Shining Light","floor":3,"gold_loss":0,"cards_upgraded":["Dualcast","Defend_B"]},{"damage_healed":0,"gold_gain":0,"player_choice":"Upgraded","damage_taken":0,"max_hp_gain":0,"max_hp_loss":0,"event_name":"Upgrade Shrine","floor":5,"gold_loss":0,"cards_upgraded":["Zap"]},{"damage_healed":0,"gold_gain":0,"cards_transformed":["Strike_B","Strike_B"],"player_choice":"Became Test Subject","damage_taken":0,"max_hp_gain":0,"max_hp_loss":0,"event_name":"Drug Dealer","floor":21,"gold_loss":0,"cards_obtained":["Stack","All For One"]}],"is_beta":true,"boss_relics":[{"not_picked":["Runic Dome","Ectoplasm"],"picked":"Inserter"}],"items_purged_floors":[],"is_endless":false,"potions_floor_spawned":[2,4,11,13,18],"killed_by":"Slavers","ascension_level":0}