{"gold_per_floor":[116,133,133,149,159,159,159,159,182,210,57,77,77,103,103,206,206,225,225,225,225,243,269,18,18,73,84,114,129,129,23,23,127,177,191,291,291,291,304,304,332,349,349,349,349,349,14,29,29,29],"floor_reached":51,"playtime":2378,"items_purged":["Strike_B"],"score":838,"play_id":"c964c13a-1c9f-42d0-a20e-404d407d80c6","local_time":"20190417120206","is_ascension_mode":true,"campfire_choices":[{"data":"Loop","floor":6,"key":"SMITH"},{"data":"Zap","floor":8,"key":"SMITH"},{"data":"Hologram","floor":13,"key":"SMITH"},{"data":"Streamline","floor":15,"key":"SMITH"},{"floor":25,"key":"REST"},{"floor":30,"key":"REST"},{"floor":32,"key":"REST"},{"data":"Buffer","floor":40,"key":"SMITH"},{"floor":46,"key":"REST"},{"floor":49,"key":"REST"}],"neow_cost":"NONE","seed_source_timestamp":2070924217909669,"circlet_count":0,"master_deck":["Strike_B+1","Strike_B+1","Defend_B","Defend_B+1","Defend_B","Defend_B","Zap+1","Dualcast","Loop+1","Streamline+1","FTL","Hologram+1","Sweeping Beam","Genetic Algorithm","Leap+1","Cold Snap","Coolheaded+1","Redo+1","Echo Form","Redo+1","Consume+1","Capacitor","Buffer+1","Self Repair","Steam+1","Ball Lightning+1","Capacitor","Redo+1"],"relics":["Cracked Core","FaceOfCleric","Bag of Preparation","Whetstone","Boot","Nuclear Battery","Toxic Egg 2","Bottled Lightning","Runic Capacitor","PreservedInsect","Orichalcum","Tiny House","Ice Cream","Turnip","Dodecahedron","Lantern"],"potions_floor_usage":[16,16,28,33,33,36,42,50,50,50],"damage_taken":[{"damage":3,"enemies":"Jaw Worm","floor":1,"turns":4},{"damage":1,"enemies":"Cultist","floor":2,"turns":3},{"damage":0,"enemies":"Small Slimes","floor":4,"turns":3},{"damage":4,"enemies":"Red Slaver","floor":5,"turns":4},{"damage":17,"enemies":"3 Sentries","floor":10,"turns":5},{"damage":11,"enemies":"Blue Slaver","floor":12,"turns":3},{"damage":21,"enemies":"Lagavulin","floor":14,"turns":5},{"damage":21,"enemies":"The Guardian","floor":16,"turns":6},{"damage":11,"enemies":"Spheric Guardian","floor":18,"turns":3},{"damage":9,"enemies":"Shell Parasite","floor":22,"turns":4},{"damage":36,"enemies":"Slavers","floor":23,"turns":4},{"damage":24,"enemies":"Shelled Parasite and Fungi","floor":27,"turns":4},{"damage":18,"enemies":"Gremlin Leader","floor":28,"turns":4},{"damage":17,"enemies":"Snake Plant","floor":29,"turns":4},{"damage":24,"enemies":"Champ","floor":33,"turns":7},{"damage":19,"enemies":"3 Shapes","floor":35,"turns":4},{"damage":5,"enemies":"Mind Bloom Boss Battle","floor":36,"turns":9},{"damage":35,"enemies":"3 Darklings","floor":39,"turns":7},{"damage":19,"enemies":"Giant Head","floor":41,"turns":9},{"damage":32,"enemies":"Spire Growth","floor":42,"turns":5},{"damage":0,"enemies":"Sphere and 2 Shapes","floor":48,"turns":6},{"damage":52,"enemies":"Time Eater","floor":50,"turns":11}],"seed_played":"-4266344678269451683","potions_obtained":[{"floor":2,"key":"SkillPotion"},{"floor":4,"key":"Swift Potion"},{"floor":12,"key":"SmokeBomb"},{"floor":14,"key":"PowerPotion"},{"floor":22,"key":"Strength Potion"},{"floor":23,"key":"SkillPotion"},{"floor":27,"key":"Fire Potion"},{"floor":33,"key":"Strength Potion"},{"floor":34,"key":"Block Potion"},{"floor":41,"key":"Fire Potion"},{"floor":48,"key":"AttackPotion"}],"is_trial":false,"path_per_floor":["M","M","?","M","M","R","?","R","T","E","$","M","R","E","R","B",null,"M","?","?","T","M","E","$","R","T","M","E","M","R","$","R","B",null,"M","?","?","?","M","R","E","M","T","?","?","R","$","M","R","B",null],"character_chosen":"DEFECT","items_purchased":["Hologram","Sweeping Beam","Redo+1","Runic Capacitor","Consume+1","Capacitor","Capacitor","Redo+1","Lantern","Regen Potion"],"campfire_rested":5,"item_purchase_floors":[11,11,24,24,31,31,47,47,47,47],"current_hp_per_floor":[79,78,78,79,76,76,76,76,76,60,60,50,50,30,30,10,88,78,78,78,78,70,35,35,62,62,39,22,6,34,34,62,39,100,82,92,92,92,58,58,47,30,30,30,30,61,61,62,93,64],"gold":29,"neow_bonus":"TEN_PERCENT_HP_BONUS","is_prod":false,"is_daily":false,"chose_seed":false,"campfire_upgraded":5,"win_rate":0,"timestamp":1555495326,"path_taken":["M","M","?","M","?","R","?","R","T","E","$","M","R","E","R","BOSS","M","?","?","?","?","E","$","R","T","?","E","M","R","$","R","BOSS","M","?","?","?","M","R","E","?","T","?","?","R","$","M","R","BOSS"],"build_version":"2019-04-04","purchased_purges":1,"victory":true,"max_hp_per_floor":[82,82,82,83,84,84,84,84,84,85,85,86,86,87,87,88,88,89,89,89,89,90,91,91,91,91,92,93,94,94,94,94,95,100,101,102,102,102,103,103,104,105,105,105,105,105,105,106,106,107],"card_choices":[{"not_picked":["Ball Lightning","Hello World"],"picked":"Loop","floor":1},{"not_picked":["Hologram","Recycle"],"picked":"Streamline","floor":2},{"not_picked":["Go for the Eyes","Conserve Battery","Reprogram"],"picked":"SKIP","floor":4},{"not_picked":["Conserve Battery","Rip and Tear"],"picked":"FTL","floor":5},{"not_picked":["Glacier","Turbo"],"picked":"Doom and Gloom","floor":10},{"not_picked":["Beam Cell","Cold Snap","Barrage"],"picked":"SKIP","floor":12},{"not_picked":["Reboot","Sweeping Beam"],"picked":"Genetic Algorithm","floor":14},{"not_picked":["Sweeping Beam+1","Force Field+1"],"picked":"Leap+1","floor":18},{"not_picked":["Stack+1","Conserve Battery+1","Rebound"],"picked":"SKIP","floor":22},{"not_picked":["Ball Lightning","Aggregate+1"],"picked":"Coolheaded+1","floor":23},{"not_picked":["Storm","Compile Driver"],"picked":"Echo Form","floor":27},{"not_picked":["Coolheaded+1","Go for the Eyes","Double Energy+1"],"picked":"SKIP","floor":28},{"not_picked":["Sweeping Beam","Stack+1"],"picked":"Redo+1","floor":29},{"not_picked":["Reboot+1","Amplify+1"],"picked":"Buffer","floor":33},{"not_picked":["Ball Lightning","Rebound+1"],"picked":"Self Repair","floor":34},{"not_picked":["Sweeping Beam","Coolheaded+1"],"picked":"Steam+1","floor":35},{"not_picked":["Compile Driver+1","Doom and Gloom","Turbo+1"],"picked":"SKIP","floor":39},{"not_picked":["Storm+1","Hello World","Stack+1"],"picked":"SKIP","floor":41},{"not_picked":["Loop","Reboot+1"],"picked":"Ball Lightning+1","floor":42},{"not_picked":["Stack+1","Ball Lightning+1","Sweeping Beam+1"],"picked":"SKIP","floor":48}],"player_experience":1128952,"relics_obtained":[{"floor":9,"key":"Bag of Preparation"},{"floor":10,"key":"Whetstone"},{"floor":14,"key":"Boot"},{"floor":21,"key":"Toxic Egg 2"},{"floor":23,"key":"Bottled Lightning"},{"floor":26,"key":"PreservedInsect"},{"floor":28,"key":"Orichalcum"},{"floor":36,"key":"Ice Cream"},{"floor":41,"key":"Turnip"},{"floor":43,"key":"Dodecahedron"}],"event_choices":[{"damage_healed":0,"gold_gain":0,"player_choice":"Trade","damage_taken":0,"relics_obtained":["FaceOfCleric"],"max_hp_gain":0,"max_hp_loss":0,"event_name":"FaceTrader","floor":3,"gold_loss":0},{"cards_removed":["Strike_B"],"damage_healed":0,"gold_gain":0,"player_choice":"Purged","damage_taken":0,"max_hp_gain":0,"max_hp_loss":0,"event_name":"Purifier","floor":7,"gold_loss":0},{"damage_healed":0,"gold_gain":0,"player_choice":"Read","damage_taken":0,"max_hp_gain":0,"max_hp_loss":0,"event_name":"The Library","floor":19,"gold_loss":0,"cards_obtained":["Cold Snap"]},{"damage_healed":0,"gold_gain":0,"player_choice":"Ignored","damage_taken":0,"max_hp_gain":0,"max_hp_loss":0,"event_name":"Vampires","floor":20,"gold_loss":0},{"damage_healed":0,"gold_gain":0,"player_choice":"Fight","damage_taken":0,"max_hp_gain":0,"max_hp_loss":0,"event_name":"MindBloom","floor":36,"gold_loss":0},{"damage_healed":0,"gold_gain":0,"player_choice":"Memory 1","damage_taken":0,"max_hp_gain":0,"max_hp_loss":0,"event_name":"SensoryStone","floor":37,"gold_loss":0},{"damage_healed":0,"gold_gain":0,"player_choice":"Ignored","damage_taken":0,"max_hp_gain":0,"max_hp_loss":0,"event_name":"Tomb of Lord Red Mask","floor":38,"gold_loss":0},{"damage_healed":0,"gold_gain":0,"player_choice":"Ignored","damage_taken":0,"max_hp_gain":0,"max_hp_loss":0,"event_name":"Mysterious Sphere","floor":44,"gold_loss":0},{"cards_removed":["Doom and Gloom"],"damage_healed":0,"gold_gain":0,"player_choice":"Removed Attack","damage_taken":0,"max_hp_gain":0,"max_hp_loss":0,"event_name":"Falling","floor":45,"gold_loss":0}],"is_beta":true,"boss_relics":[{"not_picked":["FrozenCore","Astrolabe"],"picked":"Nuclear Battery"},{"not_picked":["Lizard Tail","Runic Dome"],"picked":"Tiny House"}],"items_purged_floors":[11],"is_endless":false,"potions_floor_spawned":[2,4,12,14,22,23,27,33,41,48],"ascension_level":2}