{"gold_per_floor":[109,129,31,43,43,75,75,88,161,172,189,208,208,228,228,327,327,346,335,39,57,74,74,74,74,97,122,122],"floor_reached":28,"playtime":1556,"items_purged":["Strike_R"],"score":268,"play_id":"29478512-0002-4f56-bcba-50027b0fff1e","local_time":"20180831200752","is_ascension_mode":true,"campfire_choices":[{"data":"Armaments","floor":7,"key":"SMITH"},{"data":"Armaments","floor":13,"key":"SMITH"},{"data":"Barricade","floor":15,"key":"SMITH"},{"floor":23,"key":"REST"},{"floor":25,"key":"REST"}],"neow_cost":"TEN_PERCENT_HP_LOSS","seed_source_timestamp":71667203778414,"circlet_count":0,"master_deck":["Strike_R+1","Strike_R","Strike_R+1","Strike_R","Defend_R","Defend_R","Defend_R","Defend_R","Bash","Flex","Armaments+1","Armaments+1","Iron Wave","Flex","Barricade+1","Evolve","Demon Form","Armaments+1","Pommel Strike","Heavy Blade","Anger+1"],"relics":["Burning Blood","Dead Branch","Mango","Question Card","Busted Crown","StoneCalendar","Ancient Tea Set","Juzu Bracelet"],"potions_floor_usage":[6,14,14,14,14,16,19,22,27],"damage_taken":[{"damage":15,"enemies":"2 Louse","floor":1,"turns":4},{"damage":9,"enemies":"Jaw Worm","floor":2,"turns":3},{"damage":1,"enemies":"Cultist","floor":4,"turns":3},{"damage":19,"enemies":"3 Sentries","floor":6,"turns":8},{"damage":3,"enemies":"3 Louse","floor":8,"turns":4},{"damage":0,"enemies":"Exordium Wildlife","floor":10,"turns":3},{"damage":3,"enemies":"Blue Slaver","floor":11,"turns":4},{"damage":0,"enemies":"Looter","floor":12,"turns":4},{"damage":22,"enemies":"Lots of Slimes","floor":14,"turns":8},{"damage":47,"enemies":"Slime Boss","floor":16,"turns":10},{"damage":24,"enemies":"Shell Parasite","floor":18,"turns":8},{"damage":31,"enemies":"2 Thieves","floor":19,"turns":4},{"damage":12,"enemies":"Centurion and Healer","floor":21,"turns":10},{"damage":19,"enemies":"Snake Plant","floor":22,"turns":4},{"damage":46,"enemies":"Book of Stabbing","floor":27,"turns":7},{"damage":31,"enemies":"Snecko","floor":28,"turns":3}],"seed_played":"-222815049260967623","potions_obtained":[{"floor":4,"key":"EntropicBrew"},{"floor":16,"key":"Explosive Potion"},{"floor":19,"key":"Weak Potion"},{"floor":21,"key":"Poison Potion"}],"is_trial":false,"path_per_floor":["M","M","$","M","?","E","R","M","T","M","M","M","R","M","R","B",null,"M","M","$","M","M","R","?","R","T","E"],"character_chosen":"IRONCLAD","items_purchased":["Armaments","StoneCalendar"],"campfire_rested":2,"item_purchase_floors":[3,20],"current_hp_per_floor":[63,60,60,65,51,52,52,55,55,61,64,70,70,54,54,13,86,68,43,43,37,24,49,32,59,59,19,0],"gold":122,"neow_bonus":"ONE_RARE_RELIC","is_prod":false,"is_daily":false,"chose_seed":false,"campfire_upgraded":3,"win_rate":0,"timestamp":1535760472,"path_taken":["M","M","$","M","?","E","R","M","T","M","M","M","R","?","R","BOSS","M","M","$","M","M","R","?","R","T","E","M"],"build_version":"2018-08-30","purchased_purges":1,"victory":false,"max_hp_per_floor":[72,72,72,72,72,86,86,86,86,86,86,86,86,86,86,86,86,86,86,86,86,86,86,91,91,91,91,91],"card_choices":[{"not_picked":["Wild Strike","Perfected Strike"],"picked":"Flex","floor":1},{"not_picked":["Rage","Cleave"],"picked":"Armaments","floor":2},{"not_picked":["Armaments","Disarm","Havoc"],"picked":"SKIP","floor":4},{"not_picked":["Reaper","Hemokinesis"],"picked":"Iron Wave","floor":6},{"not_picked":["Armaments","Second Wind","Twin Strike"],"picked":"SKIP","floor":8},{"not_picked":["Anger","Warcry","Sword Boomerang"],"picked":"Flex","floor":10},{"not_picked":["Heavy Blade","Rampage","Pummel"],"picked":"Barricade","floor":11},{"not_picked":["Anger","Armaments","Perfected Strike"],"picked":"Evolve","floor":12},{"not_picked":["Clothesline","Anger","Barricade","Headbutt"],"picked":"SKIP","floor":14},{"not_picked":["Barricade","Brutality","Dark Embrace"],"picked":"Demon Form","floor":16},{"not_picked":["Iron Wave","Havoc"],"picked":"SKIP","floor":18},{"not_picked":["Shrug It Off"],"picked":"Armaments+1","floor":19},{"not_picked":["Sever Soul"],"picked":"Pommel Strike","floor":21},{"not_picked":["Twin Strike"],"picked":"Heavy Blade","floor":22},{"not_picked":["Disarm"],"picked":"Anger+1","floor":27}],"player_experience":697396,"relics_obtained":[{"floor":6,"key":"Mango"},{"floor":9,"key":"Question Card"},{"floor":26,"key":"Ancient Tea Set"},{"floor":27,"key":"Juzu Bracelet"}],"event_choices":[{"event_name":"Shining Light","player_choice":"Entered Light","floor":5,"damage_taken":0},{"event_name":"Forgotten Altar","player_choice":"Shed Blood","floor":24,"damage_taken":0}],"is_beta":false,"boss_relics":[{"not_picked":["White Beast Statue","Orrery"],"picked":"Busted Crown"}],"items_purged_floors":[3],"is_endless":false,"potions_floor_spawned":[4,8,12,16,19,21],"killed_by":"Snecko","ascension_level":2}