{"gold_per_floor":[112,37,55,68,68,96,96,107,132,132],"floor_reached":10,"playtime":244,"items_purged":[],"score":136,"play_id":"ddd07ae5-b73b-497d-a8ab-7b0b4034ea56","local_time":"20190515175207","is_ascension_mode":true,"campfire_choices":[{"data":"Coolheaded","floor":7,"key":"SMITH"}],"neow_cost":"NONE","seed_source_timestamp":2087132246386478,"circlet_count":0,"master_deck":["AscendersBane","Strike_B","Strike_B","Strike_B","Defend_B","Defend_B","Defend_B","Defend_B","Zap","Dualcast","Compile Driver","Coolheaded+1","Ball Lightning","Ball Lightning","White Noise"],"relics":["Cracked Core","NeowsBlessing","Lantern","Dream Catcher","Oddly Smooth Stone"],"potions_floor_usage":[6],"damage_taken":[{"damage":0,"enemies":"2 Louse","floor":1,"turns":1},{"damage":0,"enemies":"Small Slimes","floor":3,"turns":1},{"damage":0,"enemies":"Jaw Worm","floor":4,"turns":1},{"damage":35,"enemies":"3 Sentries","floor":6,"turns":8},{"damage":0,"enemies":"Exordium Wildlife","floor":8,"turns":3},{"damage":22,"enemies":"Lagavulin","floor":10,"turns":3}],"seed_played":"8413471675377222868","potions_obtained":[{"floor":1,"key":"Ancient Potion"},{"floor":4,"key":"GamblersBrew"}],"is_trial":false,"path_per_floor":["M","?","M","M","?","E","R","M","T","E"],"character_chosen":"DEFECT","items_purchased":[],"campfire_rested":0,"item_purchase_floors":[],"current_hp_per_floor":[64,64,64,64,53,18,18,18,18,0],"gold":132,"neow_bonus":"THREE_ENEMY_KILL","is_prod":false,"is_daily":false,"chose_seed":false,"campfire_upgraded":1,"win_rate":0,"timestamp":1557935527,"path_taken":["M","?","M","M","?","E","R","?","T","E"],"build_version":"2019-05-07","purchased_purges":0,"victory":false,"max_hp_per_floor":[71,71,71,71,71,71,71,71,71,71],"card_choices":[{"not_picked":["Force Field","Turbo"],"picked":"Compile Driver","floor":1},{"not_picked":["Turbo","Recycle"],"picked":"Coolheaded","floor":3},{"not_picked":["Leap","Sweeping Beam"],"picked":"Ball Lightning","floor":4},{"not_picked":["Lockon","Barrage"],"picked":"Ball Lightning","floor":6},{"not_picked":["Chaos","Beam Cell"],"picked":"White Noise","floor":8}],"player_experience":1913839,"relics_obtained":[{"floor":6,"key":"Dream Catcher"},{"floor":9,"key":"Oddly Smooth Stone"}],"event_choices":[{"cards_removed":["Strike_B"],"damage_healed":0,"gold_gain":0,"player_choice":"Card Removal","damage_taken":0,"max_hp_gain":0,"max_hp_loss":0,"event_name":"The Cleric","floor":2,"gold_loss":75},{"damage_healed":0,"gold_gain":0,"player_choice":"Success","damage_taken":11,"relics_obtained":["Lantern"],"max_hp_gain":0,"max_hp_loss":0,"event_name":"Scrap Ooze","floor":5,"gold_loss":0}],"is_beta":true,"boss_relics":[],"items_purged_floors":[],"is_endless":false,"potions_floor_spawned":[1,4],"killed_by":"Lagavulin","ascension_level":20}