{"gold_per_floor":[111,130,130,143,1,1,33,33,56,70,70,70],"floor_reached":12,"playtime":415,"items_purged":[],"score":148,"play_id":"3eb017c0-e9a9-438c-ad3c-aa746409189b","local_time":"20190506125307","is_ascension_mode":true,"campfire_choices":[{"data":"Stack","floor":6,"key":"SMITH"},{"data":"Conserve Battery","floor":8,"key":"SMITH"}],"neow_cost":"NONE","seed_source_timestamp":1291421412081149,"circlet_count":0,"master_deck":["AscendersBane","Strike_B","Strike_B","Strike_B","Strike_B","Defend_B","Defend_B","Defend_B","Defend_B","Zap","Dualcast","Madness","Leap","Coolheaded","Stack+1","Self Repair","Sweeping Beam","Conserve Battery+1","Gash"],"relics":["Cracked Core","Strawberry","Oddly Smooth Stone","Blood Vial"],"potions_floor_usage":[7],"damage_taken":[{"damage":3,"enemies":"2 Louse","floor":1,"turns":3},{"damage":2,"enemies":"Cultist","floor":2,"turns":4},{"damage":14,"enemies":"Small Slimes","floor":4,"turns":4},{"damage":15,"enemies":"Lagavulin","floor":7,"turns":9},{"damage":2,"enemies":"Blue Slaver","floor":10,"turns":4},{"damage":31,"enemies":"Gremlin Nob","floor":12,"turns":3}],"seed_played":"8710779868522185756","potions_obtained":[{"floor":2,"key":"Fire Potion"},{"floor":4,"key":"PowerPotion"}],"is_trial":false,"path_per_floor":["M","M","?","M","$","R","E","R","T","M","?","E"],"character_chosen":"DEFECT","items_purchased":["Self Repair","Sweeping Beam"],"campfire_rested":0,"item_purchase_floors":[5,5],"current_hp_per_floor":[61,59,59,45,45,45,44,44,44,49,23,0],"gold":70,"neow_bonus":"RANDOM_COLORLESS","is_prod":false,"is_daily":false,"chose_seed":false,"campfire_upgraded":2,"win_rate":0,"timestamp":1557139987,"path_taken":["M","M","?","?","$","R","E","R","T","M","?","E"],"build_version":"2019-04-23","purchased_purges":0,"victory":false,"max_hp_per_floor":[71,71,71,71,71,71,78,78,78,78,78,78],"card_choices":[{"not_picked":["Double Energy","Beam Cell"],"picked":"Leap","floor":1},{"not_picked":["Chaos","Reprogram"],"picked":"Coolheaded","floor":2},{"not_picked":["Conserve Battery","Steam"],"picked":"Stack","floor":4},{"not_picked":["Rebound","Consume"],"picked":"Conserve Battery","floor":7},{"not_picked":["Ball Lightning","Streamline"],"picked":"Gash","floor":10}],"player_experience":1538737,"relics_obtained":[{"floor":7,"key":"Strawberry"},{"floor":9,"key":"Oddly Smooth Stone"}],"event_choices":[{"damage_healed":0,"gold_gain":0,"player_choice":"0 cards matched","damage_taken":0,"max_hp_gain":0,"max_hp_loss":0,"event_name":"Match and Keep!","floor":3,"gold_loss":0,"cards_obtained":[]},{"damage_healed":0,"gold_gain":0,"player_choice":"Success","damage_taken":26,"relics_obtained":["Blood Vial"],"max_hp_gain":0,"max_hp_loss":0,"event_name":"Scrap Ooze","floor":11,"gold_loss":0}],"is_beta":true,"boss_relics":[],"items_purged_floors":[],"is_endless":false,"potions_floor_spawned":[2,4],"killed_by":"Gremlin Nob","ascension_level":18}