{"gold_per_floor":[112,5,17,167,92,127,147,147,147,163,181,181,213,224,224,299,299,311,8,8,21,21,51,51,68,119,150,150,166,196,118,118,118],"floor_reached":33,"playtime":1962,"items_purged":["Doubt","Strike_B"],"score":654,"play_id":"a5a17d69-813e-4a54-ac50-3e5a570bd8b8","local_time":"20190503135106","is_ascension_mode":true,"campfire_choices":[{"data":"Coolheaded","floor":8,"key":"SMITH"},{"data":"Defragment","floor":12,"key":"SMITH"},{"data":"Sunder","floor":15,"key":"SMITH"},{"data":"Biased Cognition","floor":24,"key":"SMITH"},{"floor":32,"key":"REST"}],"neow_cost":"NONE","seed_source_timestamp":1034153704999870,"circlet_count":0,"master_deck":["AscendersBane","Strike_B","Strike_B","Strike_B","Defend_B","Defend_B","Defend_B","Defend_B","Zap","Dualcast","Coolheaded+1","Sunder+1","Barrage","Glacier","Leap","Auto Shields","Conserve Battery+1","Defragment+1","Core Surge","Ball Lightning","Biased Cognition+1","Go for the Eyes","Ball Lightning","Sweeping Beam","Self Repair","Reinforced Body+1","Leap+1","Defragment","Chill+1","Hologram+1","Genetic Algorithm+1","Conserve Battery+1","Capacitor","Hologram+1","Buffer"],"relics":["Cracked Core","NeowsBlessing","DataDisk","Toxic Egg 2","Bag of Preparation","Orrery","Membership Card","Ice Cream","Juzu Bracelet","Boot","Unceasing Top"],"potions_floor_usage":[10,13,13,16,21,23,33],"damage_taken":[{"damage":0,"enemies":"2 Louse","floor":1,"turns":1},{"damage":0,"enemies":"Jaw Worm","floor":3,"turns":1},{"damage":0,"enemies":"3 Sentries","floor":6,"turns":1},{"damage":0,"enemies":"Small Slimes","floor":7,"turns":2},{"damage":1,"enemies":"Blue Slaver","floor":10,"turns":2},{"damage":14,"enemies":"Large Slime","floor":11,"turns":5},{"damage":1,"enemies":"Lagavulin","floor":13,"turns":6},{"damage":8,"enemies":"3 Louse","floor":14,"turns":4},{"damage":29,"enemies":"Hexaghost","floor":16,"turns":11},{"damage":0,"enemies":"Chosen","floor":18,"turns":5},{"damage":19,"enemies":"Shell Parasite","floor":21,"turns":5},{"damage":26,"enemies":"Book of Stabbing","floor":23,"turns":8},{"damage":1,"enemies":"Chosen and Byrds","floor":25,"turns":7},{"damage":26,"enemies":"Slavers","floor":27,"turns":7},{"damage":6,"enemies":"Centurion and Healer","floor":29,"turns":10},{"damage":14,"enemies":"Book of Stabbing","floor":30,"turns":7},{"damage":41,"enemies":"Collector","floor":33,"turns":15}],"seed_played":"-2628936838649250957","potions_obtained":[{"floor":1,"key":"PowerPotion"},{"floor":7,"key":"Fire Potion"},{"floor":10,"key":"Fruit Juice"},{"floor":14,"key":"SpeedPotion"},{"floor":16,"key":"Regen Potion"},{"floor":21,"key":"Block Potion"},{"floor":27,"key":"SmokeBomb"},{"floor":30,"key":"SmokeBomb"}],"is_trial":false,"path_per_floor":["M","$","M","?","$","E","M","R","T","M","M","R","E","M","R","B",null,"M","$","?","M","?","E","R","M","T","E","?","M","E","$","R","B"],"character_chosen":"DEFECT","items_purchased":["Sunder","Barrage","Membership Card","Defragment","Chill+1","PowerPotion"],"campfire_rested":1,"item_purchase_floors":[2,2,19,19,19,31],"current_hp_per_floor":[64,64,64,64,64,64,64,64,64,63,49,49,53,45,45,16,61,68,68,68,70,70,51,51,57,57,38,16,17,10,10,34,0],"gold":118,"neow_bonus":"THREE_ENEMY_KILL","is_prod":false,"is_daily":false,"chose_seed":false,"campfire_upgraded":4,"win_rate":0,"timestamp":1556884266,"path_taken":["M","$","M","?","$","E","M","R","T","M","M","R","E","M","R","BOSS","M","$","?","M","?","E","R","M","T","E","?","M","E","$","R","BOSS"],"build_version":"2019-04-23","purchased_purges":2,"victory":false,"max_hp_per_floor":[71,71,71,71,71,71,71,71,71,71,71,71,76,76,76,76,76,76,76,76,76,76,76,76,76,76,76,81,81,81,81,81,81],"card_choices":[{"not_picked":["Auto Shields","Rebound"],"picked":"Coolheaded","floor":1},{"not_picked":["Blizzard","Streamline"],"picked":"Glacier","floor":3},{"not_picked":["Steam","Cold Snap"],"picked":"Leap","floor":6},{"not_picked":["Aggregate","Leap"],"picked":"Auto Shields","floor":7},{"not_picked":["Beam Cell","Sweeping Beam"],"picked":"Conserve Battery+1","floor":10},{"not_picked":["Conserve Battery+1","Chill+1"],"picked":"Defragment","floor":11},{"not_picked":["Double Energy+1","Redo+1"],"picked":"Core Surge","floor":13},{"not_picked":["Cold Snap","Hologram+1"],"picked":"Ball Lightning","floor":14},{"not_picked":["Multi-Cast+1","Amplify+1"],"picked":"Biased Cognition","floor":16},{"not_picked":["BootSequence+1","Recycle+1"],"picked":"Go for the Eyes","floor":17},{"not_picked":["Go for the Eyes","Redo+1"],"picked":"Ball Lightning","floor":17},{"not_picked":["Stack+1","Consume+1"],"picked":"Sweeping Beam","floor":17},{"not_picked":["Lockon","Defragment"],"picked":"Self Repair","floor":17},{"not_picked":["Consume+1","Leap+1"],"picked":"Reinforced Body+1","floor":17},{"not_picked":["Scrape","Loop"],"picked":"Leap+1","floor":18},{"not_picked":["Gash","Steam+1"],"picked":"Hologram+1","floor":21},{"not_picked":["Turbo+1","Cold Snap"],"picked":"Genetic Algorithm+1","floor":23},{"not_picked":["Sweeping Beam","Turbo+1"],"picked":"Conserve Battery+1","floor":25},{"not_picked":["Glacier+1","Streamline"],"picked":"Capacitor","floor":27},{"not_picked":["Gash","Redo+1"],"picked":"Hologram+1","floor":29},{"not_picked":["Reinforced Body+1","Coolheaded+1"],"picked":"Buffer","floor":30}],"player_experience":1454098,"relics_obtained":[{"floor":6,"key":"DataDisk"},{"floor":9,"key":"Toxic Egg 2"},{"floor":13,"key":"Bag of Preparation"},{"floor":23,"key":"Ice Cream"},{"floor":26,"key":"Juzu Bracelet"},{"floor":27,"key":"Boot"},{"floor":30,"key":"Unceasing Top"}],"event_choices":[{"damage_healed":0,"gold_gain":150,"player_choice":"AGREE","damage_taken":0,"max_hp_gain":0,"max_hp_loss":0,"event_name":"Liars Game","floor":4,"gold_loss":0,"cards_obtained":["Doubt"]},{"damage_healed":0,"gold_gain":0,"player_choice":"Ignored","damage_taken":0,"max_hp_gain":0,"max_hp_loss":0,"event_name":"Vampires","floor":20,"gold_loss":0},{"damage_healed":0,"gold_gain":0,"player_choice":"Ignored","damage_taken":0,"max_hp_gain":0,"max_hp_loss":0,"event_name":"Ghosts","floor":22,"gold_loss":0},{"damage_healed":0,"gold_gain":0,"player_choice":"Shed Blood","damage_taken":27,"max_hp_gain":5,"max_hp_loss":0,"event_name":"Forgotten Altar","floor":28,"gold_loss":0}],"is_beta":true,"boss_relics":[{"not_picked":["FrozenCore","Black Star"],"picked":"Orrery"}],"items_purged_floors":[5,31],"is_endless":false,"potions_floor_spawned":[1,7,10,14,16,21,27,30],"killed_by":"Collector","ascension_level":17}