{"gold_per_floor":[118,118,133,133,149,179,179,159],"floor_reached":8,"playtime":131,"items_purged":[],"score":110,"play_id":"ba5f18ee-d859-4a2a-aa00-74a8387d55f2","local_time":"20190507142131","is_ascension_mode":true,"campfire_choices":[],"neow_cost":"NONE","seed_source_timestamp":1383409297502140,"circlet_count":0,"master_deck":["AscendersBane","Defend_G","Defend_G","Defend_G","Defend_G","Defend_G","Strike_G","Strike_G","Strike_G","Strike_G","Survivor","Neutralize","Choke","Deflect","Poisoned Stab","Dodge and Roll","PiercingWail"],"relics":["Ring of the Snake","NeowsBlessing","Smiling Mask","Happy Flower"],"potions_floor_usage":[7],"damage_taken":[{"damage":0,"enemies":"Jaw Worm","floor":1,"turns":1},{"damage":0,"enemies":"Cultist","floor":3,"turns":1},{"damage":0,"enemies":"Small Slimes","floor":5,"turns":1},{"damage":53,"enemies":"Gremlin Nob","floor":6,"turns":6},{"damage":0,"enemies":"Exordium Wildlife","floor":7,"turns":1},{"damage":3,"enemies":"Exordium Thugs","floor":8,"turns":1}],"seed_played":"-7096178629093470395","potions_obtained":[{"floor":1,"key":"SmokeBomb"}],"is_trial":false,"path_per_floor":["M","?","M","?","M","E","M","M"],"character_chosen":"THE_SILENT","items_purchased":[],"campfire_rested":0,"item_purchase_floors":[],"current_hp_per_floor":[59,59,59,54,54,1,1,0],"gold":159,"neow_bonus":"THREE_ENEMY_KILL","is_prod":false,"is_daily":false,"chose_seed":false,"campfire_upgraded":0,"win_rate":0,"timestamp":1557231691,"path_taken":["M","?","?","?","M","E","M","M"],"build_version":"2019-04-23","purchased_purges":0,"victory":false,"max_hp_per_floor":[66,66,66,66,66,66,66,66],"card_choices":[{"not_picked":["Poisoned Stab","Slice"],"picked":"Choke","floor":1},{"not_picked":["Setup","Eviscerate"],"picked":"Poisoned Stab","floor":3},{"not_picked":["Prepared","Catalyst"],"picked":"Dodge and Roll","floor":5},{"not_picked":["Expertise","Flechettes"],"picked":"PiercingWail","floor":6}],"player_experience":1560376,"relics_obtained":[{"floor":6,"key":"Happy Flower"}],"event_choices":[{"damage_healed":0,"gold_gain":0,"cards_transformed":["Strike_G"],"player_choice":"Transformed","damage_taken":0,"max_hp_gain":0,"max_hp_loss":0,"event_name":"Transmorgrifier","floor":2,"gold_loss":0,"cards_obtained":["Deflect"]},{"damage_healed":0,"gold_gain":0,"player_choice":"Success","damage_taken":5,"relics_obtained":["Smiling Mask"],"max_hp_gain":0,"max_hp_loss":0,"event_name":"Scrap Ooze","floor":4,"gold_loss":0}],"is_beta":true,"boss_relics":[],"items_purged_floors":[],"is_endless":false,"potions_floor_spawned":[1,7],"killed_by":"Exordium Thugs","ascension_level":18}