{"gold_per_floor":[19,19,19,38,52,79,79,93,93,93,105,117,143,167,179,289,301,332,354,366,378,403,415,445,487,577,316,333,343,343,378,378,378],"floor_reached":33,"playtime":5835,"items_purged":["Strike_R"],"score":436,"play_id":"4a679ef9-79b5-442e-8c5e-ee80b4cf5dfb","local_time":"20190103225113","is_ascension_mode":true,"campfire_choices":[{"data":"Whirlwind","floor":7,"key":"SMITH"},{"data":"Spot Weakness","floor":10,"key":"SMITH"},{"data":"Juggernaut","floor":15,"key":"SMITH"},{"data":"Iron Wave","floor":23,"key":"SMITH"},{"floor":32,"key":"REST"}],"neow_cost":"NO_GOLD","seed_source_timestamp":341069398163900,"circlet_count":0,"master_deck":["Strike_R","Strike_R","Strike_R","Defend_R","Defend_R","Defend_R","Bash+1","Seeing Red","Iron Wave+1","Whirlwind+1","Spot Weakness+1","Shrug It Off","Spot Weakness","Juggernaut+1","Offering","Iron Wave+1","Bash","Infernal Blade","Shrug It Off+1","Flex+1","Double Tap","Armaments"],"relics":["Burning Blood","Pear","Meat on the Bone","MawBank","Philosopher\u0027s Stone","Pantograph","Tiny Chest","Medical Kit","Sundial","Matryoshka"],"potions_floor_usage":[14,16],"damage_taken":[{"damage":8,"enemies":"2 Louse","floor":1,"turns":2},{"damage":0,"enemies":"Cultist","floor":4,"turns":2},{"damage":2,"enemies":"Jaw Worm","floor":5,"turns":3},{"damage":27,"enemies":"Gremlin Nob","floor":6,"turns":4},{"damage":13,"enemies":"Red Slaver","floor":8,"turns":3},{"damage":7,"enemies":"Looter","floor":11,"turns":3},{"damage":9,"enemies":"3 Louse","floor":12,"turns":2},{"damage":27,"enemies":"Lagavulin","floor":13,"turns":5},{"damage":5,"enemies":"Gremlin Gang","floor":14,"turns":4},{"damage":51,"enemies":"Hexaghost","floor":16,"turns":8},{"damage":26,"enemies":"2 Thieves","floor":18,"turns":3},{"damage":10,"enemies":"Chosen","floor":19,"turns":4},{"damage":13,"enemies":"Sentry and Sphere","floor":22,"turns":3},{"damage":17,"enemies":"Chosen and Byrds","floor":24,"turns":5},{"damage":21,"enemies":"Book of Stabbing","floor":25,"turns":4},{"damage":12,"enemies":"Centurion and Healer","floor":28,"turns":6},{"damage":26,"enemies":"Cultist and Chosen","floor":29,"turns":6},{"damage":31,"enemies":"Slavers","floor":31,"turns":4},{"damage":90,"enemies":"Automaton","floor":33,"turns":6}],"seed_played":"-4718254994855647142","potions_obtained":[{"floor":5,"key":"Poison Potion"},{"floor":11,"key":"LiquidBronze"},{"floor":12,"key":"BloodPotion"},{"floor":22,"key":"Explosive Potion"},{"floor":25,"key":"Ancient Potion"}],"is_trial":false,"path_per_floor":["M","?","$","M","M","E","R","M","T","R","M","M","E","M","R","B",null,"M","M","$","?","M","R","M","E","T","$","M","M","?","E","R","B"],"character_chosen":"IRONCLAD","items_purchased":["Medical Kit"],"campfire_rested":1,"item_purchase_floors":[27],"current_hp_per_floor":[70,70,70,76,80,69,69,62,62,62,61,58,49,62,62,38,77,57,53,53,53,58,58,59,56,56,56,62,54,54,41,68,0],"gold":378,"neow_bonus":"REMOVE_TWO","is_prod":false,"is_daily":false,"chose_seed":false,"campfire_upgraded":4,"win_rate":0,"timestamp":1546573873,"path_taken":["M","?","?","M","M","E","R","M","T","R","M","M","E","M","R","BOSS","M","M","$","?","M","R","?","E","T","$","M","M","?","E","R","BOSS"],"build_version":"2019-01-03","purchased_purges":1,"victory":false,"max_hp_per_floor":[80,80,80,80,80,90,90,90,90,90,90,90,90,90,90,90,90,90,90,90,90,90,90,90,90,90,90,90,90,90,90,90,90],"card_choices":[{"not_picked":["Anger","Disarm"],"picked":"Seeing Red","floor":1},{"not_picked":["Rupture","Power Through","Clash"],"picked":"SKIP","floor":4},{"not_picked":["Anger","Clash"],"picked":"Iron Wave","floor":5},{"not_picked":["Corruption","Fire Breathing"],"picked":"Whirlwind","floor":6},{"not_picked":["Havoc","Dual Wield"],"picked":"Spot Weakness","floor":8},{"not_picked":["Clash","Flex"],"picked":"Shrug It Off","floor":11},{"not_picked":["Bloodletting","Dropkick"],"picked":"Spot Weakness","floor":12},{"not_picked":["Whirlwind","Headbutt"],"picked":"Juggernaut","floor":13},{"not_picked":["Reckless Charge","Clothesline","Headbutt"],"picked":"SKIP","floor":14},{"not_picked":["Fiend Fire","Bludgeon"],"picked":"Offering","floor":16},{"not_picked":["Ghostly Armor","Disarm","Perfected Strike+1"],"picked":"SKIP","floor":18},{"not_picked":["Shrug It Off","Dropkick+1"],"picked":"Iron Wave+1","floor":19},{"not_picked":["Pommel Strike","Warcry"],"picked":"Shrug It Off+1","floor":22},{"not_picked":["Cleave+1","Havoc+1"],"picked":"Flex+1","floor":24},{"not_picked":["Entrench","Juggernaut"],"picked":"Double Tap","floor":25},{"not_picked":["Wild Strike","Clash+1","Second Wind"],"picked":"SKIP","floor":28},{"not_picked":["Iron Wave","Bludgeon"],"picked":"Armaments","floor":29},{"not_picked":["Clothesline","Havoc","True Grit"],"picked":"SKIP","floor":31}],"player_experience":1659464,"relics_obtained":[{"floor":6,"key":"Pear"},{"floor":9,"key":"Meat on the Bone"},{"floor":13,"key":"MawBank"},{"floor":25,"key":"Pantograph"},{"floor":26,"key":"Tiny Chest"},{"floor":31,"key":"Matryoshka"}],"event_choices":[{"damage_healed":0,"gold_gain":0,"player_choice":"Upgraded","damage_taken":0,"max_hp_gain":0,"max_hp_loss":0,"event_name":"Upgrade Shrine","floor":2,"gold_loss":0,"cards_upgraded":["Bash"]},{"damage_healed":0,"gold_gain":0,"player_choice":"2 cards matched","damage_taken":0,"max_hp_gain":0,"max_hp_loss":0,"event_name":"Match and Keep!","floor":21,"gold_loss":0,"cards_obtained":["Bash","Infernal Blade"]},{"damage_healed":0,"gold_gain":0,"player_choice":"Opened","damage_taken":0,"relics_obtained":["Sundial"],"max_hp_gain":0,"max_hp_loss":0,"event_name":"The Mausoleum","floor":30,"gold_loss":0}],"is_beta":false,"boss_relics":[{"not_picked":["Runic Dome","Ectoplasm"],"picked":"Philosopher\u0027s Stone"}],"items_purged_floors":[27],"is_endless":false,"potions_floor_spawned":[5,11,12,13,22,25,31],"killed_by":"Automaton","ascension_level":9}