{"gold_per_floor":[119,44,60,60,60,60,95,95,177,177,207],"floor_reached":11,"playtime":266,"items_purged":["Strike_R"],"score":104,"play_id":"993aa6e6-6ff2-4ef8-a9b6-d299c38407a3","local_time":"20190105182224","is_ascension_mode":true,"campfire_choices":[{"data":"Juggernaut","floor":6,"key":"SMITH"},{"data":"Cleave","floor":8,"key":"SMITH"}],"neow_cost":"TEN_PERCENT_HP_LOSS","seed_source_timestamp":503317289833700,"circlet_count":0,"master_deck":["AscendersBane","Strike_R","Strike_R","Strike_R","Defend_R","Defend_R","Defend_R","Defend_R","Bash","Juggernaut+1","Spot Weakness","Heavy Blade","Cleave+1"],"relics":["Burning Blood","Matryoshka","Red Skull","Bag of Preparation","Darkstone Periapt"],"potions_floor_usage":[11],"damage_taken":[{"damage":7,"enemies":"Jaw Worm","floor":1,"turns":4},{"damage":3,"enemies":"2 Louse","floor":3,"turns":3},{"damage":45,"enemies":"Gremlin Nob","floor":7,"turns":5},{"damage":44,"enemies":"Lagavulin Event","floor":11,"turns":5}],"seed_played":"8278872345978418719","potions_obtained":[{"floor":1,"key":"GamblersBrew"}],"is_trial":false,"path_per_floor":["M","$","M","?","?","R","E","R","T","?","?"],"character_chosen":"IRONCLAD","items_purchased":[],"campfire_rested":0,"item_purchase_floors":[],"current_hp_per_floor":[71,71,72,65,65,65,26,26,26,26,0],"gold":207,"neow_bonus":"THREE_RARE_CARDS","is_prod":false,"is_daily":false,"chose_seed":false,"campfire_upgraded":2,"win_rate":0,"timestamp":1546730544,"path_taken":["M","$","M","?","?","R","E","R","T","?","?"],"build_version":"2019-01-03v4","purchased_purges":1,"victory":false,"max_hp_per_floor":[72,72,72,72,72,72,72,72,72,72,72],"card_choices":[{"not_picked":["Dark Embrace","Fiend Fire"],"picked":"Juggernaut","floor":0},{"not_picked":["Iron Wave","Combust"],"picked":"Spot Weakness","floor":1},{"not_picked":["True Grit","Twin Strike"],"picked":"Heavy Blade","floor":3},{"not_picked":["Body Slam","Pommel Strike"],"picked":"Cleave","floor":7}],"player_experience":1713652,"relics_obtained":[{"floor":7,"key":"Red Skull"},{"floor":9,"key":"Bag of Preparation"},{"floor":9,"key":"Darkstone Periapt"}],"event_choices":[{"cards_removed":["Strike_R"],"damage_healed":0,"gold_gain":0,"player_choice":"Card Removal","damage_taken":7,"max_hp_gain":0,"max_hp_loss":0,"event_name":"Golden Wing","floor":4,"gold_loss":0},{"damage_healed":0,"gold_gain":0,"player_choice":"Box","damage_taken":0,"relics_obtained":["Matryoshka"],"max_hp_gain":0,"max_hp_loss":0,"event_name":"Big Fish","floor":5,"gold_loss":0,"cards_obtained":["Regret"]},{"cards_removed":["Regret"],"damage_healed":0,"gold_gain":0,"player_choice":"Forget","damage_taken":0,"max_hp_gain":0,"max_hp_loss":0,"event_name":"Living Wall","floor":10,"gold_loss":0},{"damage_healed":0,"gold_gain":30,"player_choice":"Searched \u00272\u0027 times","damage_taken":0,"max_hp_gain":0,"max_hp_loss":0,"event_name":"Dead Adventurer","floor":11,"gold_loss":0}],"is_beta":false,"boss_relics":[],"items_purged_floors":[2],"is_endless":false,"potions_floor_spawned":[1],"killed_by":"Lagavulin Event","ascension_level":10}