{"gold_per_floor":[139,139,139,153,171,200,200,200,200,228,228,253,267,282,282,358,358,369,387,387,215,230,230,261,275,275,275,289,303,322,322,322,400,400,415,415,200,210,260,260],"floor_reached":40,"playtime":1624,"items_purged":[],"score":792,"play_id":"b870fd66-d2fe-453c-b1c5-078525f162e7","local_time":"20190503141823","is_ascension_mode":true,"campfire_choices":[{"data":"Uppercut","floor":7,"key":"SMITH"},{"data":"Clothesline","floor":11,"key":"SMITH"},{"data":"Shrug It Off","floor":15,"key":"SMITH"},{"data":"Rupture","floor":23,"key":"SMITH"},{"floor":27,"key":"REST"},{"floor":32,"key":"REST"}],"neow_cost":"NONE","seed_source_timestamp":1036127846316299,"circlet_count":0,"master_deck":["AscendersBane","Strike_R+1","Strike_R+1","Strike_R+1","Strike_R+1","Defend_R+1","Defend_R+1","Defend_R+1","Defend_R+1","Bash","Uppercut+1","Uppercut+1","Bloodletting","Clothesline+1","Demon Form","Shrug It Off+1","Combust","Iron Wave","Pommel Strike","Shrug It Off","Immolate","Rupture+1","Headbutt","Armaments+1","Reaper","Sword Boomerang","Heavy Blade+1"],"relics":["Burning Blood","Tiny Chest","Thread and Needle","Regal Pillow","Pen Nib","Red Skull","Velvet Choker","Nloth\u0027s Gift","Juzu Bracelet","Matryoshka","White Beast Statue","ClockworkSouvenir"],"potions_floor_usage":[6,6,6,6,12,22,24,30,33,38,38,40],"damage_taken":[{"damage":11,"enemies":"2 Louse","floor":1,"turns":3},{"damage":1,"enemies":"Cultist","floor":4,"turns":3},{"damage":7,"enemies":"Jaw Worm","floor":5,"turns":4},{"damage":17,"enemies":"3 Sentries","floor":6,"turns":6},{"damage":17,"enemies":"Gremlin Nob","floor":10,"turns":4},{"damage":8,"enemies":"Lagavulin","floor":12,"turns":5},{"damage":2,"enemies":"3 Louse","floor":13,"turns":3},{"damage":7,"enemies":"Exordium Thugs","floor":14,"turns":3},{"damage":20,"enemies":"Hexaghost","floor":16,"turns":9},{"damage":17,"enemies":"Chosen","floor":18,"turns":4},{"damage":28,"enemies":"3 Byrds","floor":19,"turns":5},{"damage":3,"enemies":"3 Cultists","floor":22,"turns":4},{"damage":41,"enemies":"Book of Stabbing","floor":24,"turns":6},{"damage":18,"enemies":"Sentry and Sphere","floor":25,"turns":4},{"damage":11,"enemies":"Snake Plant","floor":28,"turns":4},{"damage":37,"enemies":"3 Cultists","floor":29,"turns":5},{"damage":45,"enemies":"Shelled Parasite and Fungi","floor":30,"turns":6},{"damage":51,"enemies":"Automaton","floor":33,"turns":9},{"damage":22,"enemies":"Orb Walker","floor":35,"turns":4},{"damage":60,"enemies":"3 Darklings","floor":38,"turns":7},{"damage":35,"enemies":"Reptomancer","floor":40,"turns":4}],"seed_played":"570581435118100408","potions_obtained":[{"floor":4,"key":"Fire Potion"},{"floor":5,"key":"EntropicBrew"},{"floor":10,"key":"EssenceOfSteel"},{"floor":13,"key":"Regen Potion"},{"floor":14,"key":"Regen Potion"},{"floor":22,"key":"Regen Potion"},{"floor":28,"key":"Poison Potion"},{"floor":30,"key":"Strength Potion"},{"floor":35,"key":"Swift Potion"},{"floor":38,"key":"Energy Potion"}],"is_trial":false,"path_per_floor":["M","?","?","M","M","E","R","?","T","E","R","E","M","M","R","B",null,"M","M","?","$","M","R","E","M","T","R","M","M","M","?","R","B",null,"M","?","$","M","?","E"],"character_chosen":"IRONCLAD","items_purchased":["Immolate","Rupture","ClockworkSouvenir"],"campfire_rested":2,"item_purchase_floors":[21,21,37],"current_hp_per_floor":[63,63,63,68,67,56,56,51,51,40,40,38,42,41,41,27,63,52,30,30,30,45,45,25,13,13,50,45,54,37,37,74,57,71,55,55,55,13,13,0],"gold":260,"neow_bonus":"RANDOM_COMMON_RELIC","is_prod":false,"is_daily":false,"chose_seed":false,"campfire_upgraded":4,"win_rate":0,"timestamp":1556885903,"path_taken":["M","?","?","?","M","E","R","?","T","E","R","E","M","M","R","BOSS","M","M","?","$","?","R","E","M","T","R","M","M","M","?","R","BOSS","M","?","$","M","?","E"],"build_version":"2019-04-23","purchased_purges":0,"victory":false,"max_hp_per_floor":[75,75,75,75,75,75,75,75,75,75,75,75,75,75,75,75,75,75,75,75,75,75,75,75,75,75,75,75,75,75,75,75,75,75,75,71,71,71,71,71],"card_choices":[{"not_picked":["Cleave","Intimidate"],"picked":"Uppercut","floor":1},{"not_picked":["Seeing Red","Flex"],"picked":"Uppercut","floor":4},{"not_picked":["Sever Soul","Thunderclap"],"picked":"Bloodletting","floor":5},{"not_picked":["Flex","Warcry"],"picked":"Clothesline","floor":6},{"not_picked":["Entrench","Wild Strike"],"picked":"Demon Form","floor":10},{"not_picked":["Pummel","Battle Trance"],"picked":"Shrug It Off","floor":12},{"not_picked":["Wild Strike","Body Slam"],"picked":"Combust","floor":13},{"not_picked":["Reckless Charge","Pummel"],"picked":"Iron Wave","floor":14},{"not_picked":["Thunderclap","Wild Strike"],"picked":"Pommel Strike","floor":18},{"not_picked":["Cleave","Iron Wave"],"picked":"Shrug It Off","floor":19},{"not_picked":["Cleave","Warcry"],"picked":"Headbutt","floor":22},{"not_picked":["Havoc","Perfected Strike","Flex"],"picked":"SKIP","floor":24},{"not_picked":["Twin Strike","Body Slam"],"picked":"Armaments+1","floor":25},{"not_picked":["True Grit","Second Wind+1"],"picked":"Reaper","floor":28},{"not_picked":["Clothesline","Cleave","Clash"],"picked":"SKIP","floor":29},{"not_picked":["Twin Strike","Berserk"],"picked":"Sword Boomerang","floor":30},{"not_picked":["Bloodletting","Disarm"],"picked":"Heavy Blade+1","floor":35},{"not_picked":["Clothesline","Burning Pact","Blood for Blood"],"picked":"SKIP","floor":38}],"player_experience":1456060,"relics_obtained":[{"floor":6,"key":"Thread and Needle"},{"floor":9,"key":"Ornamental Fan"},{"floor":10,"key":"Pen Nib"},{"floor":12,"key":"Red Skull"},{"floor":24,"key":"Juzu Bracelet"},{"floor":26,"key":"Matryoshka"}],"event_choices":[{"damage_healed":0,"gold_gain":0,"player_choice":"Grow","damage_taken":0,"max_hp_gain":0,"max_hp_loss":0,"event_name":"Living Wall","floor":2,"gold_loss":0,"cards_upgraded":["Uppercut"]},{"cards_removed":["Strike_R"],"damage_healed":0,"gold_gain":0,"player_choice":"Offered Basic","damage_taken":0,"max_hp_gain":0,"max_hp_loss":0,"event_name":"Bonfire Elementals","floor":3,"gold_loss":0},{"damage_healed":0,"gold_gain":0,"player_choice":"Success","damage_taken":5,"relics_obtained":["Regal Pillow"],"max_hp_gain":0,"max_hp_loss":0,"event_name":"Scrap Ooze","floor":8,"gold_loss":0},{"damage_healed":0,"gold_gain":0,"player_choice":"Traded Relic","damage_taken":0,"relics_obtained":["Nloth\u0027s Gift"],"max_hp_gain":0,"max_hp_loss":0,"event_name":"N\u0027loth","floor":20,"relics_lost":["Ornamental Fan"],"gold_loss":0},{"damage_healed":0,"gold_gain":0,"player_choice":"Simplicity","damage_taken":0,"max_hp_gain":0,"max_hp_loss":0,"event_name":"Back to Basics","floor":31,"gold_loss":0,"cards_upgraded":["Strike_R","Strike_R","Strike_R","Strike_R","Defend_R","Defend_R","Defend_R","Defend_R"]},{"damage_healed":0,"gold_gain":0,"player_choice":"Max HP","damage_taken":0,"max_hp_gain":0,"max_hp_loss":4,"event_name":"Winding Halls","floor":36,"gold_loss":0},{"damage_healed":0,"gold_gain":50,"player_choice":"Pray","damage_taken":0,"max_hp_gain":0,"max_hp_loss":0,"event_name":"Golden Shrine","floor":39,"gold_loss":0}],"is_beta":true,"boss_relics":[{"not_picked":["Calling Bell","Coffee Dripper"],"picked":"Velvet Choker"},{"not_picked":["Lizard Tail","Snecko Eye"],"picked":"White Beast Statue"}],"items_purged_floors":[],"is_endless":false,"potions_floor_spawned":[4,5,10,13,14,22,28,30,35,38],"killed_by":"Reptomancer","ascension_level":17}