{"path_per_floor":["M","M","M","M","?","E","M","?","T","M","M","$","M","E","R"],"character_chosen":"IRONCLAD","items_purchased":["Bronze Scales","Bag of Preparation"],"gold_per_floor":[116,130,141,157,157,191,211,211,283,301,314,8,18,44,44],"floor_reached":16,"campfire_rested":1,"playtime":2578,"current_hp_per_floor":[80,80,75,69,66,41,38,38,38,38,27,27,23,24,48],"items_purged":[],"gold":44,"play_id":"e48871fd-aeeb-4953-a44f-c8008d09f019","is_prod":false,"is_daily":false,"campfire_rituals":0,"campfire_upgraded":0,"is_hardmode":false,"path_taken":["M","M","M","M","?","E","M","?","T","M","M","$","M","E","R","BOSS"],"build_version":"2018-01-18-PROD4","purchased_purges":0,"victory":false,"master_deck":["Strike_R","Strike_R","Strike_R","Strike_R","Strike_R","Defend_R","Defend_R","Defend_R","Defend_R","Intimidate","Metallicize","Combust","Fiend Fire","Anger","Rampage","Clothesline","Rampage","Headbutt","Blood for Blood","Metallicize"],"max_hp_per_floor":[80,80,80,80,80,80,80,80,80,80,80,80,80,80,80],"relics":["Burning Blood","Centennial Puzzle","Paper Frog","Letter Opener","Bronze Scales","Bag of Preparation","Pen Nib"],"campfire_meditates":0,"card_choices":[{"not_picked":["Clothesline","Heavy Blade"],"picked":"Metallicize"},{"not_picked":["Bloodletting","Thunderclap"],"picked":"Combust"},{"not_picked":["Hemokinesis","Bloodletting"],"picked":"Fiend Fire"},{"not_picked":["Metallicize","Clash"],"picked":"Anger"},{"not_picked":["Battle Trance","Juggernaut"],"picked":"Rampage"},{"not_picked":["Clash","Twin Strike"],"picked":"Clothesline"},{"not_picked":["Body Slam","Blood for Blood"],"picked":"Rampage"},{"not_picked":["Clothesline","Flex"],"picked":"Headbutt"},{"not_picked":["Twin Strike","Intimidate"],"picked":"Blood for Blood"},{"not_picked":["Burning Pact","Body Slam"],"picked":"Metallicize"}],"player_experience":11172,"potions_floor_usage":[6,6,14,14],"damage_taken":[{"damage":3,"enemies":"Cultist","floor":1,"turns":5},{"damage":0,"enemies":"2 Louse","floor":2,"turns":5},{"damage":11,"enemies":"Small Slimes","floor":3,"turns":4},{"damage":12,"enemies":"Exordium Thugs","floor":4,"turns":4},{"damage":31,"enemies":"3 Sentries","floor":6,"turns":6},{"damage":9,"enemies":"2 Fungi Beasts","floor":7,"turns":3},{"damage":6,"enemies":"Looter","floor":10,"turns":3},{"damage":17,"enemies":"3 Louse","floor":11,"turns":4},{"damage":10,"enemies":"Exordium Wildlife","floor":13,"turns":2},{"damage":20,"enemies":"Lagavulin","floor":14,"turns":6},{"damage":50,"enemies":"Hexaghost","floor":16,"turns":9}],"event_choices":[{"event_name":"Scrap Ooze","player_choice":"success","floor":5,"damage_taken":3},{"event_name":"The Woman in Blue","player_choice":"Bought 0 Potions","floor":8,"damage_taken":0}],"boss_relics":[],"potions_floor_spawned":[2,4,7,10,13],"seed_played":"-5585598662022593344","killed_by":"Hexaghost","is_trial":false}