{"path_per_floor":["M","M","M","?","T","E","R","E","T","M","R","M","M","$","R","B",null,"M","M","?","M","?","R"],"character_chosen":"IRONCLAD","items_purchased":["Lee\u0027s Waffle","Headbutt"],"gold_per_floor":[116,126,143,143,143,170,170,204,230,243,243,256,270,20,20,118,118,135,151,151,168,168,168],"floor_reached":24,"campfire_rested":0,"playtime":1385,"current_hp_per_floor":[65,70,57,54,54,24,24,19,19,14,14,23,32,89,89,29,89,89,61,61,27,12,12],"items_purged":[],"gold":168,"play_id":"aa4ef6cc-9245-48b2-ac83-7b70aa82eb19","is_prod":false,"is_daily":false,"is_ascension_mode":false,"campfire_upgraded":4,"path_taken":["M","M","M","?","?","E","R","E","T","M","R","?","M","$","R","BOSS","M","M","?","M","?","R","M"],"build_version":"2018-01-25-PROD3","purchased_purges":0,"victory":false,"master_deck":["Strike_R","Strike_R","Strike_R","Strike_R","Strike_R","Defend_R","Defend_R","Defend_R","Defend_R","Bash","Parasite","Flex","Immolate","Pommel Strike+1","Seeing Red+1","Rampage+1","Headbutt","Shrug It Off+1","Headbutt","Berserk","Headbutt","Bloodletting"],"max_hp_per_floor":[80,80,80,80,80,82,82,82,82,82,82,82,82,89,89,89,89,89,89,89,91,96,96],"relics":["Burning Blood","Red Skull","Singing Bowl","Magic Flower","Bottled Lightning","Happy Flower","Oddly Smooth Stone","Lee\u0027s Waffle","Sozu","Torii"],"card_choices":[{"not_picked":["Perfected Strike","Clash"],"picked":"Flex"},{"not_picked":["Clothesline","Second Wind"],"picked":"Immolate"},{"not_picked":["Flex","Entrench"],"picked":"Pommel Strike"},{"not_picked":["Sword Boomerang","Evolve"],"picked":"Seeing Red"},{"not_picked":["Carnage","Hemokinesis"],"picked":"Rampage"},{"not_picked":["Evolve","Twin Strike"],"picked":"Headbutt"},{"not_picked":["Twin Strike","Bloodletting"],"picked":"Shrug It Off"},{"not_picked":["Feed","Dark Embrace"],"picked":"Berserk"},{"not_picked":["Pommel Strike","Infernal Blade"],"picked":"Headbutt"},{"not_picked":["Twin Strike","Corruption"],"picked":"Bloodletting"}],"player_experience":313702,"potions_floor_usage":[8,13],"damage_taken":[{"damage":21,"enemies":"Blue Slaver","floor":1,"turns":4},{"damage":1,"enemies":"Cultist","floor":2,"turns":3},{"damage":19,"enemies":"Jaw Worm","floor":3,"turns":4},{"damage":41,"enemies":"3 Sentries","floor":6,"turns":6},{"damage":14,"enemies":"Gremlin Nob","floor":8,"turns":3},{"damage":14,"enemies":"Exordium Thugs","floor":10,"turns":4},{"damage":0,"enemies":"Red Slaver","floor":12,"turns":2},{"damage":0,"enemies":"Exordium Wildlife","floor":13,"turns":2},{"damage":69,"enemies":"The Guardian","floor":16,"turns":7},{"damage":7,"enemies":"3 Byrds","floor":18,"turns":6},{"damage":37,"enemies":"Shell Parasite","floor":19,"turns":5},{"damage":45,"enemies":"Snecko","floor":21,"turns":5},{"damage":16,"enemies":"3 Cultists","floor":24,"turns":4}],"event_choices":[{"event_name":"Scrap Ooze","player_choice":"success","floor":4,"damage_taken":3},{"event_name":"The Mausoleum","player_choice":"Yes","floor":20,"damage_taken":0},{"event_name":"Forgotten Altar","player_choice":"Shed Blood","floor":22,"damage_taken":0}],"boss_relics":[{"not_picked":["Black Star","Runic Cube"],"picked":"Sozu"}],"potions_floor_spawned":[3,8,10,16,19],"seed_played":"4040459017836436425","killed_by":"3 Cultists","ascension_level":0,"is_trial":false}