{"gold_per_floor":[417,567,527,542,300,333,357,383,383,408,427,427,443,456,456,533,533,545,503,503,514,525,552,552,581,581,601,601,601,601,633,633,633],"floor_reached":33,"playtime":1074,"items_purged":["Doubt"],"score":686,"play_id":"44235f79-3d15-45e3-8718-ab74fef913e2","local_time":"20190506202353","is_ascension_mode":true,"campfire_choices":[{"floor":12,"key":"REST"},{"data":"Perfected Strike","floor":15,"key":"SMITH"},{"data":"Perfected Strike","floor":24,"key":"SMITH"},{"data":"Armaments","floor":28,"key":"SMITH"},{"data":"Uppercut","floor":30,"key":"SMITH"},{"data":"Disarm","floor":32,"key":"SMITH"}],"neow_cost":"CURSE","seed_source_timestamp":1317808135956794,"circlet_count":0,"master_deck":["AscendersBane","Strike_R","Strike_R","Strike_R","Strike_R","Strike_R","Defend_R","Defend_R","Defend_R","Defend_R","Bash","Clumsy","Perfected Strike+1","Disarm+1","Twin Strike","Wild Strike","Reaper","Perfected Strike+1","Armaments+1","Shrug It Off","Thunderclap","Twin Strike","Feed","Disarm","Pommel Strike","Uppercut+1","Writhe","Twin Strike+1","Pommel Strike+1","Twin Strike","Immolate+1","Regret","Shrug It Off","Perfected Strike+1"],"relics":["Burning Blood","Old Coin","PreservedInsect","Mummified Hand","Anchor","Centennial Puzzle","Champion Belt","Prayer Wheel","Cursed Key","Charon\u0027s Ashes","Sundial","Whetstone","Potion Belt","MutagenicStrength","Girya"],"potions_floor_usage":[8,16,16,27,31,33],"damage_taken":[{"damage":11,"enemies":"Jaw Worm","floor":1,"turns":5},{"damage":8,"enemies":"Cultist","floor":4,"turns":5},{"damage":27,"enemies":"Gremlin Nob","floor":6,"turns":4},{"damage":20,"enemies":"3 Sentries","floor":8,"turns":5},{"damage":20,"enemies":"Lagavulin","floor":10,"turns":4},{"damage":0,"enemies":"Small Slimes","floor":11,"turns":2},{"damage":12,"enemies":"Exordium Wildlife","floor":13,"turns":5},{"damage":7,"enemies":"Large Slime","floor":14,"turns":5},{"damage":22,"enemies":"Hexaghost","floor":16,"turns":8},{"damage":18,"enemies":"Shell Parasite","floor":18,"turns":6},{"damage":16,"enemies":"Chosen","floor":21,"turns":4},{"damage":2,"enemies":"Snecko","floor":22,"turns":3},{"damage":18,"enemies":"Gremlin Leader","floor":23,"turns":4},{"damage":0,"enemies":"Slavers","floor":25,"turns":1},{"damage":0,"enemies":"Snake Plant","floor":27,"turns":2},{"damage":16,"enemies":"Book of Stabbing","floor":31,"turns":3},{"damage":61,"enemies":"Champ","floor":33,"turns":5}],"seed_played":"8596026869544856998","potions_obtained":[{"floor":1,"key":"LiquidBronze"},{"floor":3,"key":"SkillPotion"},{"floor":6,"key":"AttackPotion"},{"floor":8,"key":"Poison Potion"},{"floor":14,"key":"Weak Potion"},{"floor":16,"key":"Block Potion"},{"floor":18,"key":"EntropicBrew"},{"floor":27,"key":"Fire Potion"}],"is_trial":false,"path_per_floor":["M","?","?","M","$","E","T","E","T","E","M","R","M","M","R","B",null,"M","$","?","M","M","E","R","E","T","M","R","?","R","E","R","B"],"character_chosen":"IRONCLAD","items_purchased":["PreservedInsect","Uppercut"],"campfire_rested":1,"item_purchase_floors":[5,19],"current_hp_per_floor":[63,63,63,61,61,40,40,26,26,12,18,40,42,41,41,25,63,51,51,51,45,58,46,46,52,52,58,58,58,58,55,55,0],"gold":633,"neow_bonus":"ONE_RARE_RELIC","is_prod":false,"is_daily":false,"chose_seed":false,"campfire_upgraded":5,"win_rate":0,"timestamp":1557167033,"path_taken":["M","?","?","?","$","E","?","E","T","E","M","R","M","M","R","BOSS","M","$","?","M","M","E","R","E","T","M","R","?","R","E","R","BOSS"],"build_version":"2019-04-23","purchased_purges":1,"victory":false,"max_hp_per_floor":[75,75,75,75,75,75,75,75,75,75,75,75,75,75,75,75,75,75,75,75,75,78,78,78,78,78,78,78,78,78,78,78,78],"card_choices":[{"not_picked":["Searing Blow","Thunderclap"],"picked":"Perfected Strike","floor":1},{"not_picked":["Dropkick","Pummel"],"picked":"Disarm","floor":4},{"not_picked":["Anger","Armaments"],"picked":"Twin Strike","floor":6},{"not_picked":["Seeing Red","Metallicize"],"picked":"Wild Strike","floor":8},{"not_picked":["True Grit","Second Wind"],"picked":"Reaper","floor":10},{"not_picked":["Rampage","Anger"],"picked":"Perfected Strike","floor":11},{"not_picked":["Infernal Blade","Blood for Blood","Havoc"],"picked":"SKIP","floor":11},{"not_picked":["True Grit","Headbutt"],"picked":"Armaments","floor":13},{"not_picked":["Impervious","Clothesline"],"picked":"Shrug It Off","floor":13},{"not_picked":["Feel No Pain","Sentinel"],"picked":"Thunderclap","floor":14},{"not_picked":["Iron Wave","Infernal Blade"],"picked":"Twin Strike","floor":14},{"not_picked":["Bludgeon","Demon Form"],"picked":"Feed","floor":16},{"not_picked":["Infernal Blade","Clash"],"picked":"Disarm","floor":18},{"not_picked":["Blood for Blood","Dropkick"],"picked":"Pommel Strike","floor":18},{"not_picked":["Iron Wave","Pommel Strike"],"picked":"Twin Strike+1","floor":21},{"not_picked":["Warcry","Sword Boomerang+1"],"picked":"Pommel Strike","floor":21},{"not_picked":["Whirlwind","Clash"],"picked":"Twin Strike","floor":22},{"not_picked":["Reckless Charge","Combust","Sever Soul"],"picked":"SKIP","floor":22},{"not_picked":["Anger","Feel No Pain"],"picked":"Immolate","floor":23},{"not_picked":["Sword Boomerang","Havoc","Heavy Blade"],"picked":"SKIP","floor":25},{"not_picked":["Warcry","Exhume"],"picked":"Shrug It Off","floor":27},{"not_picked":["Sever Soul","Wild Strike+1"],"picked":"Perfected Strike+1","floor":27},{"not_picked":["Evolve","Reaper","Heavy Blade"],"picked":"SKIP","floor":31}],"player_experience":1547336,"relics_obtained":[{"floor":6,"key":"Mummified Hand"},{"floor":7,"key":"Anchor"},{"floor":8,"key":"Centennial Puzzle"},{"floor":9,"key":"Champion Belt"},{"floor":10,"key":"Prayer Wheel"},{"floor":23,"key":"Sundial"},{"floor":25,"key":"Whetstone"},{"floor":26,"key":"Potion Belt"},{"floor":31,"key":"Girya"}],"event_choices":[{"damage_healed":0,"gold_gain":150,"player_choice":"AGREE","damage_taken":0,"max_hp_gain":0,"max_hp_loss":0,"event_name":"Liars Game","floor":2,"gold_loss":0,"cards_obtained":["Doubt"]},{"damage_healed":0,"gold_gain":0,"player_choice":"Bought 3 Potions","damage_taken":0,"max_hp_gain":0,"max_hp_loss":0,"event_name":"The Woman in Blue","floor":3,"gold_loss":0},{"damage_healed":0,"gold_gain":0,"player_choice":"Opened","damage_taken":0,"relics_obtained":["Charon\u0027s Ashes"],"max_hp_gain":0,"max_hp_loss":0,"event_name":"The Mausoleum","floor":20,"gold_loss":0,"cards_obtained":["Writhe"]},{"damage_healed":0,"gold_gain":0,"player_choice":"Inject Mutagens","damage_taken":0,"relics_obtained":["MutagenicStrength"],"max_hp_gain":0,"max_hp_loss":0,"event_name":"Drug Dealer","floor":29,"gold_loss":0}],"is_beta":true,"boss_relics":[{"not_picked":["Tiny House","Calling Bell"],"picked":"Cursed Key"}],"items_purged_floors":[5],"is_endless":false,"potions_floor_spawned":[1,6,8,10,14,16,18,21,27],"killed_by":"Champ","ascension_level":18}