{"gold_per_floor":[11,22,22,22,22,52,52,66,66,66,76,87,262,274,274,274],"floor_reached":16,"playtime":673,"items_purged":[],"score":153,"play_id":"cac2e73a-d7d8-43f4-ad64-f3d1f7b9ad20","local_time":"20190106025606","is_ascension_mode":true,"campfire_choices":[{"floor":10,"key":"REST"},{"data":"Armaments","floor":15,"key":"SMITH"}],"neow_cost":"NO_GOLD","seed_source_timestamp":533733115775399,"circlet_count":0,"master_deck":["AscendersBane","Strike_R","Strike_R","Strike_R","Strike_R","Defend_R+1","Defend_R","Defend_R","Defend_R+1","Bash","Discovery+1","Impatience","Uppercut","Body Slam","Whirlwind","Flame Barrier","Doubt","Armaments+1"],"relics":["Burning Blood","Dodecahedron","Shuriken"],"potions_floor_usage":[6,14],"damage_taken":[{"damage":4,"enemies":"Small Slimes","floor":1,"turns":4},{"damage":10,"enemies":"2 Louse","floor":2,"turns":2},{"damage":31,"enemies":"3 Sentries","floor":6,"turns":12},{"damage":6,"enemies":"Cultist","floor":8,"turns":4},{"damage":4,"enemies":"Looter","floor":11,"turns":4},{"damage":14,"enemies":"3 Louse","floor":12,"turns":4},{"damage":6,"enemies":"Exordium Wildlife","floor":14,"turns":3},{"damage":47,"enemies":"Hexaghost","floor":16,"turns":11}],"seed_played":"-6768861578915868162","potions_obtained":[{"floor":1,"key":"SkillPotion"},{"floor":2,"key":"Ancient Potion"},{"floor":8,"key":"Energy Potion"}],"is_trial":false,"path_per_floor":["M","M","$","?","?","E","?","M","T","R","M","M","?","M","R","B"],"character_chosen":"IRONCLAD","items_purchased":[],"campfire_rested":1,"item_purchase_floors":[],"current_hp_per_floor":[74,70,70,70,54,29,29,29,29,53,55,47,47,47,47,0],"gold":274,"neow_bonus":"RANDOM_COLORLESS_2","is_prod":false,"is_daily":false,"chose_seed":false,"campfire_upgraded":1,"win_rate":0,"timestamp":1546761366,"path_taken":["M","M","$","?","?","E","?","M","T","R","?","M","?","M","R","BOSS"],"build_version":"2019-01-03v4","purchased_purges":0,"victory":false,"max_hp_per_floor":[80,80,80,80,80,80,80,80,80,80,80,80,80,80,80,80],"card_choices":[{"not_picked":["Twin Strike","Sword Boomerang"],"picked":"Uppercut","floor":1},{"not_picked":["Iron Wave","Flex","Wild Strike"],"picked":"SKIP","floor":2},{"not_picked":["Headbutt","Shrug It Off"],"picked":"Whirlwind","floor":6},{"not_picked":["Anger","Limit Break","Wild Strike"],"picked":"SKIP","floor":8},{"not_picked":["Power Through","Sentinel","Carnage"],"picked":"SKIP","floor":11},{"not_picked":["Intimidate","Havoc"],"picked":"Flame Barrier","floor":12},{"not_picked":["Pommel Strike","Thunderclap"],"picked":"Armaments","floor":14}],"player_experience":1716382,"relics_obtained":[{"floor":6,"key":"Dodecahedron"},{"floor":9,"key":"Shuriken"}],"event_choices":[{"damage_healed":0,"gold_gain":0,"cards_transformed":["Strike_R"],"player_choice":"Change","damage_taken":0,"max_hp_gain":0,"max_hp_loss":0,"event_name":"Living Wall","floor":4,"gold_loss":0,"cards_obtained":["Body Slam"]},{"damage_healed":0,"gold_gain":0,"player_choice":"Entered Light","damage_taken":16,"max_hp_gain":0,"max_hp_loss":0,"event_name":"Shining Light","floor":5,"gold_loss":0,"cards_upgraded":["Defend_R","Defend_R"]},{"damage_healed":0,"gold_gain":0,"player_choice":"Upgraded","damage_taken":0,"max_hp_gain":0,"max_hp_loss":0,"event_name":"Upgrade Shrine","floor":7,"gold_loss":0,"cards_upgraded":["Discovery"]},{"damage_healed":0,"gold_gain":175,"player_choice":"AGREE","damage_taken":0,"max_hp_gain":0,"max_hp_loss":0,"event_name":"Liars Game","floor":13,"gold_loss":0,"cards_obtained":["Doubt"]}],"is_beta":false,"boss_relics":[],"items_purged_floors":[],"is_endless":false,"potions_floor_spawned":[1,2,8],"killed_by":"Hexaghost","ascension_level":10}