{"gold_per_floor":[112,129,129,54,68,102,102,133,133,133,159,159],"floor_reached":12,"playtime":317,"items_purged":["Strike_R"],"score":187,"play_id":"b961e7b3-c49c-4f4a-a94f-a89adae5c7f3","local_time":"20190510163951","is_ascension_mode":true,"campfire_choices":[{"data":"Spot Weakness","floor":7,"key":"SMITH"},{"data":"Uppercut","floor":10,"key":"SMITH"}],"neow_cost":"NONE","seed_source_timestamp":1650722720162560,"circlet_count":0,"master_deck":["AscendersBane","Strike_R","Strike_R","Strike_R","Defend_R","Defend_R","Defend_R","Defend_R","Bash","Bloodletting","Spot Weakness+1","Uppercut+1","Sword Boomerang","Armaments","Limit Break+1"],"relics":["Burning Blood","Mummified Hand","Omamori","Kunai","Toxic Egg 2","Shovel"],"potions_floor_usage":[8,11],"damage_taken":[{"damage":10,"enemies":"Jaw Worm","floor":1,"turns":6},{"damage":6,"enemies":"Cultist","floor":2,"turns":4},{"damage":9,"enemies":"2 Louse","floor":5,"turns":4},{"damage":26,"enemies":"Gremlin Nob","floor":6,"turns":4},{"damage":26,"enemies":"Lagavulin","floor":8,"turns":5},{"damage":24,"enemies":"Gremlin Nob","floor":11,"turns":4},{"damage":10,"enemies":"Gremlin Gang","floor":12,"turns":1}],"seed_played":"-5073282889217148972","potions_obtained":[{"floor":6,"key":"SpeedPotion"},{"floor":8,"key":"Fruit Juice"},{"floor":11,"key":"Energy Potion"}],"is_trial":false,"path_per_floor":["M","M","?","$","M","E","R","E","T","R","E","M"],"character_chosen":"IRONCLAD","items_purchased":[],"campfire_rested":0,"item_purchase_floors":[],"current_hp_per_floor":[64,64,64,64,61,41,41,21,21,21,8,0],"gold":159,"neow_bonus":"TRANSFORM_CARD","is_prod":false,"is_daily":false,"chose_seed":false,"campfire_upgraded":2,"win_rate":0,"timestamp":1557499191,"path_taken":["M","M","?","$","M","E","R","E","T","R","E","M"],"build_version":"2019-05-07","purchased_purges":1,"victory":false,"max_hp_per_floor":[75,75,75,75,75,75,75,75,75,75,80,80],"card_choices":[{"not_picked":["Body Slam","Twin Strike"],"picked":"Bloodletting","floor":1},{"not_picked":["Havoc","Headbutt"],"picked":"Spot Weakness","floor":2},{"not_picked":["Body Slam","Feel No Pain"],"picked":"Uppercut","floor":5},{"not_picked":["Corruption","Armaments"],"picked":"Sword Boomerang","floor":6},{"not_picked":["Blood for Blood","Infernal Blade"],"picked":"Armaments","floor":8},{"not_picked":["Headbutt","Armaments+1"],"picked":"Limit Break+1","floor":11}],"player_experience":1711685,"relics_obtained":[{"floor":6,"key":"Omamori"},{"floor":8,"key":"Kunai"},{"floor":9,"key":"Toxic Egg 2"},{"floor":11,"key":"Shovel"}],"event_choices":[{"cards_removed":["Brutality"],"damage_healed":0,"gold_gain":0,"player_choice":"Gave Card","damage_taken":0,"relics_obtained":["Mummified Hand"],"max_hp_gain":0,"max_hp_loss":0,"event_name":"WeMeetAgain","floor":3,"gold_loss":0}],"is_beta":true,"boss_relics":[],"items_purged_floors":[4],"is_endless":false,"potions_floor_spawned":[6,8,11],"killed_by":"Gremlin Gang","ascension_level":19}