{"gold_per_floor":[119,30,47,64,81,81,100,100,123,123,142,142,160,171,171,245,245,258,178,178,198,32,32,65,82,135,135],"floor_reached":27,"playtime":1565,"items_purged":[],"score":420,"play_id":"ed3828a9-67b9-409b-a715-647abb4d3c79","local_time":"20190503161219","is_ascension_mode":true,"campfire_choices":[{"data":"Whirlwind","floor":6,"key":"SMITH"},{"data":"Disarm","floor":8,"key":"SMITH"},{"data":"Pommel Strike","floor":10,"key":"SMITH"},{"data":"Disarm","floor":15,"key":"SMITH"},{"data":"Shockwave","floor":23,"key":"SMITH"}],"neow_cost":"NONE","seed_source_timestamp":1043023558406460,"circlet_count":0,"master_deck":["AscendersBane","Strike_R","Strike_R","Strike_R","Strike_R","Defend_R","Defend_R","Defend_R","Defend_R+1","Bash+1","Disarm+1","Whirlwind+1","Pommel Strike+1","Battle Trance+1","Headbutt","Spot Weakness","Disarm+1","Demon Form","Headbutt+1","Shockwave+1","Pummel","Feed","Intimidate+1","Bloodletting"],"relics":["Burning Blood","Strawberry","Centennial Puzzle","Mark of Pain","Potion Belt","War Paint"],"potions_floor_usage":[7,27],"damage_taken":[{"damage":13,"enemies":"Jaw Worm","floor":1,"turns":5},{"damage":8,"enemies":"Small Slimes","floor":3,"turns":3},{"damage":8,"enemies":"Cultist","floor":4,"turns":5},{"damage":6,"enemies":"2 Fungi Beasts","floor":5,"turns":4},{"damage":19,"enemies":"Large Slime","floor":7,"turns":6},{"damage":19,"enemies":"Exordium Wildlife","floor":11,"turns":4},{"damage":3,"enemies":"Blue Slaver","floor":13,"turns":5},{"damage":0,"enemies":"Gremlin Gang","floor":14,"turns":2},{"damage":1,"enemies":"Hexaghost","floor":16,"turns":10},{"damage":28,"enemies":"Spheric Guardian","floor":18,"turns":4},{"damage":0,"enemies":"3 Byrds","floor":21,"turns":4},{"damage":25,"enemies":"Book of Stabbing","floor":24,"turns":7},{"damage":10,"enemies":"Snake Plant","floor":25,"turns":6},{"damage":42,"enemies":"Gremlin Leader","floor":27,"turns":5}],"seed_played":"3892412436382456149","potions_obtained":[{"floor":4,"key":"Block Potion"},{"floor":5,"key":"Swift Potion"},{"floor":11,"key":"AttackPotion"},{"floor":13,"key":"Explosive Potion"},{"floor":18,"key":"Energy Potion"},{"floor":25,"key":"Block Potion"}],"is_trial":false,"path_per_floor":["M","$","M","M","M","R","M","R","T","R","M","?","M","M","R","B",null,"M","$","?","M","$","R","E","M","T","E"],"character_chosen":"IRONCLAD","items_purchased":["Whirlwind","Shockwave","Feed"],"campfire_rested":0,"item_purchase_floors":[2,19,22],"current_hp_per_floor":[68,68,66,64,64,64,51,51,51,51,38,38,41,47,47,52,75,53,53,53,59,59,59,43,42,42,0],"gold":135,"neow_bonus":"RANDOM_COMMON_RELIC","is_prod":false,"is_daily":false,"chose_seed":false,"campfire_upgraded":5,"win_rate":0,"timestamp":1556892739,"path_taken":["M","$","M","M","M","R","M","R","T","R","M","?","M","M","R","BOSS","M","$","?","M","$","R","E","?","T","E"],"build_version":"2019-04-23","purchased_purges":0,"victory":false,"max_hp_per_floor":[82,82,82,82,82,82,82,82,82,82,82,82,82,82,82,82,82,82,82,82,82,82,82,85,88,88,88],"card_choices":[{"not_picked":["Cleave","Evolve"],"picked":"Disarm","floor":1},{"not_picked":["Bloodletting","Armaments"],"picked":"Pommel Strike","floor":3},{"not_picked":["Clash","Wild Strike"],"picked":"Battle Trance","floor":4},{"not_picked":["Body Slam","Wild Strike","Sword Boomerang"],"picked":"SKIP","floor":5},{"not_picked":["Warcry","Twin Strike"],"picked":"Headbutt","floor":7},{"not_picked":["Body Slam","Whirlwind","Armaments"],"picked":"SKIP","floor":11},{"not_picked":["Power Through","Twin Strike"],"picked":"Spot Weakness","floor":13},{"not_picked":["Havoc","Intimidate"],"picked":"Disarm","floor":14},{"not_picked":["Exhume","Reaper"],"picked":"Demon Form","floor":16},{"not_picked":["Twin Strike","Clash"],"picked":"Headbutt+1","floor":18},{"not_picked":["Bloodletting","Body Slam"],"picked":"Pummel","floor":21},{"not_picked":["Clash","Twin Strike+1"],"picked":"Intimidate+1","floor":24},{"not_picked":["True Grit","Infernal Blade"],"picked":"Bloodletting","floor":25}],"player_experience":1461225,"relics_obtained":[{"floor":9,"key":"Centennial Puzzle"},{"floor":24,"key":"Potion Belt"},{"floor":26,"key":"War Paint"}],"event_choices":[{"damage_healed":0,"gold_gain":0,"player_choice":"Grow","damage_taken":0,"max_hp_gain":0,"max_hp_loss":0,"event_name":"Living Wall","floor":12,"gold_loss":0,"cards_upgraded":["Bash"]},{"cards_removed":["Strike_R"],"damage_healed":0,"gold_gain":0,"player_choice":"Offered Basic","damage_taken":0,"max_hp_gain":0,"max_hp_loss":0,"event_name":"Bonfire Elementals","floor":20,"gold_loss":0}],"is_beta":true,"boss_relics":[{"not_picked":["Calling Bell","White Beast Statue"],"picked":"Mark of Pain"}],"items_purged_floors":[],"is_endless":false,"potions_floor_spawned":[4,5,11,13,18,25],"killed_by":"Gremlin Leader","ascension_level":17}