{"gold_per_floor":[115,190,190,206,206,206,235,249,249,269,269,78,78,109,109,180,230,130,310,323,223,240,240,29,29,29,88,13,13,29,47,47,47],"floor_reached":33,"playtime":1215,"items_purged":["Strike_R","Strike_R"],"score":577,"play_id":"78aaef1a-a230-40ef-bee5-e77120731879","local_time":"20190512103601","is_ascension_mode":true,"campfire_choices":[{"data":"Flame Barrier","floor":6,"key":"SMITH"},{"data":"Disarm","floor":11,"key":"SMITH"},{"data":"True Grit","floor":13,"key":"SMITH"},{"data":"Flame Barrier","floor":15,"key":"SMITH"},{"floor":23,"key":"REST"},{"data":"Demon Form","floor":25,"key":"SMITH"},{"data":"Shockwave","floor":29,"key":"SMITH"},{"floor":32,"key":"REST"}],"neow_cost":"NONE","seed_source_timestamp":1800795759008427,"circlet_count":0,"master_deck":["AscendersBane","Strike_R+1","Strike_R+1","Defend_R+1","Defend_R","Defend_R","Defend_R","Bash+1","Flame Barrier+1","Reaper","Anger+1","Disarm+1","Shrug It Off","True Grit+1","Flame Barrier+1","Demon Form+1","Twin Strike+1","Feel No Pain","Shockwave+1","Sword Boomerang+1","Shrug It Off","Impervious"],"relics":["Burning Blood","NeowsBlessing","Gremlin Horn","Darkstone Periapt","Paper Frog","Tiny House","Whetstone","Pear","Tiny Chest"],"potions_floor_usage":[27,31],"damage_taken":[{"damage":0,"enemies":"Jaw Worm","floor":1,"turns":1},{"damage":0,"enemies":"Small Slimes","floor":4,"turns":1},{"damage":0,"enemies":"Lagavulin","floor":7,"turns":1},{"damage":1,"enemies":"Cultist","floor":8,"turns":4},{"damage":0,"enemies":"Lots of Slimes","floor":10,"turns":3},{"damage":36,"enemies":"3 Sentries","floor":14,"turns":13},{"damage":33,"enemies":"Hexaghost","floor":16,"turns":13},{"damage":13,"enemies":"2 Thieves","floor":18,"turns":5},{"damage":28,"enemies":"Spheric Guardian","floor":20,"turns":6},{"damage":34,"enemies":"Shelled Parasite and Fungi","floor":22,"turns":10},{"damage":13,"enemies":"Book of Stabbing","floor":27,"turns":7},{"damage":30,"enemies":"Snake Plant","floor":30,"turns":6},{"damage":9,"enemies":"Chosen and Byrds","floor":31,"turns":7},{"damage":72,"enemies":"Automaton","floor":33,"turns":6}],"seed_played":"-895657551583428302","potions_obtained":[{"floor":1,"key":"Ancient Potion"},{"floor":8,"key":"Swift Potion"},{"floor":22,"key":"PowerPotion"},{"floor":27,"key":"SkillPotion"}],"is_trial":false,"path_per_floor":["M","?","?","M","?","R","E","M","T","M","R","$","R","E","R","B",null,"M","?","M","$","M","R","$","R","T","E","?","R","M","M","R","B"],"character_chosen":"IRONCLAD","items_purchased":["Shrug It Off","True Grit","Whetstone","Shrug It Off"],"campfire_rested":2,"item_purchase_floors":[12,12,24,24],"current_hp_per_floor":[74,63,40,46,46,46,52,61,61,75,75,75,75,53,53,33,70,71,47,37,37,20,44,44,44,54,59,59,59,35,32,59,0],"gold":47,"neow_bonus":"THREE_ENEMY_KILL","is_prod":false,"is_daily":false,"chose_seed":false,"campfire_upgraded":6,"win_rate":0,"timestamp":1557650161,"path_taken":["M","?","?","M","?","R","E","M","T","M","R","$","R","E","R","BOSS","M","?","?","?","M","R","$","R","T","E","?","R","M","M","R","BOSS"],"build_version":"2019-05-07","purchased_purges":2,"victory":false,"max_hp_per_floor":[75,75,75,75,75,75,75,75,75,75,75,75,75,75,75,75,80,80,80,80,80,80,80,80,80,90,90,90,90,90,90,90,90],"card_choices":[{"not_picked":["Sword Boomerang","Clothesline"],"picked":"Flame Barrier","floor":1},{"not_picked":["Flex","Perfected Strike","Sentinel"],"picked":"SKIP","floor":4},{"not_picked":["Cleave","Flame Barrier"],"picked":"Reaper","floor":7},{"not_picked":["Warcry","Perfected Strike"],"picked":"Anger","floor":8},{"not_picked":["True Grit","Twin Strike"],"picked":"Disarm","floor":10},{"not_picked":["Perfected Strike","Power Through"],"picked":"Flame Barrier","floor":14},{"not_picked":["Limit Break","Bludgeon"],"picked":"Demon Form","floor":16},{"not_picked":["Armaments","Burning Pact"],"picked":"Twin Strike","floor":17},{"not_picked":["Pommel Strike","Sword Boomerang+1"],"picked":"Feel No Pain","floor":18},{"not_picked":["Body Slam+1","Thunderclap"],"picked":"Shockwave","floor":20},{"not_picked":["Searing Blow","Cleave"],"picked":"Sword Boomerang+1","floor":22},{"not_picked":["Anger","Clothesline"],"picked":"Impervious","floor":27},{"not_picked":["Shockwave","Flex","Cleave"],"picked":"SKIP","floor":30},{"not_picked":["Shockwave","Twin Strike","Clothesline"],"picked":"SKIP","floor":31}],"player_experience":1835232,"relics_obtained":[{"floor":7,"key":"Gremlin Horn"},{"floor":9,"key":"Darkstone Periapt"},{"floor":14,"key":"Paper Frog"},{"floor":26,"key":"Pear"},{"floor":27,"key":"Tiny Chest"}],"event_choices":[{"damage_healed":0,"gold_gain":75,"player_choice":"Gather Gold","damage_taken":11,"max_hp_gain":0,"max_hp_loss":0,"event_name":"World of Goop","floor":2,"gold_loss":0},{"damage_healed":0,"gold_gain":0,"player_choice":"Entered Light","damage_taken":23,"max_hp_gain":0,"max_hp_loss":0,"event_name":"Shining Light","floor":3,"gold_loss":0,"cards_upgraded":["Defend_R","Strike_R"]},{"damage_healed":0,"gold_gain":0,"player_choice":"Grow","damage_taken":0,"max_hp_gain":0,"max_hp_loss":0,"event_name":"Living Wall","floor":5,"gold_loss":0,"cards_upgraded":["Bash"]},{"damage_healed":0,"gold_gain":180,"player_choice":"GOLD GOLD ","damage_taken":24,"max_hp_gain":0,"max_hp_loss":0,"event_name":"Knowing Skull","floor":19,"potions_obtained":[],"gold_loss":0,"cards_obtained":[]},{"cards_removed":["Strike_R"],"damage_healed":0,"gold_gain":0,"player_choice":"Gave Gold","damage_taken":0,"max_hp_gain":0,"max_hp_loss":0,"event_name":"Beggar","floor":28,"gold_loss":75}],"is_beta":true,"boss_relics":[{"not_picked":["Eternal Feather","Runic Dome"],"picked":"Tiny House"}],"items_purged_floors":[12,21],"is_endless":false,"potions_floor_spawned":[1,8,16,22,27,30],"killed_by":"Automaton","ascension_level":19}