{"gold_per_floor":[12,24,34,34,53,78,96,106,158,158,169,94,128,128],"floor_reached":14,"playtime":447,"items_purged":["Strike_B"],"score":104,"play_id":"5e359833-341a-45c7-9044-9435516a047e","local_time":"20190414174052","is_ascension_mode":false,"campfire_choices":[{"data":"Defragment","floor":10,"key":"SMITH"}],"neow_cost":"NO_GOLD","seed_source_timestamp":1833992716611323,"circlet_count":0,"master_deck":["Strike_B","Strike_B","Strike_B","Defend_B","Defend_B","Defend_B","Defend_B","Zap","Dualcast","Sweeping Beam","Ball Lightning","Redo","Streamline","Defragment+1","Genetic Algorithm"],"relics":["Cracked Core","Ice Cream","Peace Pipe","Pen Nib","Sundial"],"potions_floor_usage":[13,13,14],"damage_taken":[{"damage":0,"enemies":"Cultist","floor":1,"turns":3},{"damage":0,"enemies":"Small Slimes","floor":2,"turns":2},{"damage":6,"enemies":"Jaw Worm","floor":3,"turns":2},{"damage":13,"enemies":"Red Slaver","floor":5,"turns":2},{"damage":31,"enemies":"3 Sentries","floor":6,"turns":6},{"damage":10,"enemies":"Looter","floor":7,"turns":3},{"damage":6,"enemies":"3 Louse","floor":8,"turns":2},{"damage":4,"enemies":"2 Fungi Beasts","floor":11,"turns":3},{"damage":11,"enemies":"Lagavulin","floor":13,"turns":5},{"damage":14,"enemies":"Large Slime","floor":14,"turns":2}],"seed_played":"-5351733166275053235","potions_obtained":[{"floor":3,"key":"Block Potion"},{"floor":7,"key":"Energy Potion"},{"floor":8,"key":"Swift Potion"},{"floor":13,"key":"Weak Potion"}],"is_trial":false,"path_per_floor":["M","M","M","?","M","E","M","M","T","R","M","$","E","M"],"character_chosen":"DEFECT","items_purchased":[],"campfire_rested":0,"item_purchase_floors":[],"current_hp_per_floor":[89,89,83,83,70,39,29,23,23,23,19,19,8,0],"gold":128,"neow_bonus":"TWENTY_PERCENT_HP_BONUS","is_prod":false,"is_daily":false,"chose_seed":false,"campfire_upgraded":1,"win_rate":0.0,"timestamp":1555256452,"path_taken":["M","M","?","?","M","E","?","M","T","R","M","$","E","M"],"build_version":"2019-04-04","purchased_purges":1,"victory":false,"max_hp_per_floor":[89,89,89,89,89,89,89,89,89,89,89,89,89,89],"card_choices":[{"not_picked":["Heatsinks","Melter"],"picked":"Sweeping Beam","floor":1},{"not_picked":["BootSequence","Hologram"],"picked":"Ball Lightning","floor":2},{"not_picked":["Hologram","Tempest"],"picked":"Redo","floor":3},{"not_picked":["Compile Driver","Turbo"],"picked":"Streamline","floor":5},{"not_picked":["Hologram","Go for the Eyes"],"picked":"Defragment","floor":6},{"not_picked":["Tempest","Cold Snap"],"picked":"Genetic Algorithm","floor":7},{"not_picked":["Redo","Force Field","Hello World"],"picked":"SKIP","floor":8},{"not_picked":["Turbo","Go for the Eyes","Conserve Battery"],"picked":"SKIP","floor":11},{"not_picked":["Compile Driver","Go for the Eyes","Sunder"],"picked":"SKIP","floor":13}],"player_experience":1116441,"relics_obtained":[{"floor":6,"key":"Peace Pipe"},{"floor":9,"key":"Pen Nib"},{"floor":13,"key":"Sundial"}],"event_choices":[{"damage_healed":0,"gold_gain":0,"player_choice":"Gave Potion","damage_taken":0,"relics_obtained":["Ice Cream"],"max_hp_gain":0,"max_hp_loss":0,"event_name":"WeMeetAgain","floor":4,"gold_loss":0}],"is_beta":true,"boss_relics":[],"items_purged_floors":[12],"is_endless":false,"potions_floor_spawned":[3,7,8,13],"killed_by":"Large Slime","ascension_level":0}