{"gold_per_floor":[117,127,52,69,86,86,113,113,113,113,144,219,219,239,239,316,316,331,342,149,166,116,116],"floor_reached":23,"playtime":1125,"items_purged":["Strike_B"],"score":342,"play_id":"9bc7ef2e-0f2c-45ad-ae4b-4f1c60e3e324","local_time":"20190409185253","is_ascension_mode":true,"campfire_choices":[{"data":"Creative AI","floor":6,"key":"SMITH"},{"data":"Chill","floor":10,"key":"SMITH"},{"floor":13,"key":"REST"},{"data":"Reinforced Body","floor":15,"key":"SMITH"}],"neow_cost":"NONE","seed_source_timestamp":290400028149100,"circlet_count":0,"master_deck":["AscendersBane","Strike_B","Strike_B","Defend_B","Defend_B","Defend_B","Defend_B","Zap","Dualcast+1","Creative AI+1","Coolheaded","FTL","Reinforced Body+1","Chill+1","Melter","Conserve Battery","Biased Cognition","Force Field","Magnetism","Force Field+1"],"relics":["Cracked Core","FossilizedHelix","Thread and Needle","Torii","Lizard Tail"],"potions_floor_usage":[2,21,23,23],"damage_taken":[{"damage":12,"enemies":"Small Slimes","floor":1,"turns":5},{"damage":4,"enemies":"Cultist","floor":2,"turns":4},{"damage":2,"enemies":"2 Louse","floor":4,"turns":4},{"damage":6,"enemies":"Looter","floor":5,"turns":3},{"damage":1,"enemies":"Lagavulin","floor":7,"turns":7},{"damage":25,"enemies":"Gremlin Nob","floor":11,"turns":6},{"damage":0,"enemies":"Exordium Wildlife","floor":14,"turns":5},{"damage":3,"enemies":"Hexaghost","floor":16,"turns":12},{"damage":51,"enemies":"Chosen","floor":18,"turns":11},{"damage":0,"enemies":"Spheric Guardian","floor":19,"turns":3},{"damage":0,"enemies":"Centurion and Healer","floor":21,"turns":7},{"damage":53,"enemies":"Slavers","floor":23,"turns":5}],"seed_played":"242401349132574345","potions_obtained":[{"floor":2,"key":"Fruit Juice"},{"floor":5,"key":"Energy Potion"},{"floor":11,"key":"Fire Potion"}],"is_trial":false,"path_per_floor":["M","M","$","M","M","R","E","?","T","R","E","?","R","M","R","B",null,"M","M","$","M","$","E"],"character_chosen":"DEFECT","items_purchased":["Magnetism","SkillPotion"],"campfire_rested":1,"item_purchase_floors":[20,22],"current_hp_per_floor":[52,53,53,51,45,45,44,44,44,44,19,12,34,34,34,31,65,14,14,14,14,14,0],"gold":116,"neow_bonus":"TRANSFORM_CARD","is_prod":false,"is_daily":false,"chose_seed":false,"campfire_upgraded":3,"win_rate":0,"timestamp":1554850373,"path_taken":["M","M","$","M","M","R","E","?","T","R","E","?","R","M","R","BOSS","M","M","$","?","$","E"],"build_version":"2019-01-23","purchased_purges":1,"victory":false,"max_hp_per_floor":[71,76,76,76,76,76,76,76,76,76,76,76,76,76,76,76,76,76,76,76,76,76,76],"card_choices":[{"not_picked":["Beam Cell","Steam"],"picked":"Coolheaded","floor":1},{"not_picked":["Consume","Leap"],"picked":"FTL","floor":2},{"not_picked":["Double Energy","Coolheaded"],"picked":"Reinforced Body","floor":4},{"not_picked":["Coolheaded","Beam Cell"],"picked":"Chill","floor":5},{"not_picked":["Coolheaded","Chaos"],"picked":"Melter","floor":7},{"not_picked":["Ball Lightning","Streamline"],"picked":"Conserve Battery","floor":11},{"not_picked":["Rip and Tear","Turbo","Gash"],"picked":"SKIP","floor":14},{"not_picked":["Fission","Hyperbeam"],"picked":"Biased Cognition","floor":16},{"not_picked":["Gash","Rebound"],"picked":"Force Field","floor":18},{"not_picked":["Coolheaded","Streamline","Sweeping Beam"],"picked":"SKIP","floor":19},{"not_picked":["Sweeping Beam","Hologram+1"],"picked":"Force Field+1","floor":21}],"player_experience":2625959,"relics_obtained":[{"floor":7,"key":"FossilizedHelix"},{"floor":9,"key":"Thread and Needle"},{"floor":11,"key":"Torii"}],"event_choices":[{"damage_healed":0,"gold_gain":0,"player_choice":"Grow","damage_taken":0,"max_hp_gain":0,"max_hp_loss":0,"event_name":"Living Wall","floor":8,"gold_loss":0,"cards_upgraded":["Dualcast"]},{"damage_healed":0,"gold_gain":75,"player_choice":"Touch","damage_taken":7,"max_hp_gain":0,"max_hp_loss":0,"event_name":"FaceTrader","floor":12,"gold_loss":0}],"is_beta":false,"boss_relics":[{"not_picked":["Sozu","Runic Dome"],"picked":"Lizard Tail"}],"items_purged_floors":[3],"is_endless":false,"potions_floor_spawned":[2,5,11,16,18],"killed_by":"Slavers","ascension_level":14}