{"gold_per_floor":[133,183,358,390,390,390,442,442,468,468,505,505,537,26,26,127,127,161,173,173,22,22,22,22,22,49,1,32,64,80,90,90,190,190,210,210,210,228,240,240],"floor_reached":40,"playtime":2932,"items_purged":["Strike_G","Strike_G"],"score":444,"play_id":"0f30a01e-077f-4941-83d8-f82c394a0649","local_time":"20181101002934","is_ascension_mode":true,"campfire_choices":[{"floor":6,"key":"RECALL"},{"floor":8,"key":"REST"},{"data":"Footwork","floor":10,"key":"SMITH"},{"data":"Neutralize","floor":12,"key":"SMITH"},{"floor":15,"key":"REST"},{"data":"A Thousand Cuts","floor":23,"key":"SMITH"},{"floor":32,"key":"REST"}],"neow_cost":"PERCENT_DAMAGE","seed_source_timestamp":219035118563432,"circlet_count":0,"master_deck":["Defend_G","Defend_G","Defend_G","Defend_G","Defend_G","Strike_G","Strike_G","Survivor","Neutralize+1","Impatience","Footwork+1","Caltrops","Doubt","Poisoned Stab","Leg Sweep","Crippling Poison","Blur","Well Laid Plans","A Thousand Cuts+1","Flying Knee","Cloak And Dagger","Cloak And Dagger","Blade Dance","Deadly Poison","Catalyst+1","Poisoned Stab","Bouncing Flask","PiercingWail","Corpse Explosion","Burst","Bane+1","Escape Plan"],"relics":["Ring of the Snake","Snake Skull","Oddly Smooth Stone","TwistedFunnel","Orrery","Strawberry","Bag of Marbles","White Beast Statue"],"potions_floor_usage":[13,16,16,28,31,31,33,39,39,40],"damage_taken":[{"damage":0,"enemies":"Cultist","floor":1,"turns":3},{"damage":4,"enemies":"Small Slimes","floor":2,"turns":5},{"damage":3,"enemies":"Jaw Worm","floor":4,"turns":7},{"damage":32,"enemies":"Gremlin Gang","floor":7,"turns":6},{"damage":11,"enemies":"Large Slime","floor":11,"turns":12},{"damage":0,"enemies":"3 Louse","floor":13,"turns":3},{"damage":5,"enemies":"Hexaghost","floor":16,"turns":12},{"damage":7,"enemies":"Chosen","floor":18,"turns":5},{"damage":1,"enemies":"Spheric Guardian","floor":19,"turns":3},{"damage":33,"enemies":"Book of Stabbing","floor":28,"turns":7},{"damage":16,"enemies":"Chosen and Byrds","floor":29,"turns":7},{"damage":5,"enemies":"Shelled Parasite and Fungi","floor":30,"turns":4},{"damage":19,"enemies":"Snake Plant","floor":31,"turns":5},{"damage":33,"enemies":"Collector","floor":33,"turns":9},{"damage":12,"enemies":"3 Shapes","floor":35,"turns":2},{"damage":13,"enemies":"3 Darklings","floor":38,"turns":8},{"damage":40,"enemies":"Writhing Mass","floor":39,"turns":4},{"damage":22,"enemies":"Nemesis","floor":40,"turns":2}],"seed_played":"-2368029485476462956","potions_obtained":[{"floor":7,"key":"PowerPotion"},{"floor":11,"key":"Explosive Potion"},{"floor":13,"key":"SkillPotion"},{"floor":16,"key":"Strength Potion"},{"floor":19,"key":"GamblersBrew"},{"floor":30,"key":"Regen Potion"},{"floor":31,"key":"PowerPotion"},{"floor":35,"key":"Fire Potion"},{"floor":38,"key":"FearPotion"},{"floor":39,"key":"PowerPotion"}],"is_trial":false,"path_per_floor":["M","M","?","M","T","R","M","R","T","R","M","R","M","$","R","B",null,"M","M","?","$","?","R","?","$","T","$","E","M","M","M","R","B",null,"M","?","?","M","M","E"],"character_chosen":"THE_SILENT","items_purchased":["Oddly Smooth Stone","TwistedFunnel","Well Laid Plans","Block Potion","Poisoned Stab"],"campfire_rested":3,"item_purchase_floors":[14,14,14,21,27],"current_hp_per_floor":[49,45,45,42,42,42,10,31,31,31,20,20,20,20,41,36,70,63,62,62,62,62,62,62,62,69,69,36,20,15,11,34,1,77,65,65,65,52,12,0],"gold":240,"neow_bonus":"RANDOM_COLORLESS_2","is_prod":false,"is_daily":false,"chose_seed":false,"campfire_upgraded":3,"win_rate":0,"timestamp":1541028574,"path_taken":["M","?","?","M","?","R","M","R","T","R","M","R","?","$","R","BOSS","M","M","?","$","?","R","?","?","T","$","E","M","M","M","R","BOSS","M","?","?","M","M","E"],"build_version":"2018-10-30","purchased_purges":2,"victory":false,"max_hp_per_floor":[70,70,70,70,70,70,70,70,70,70,70,70,70,70,70,70,70,70,70,70,70,70,70,70,70,77,77,77,77,77,77,77,77,77,77,77,77,77,77,77],"card_choices":[{"not_picked":["Sucker Punch","Quick Slash"],"picked":"Footwork","floor":1},{"not_picked":["Infinite Blades","Accuracy"],"picked":"Caltrops","floor":2},{"not_picked":["Infinite Blades","Blade Dance"],"picked":"Poisoned Stab","floor":4},{"not_picked":["Poisoned Stab","Predator"],"picked":"Leg Sweep","floor":7},{"not_picked":["Finisher","Reflex"],"picked":"Crippling Poison","floor":11},{"not_picked":["Reflex","Eviscerate"],"picked":"Blur","floor":13},{"not_picked":["Unload","Adrenaline"],"picked":"A Thousand Cuts","floor":16},{"not_picked":["Backflip","Sucker Punch"],"picked":"Flying Knee","floor":17},{"not_picked":["Reflex","Blur"],"picked":"Cloak And Dagger","floor":17},{"not_picked":["Finisher","Expertise"],"picked":"Cloak And Dagger","floor":17},{"not_picked":["Prepared","Underhanded Strike"],"picked":"Blade Dance","floor":17},{"not_picked":["Prepared","Acrobatics+1"],"picked":"Deadly Poison","floor":18},{"not_picked":["Die Die Die","Underhanded Strike"],"picked":"Catalyst+1","floor":19},{"not_picked":["Eviscerate","Acrobatics"],"picked":"Bouncing Flask","floor":28},{"not_picked":["Riddle With Holes+1","Setup+1"],"picked":"PiercingWail","floor":29},{"not_picked":["Quick Slash","Flying Knee+1","Dagger Spray"],"picked":"SKIP","floor":30},{"not_picked":["Slice","Dash"],"picked":"Corpse Explosion","floor":31},{"not_picked":["Doppelganger","Unload"],"picked":"Burst","floor":33},{"not_picked":["Terror","Outmaneuver+1","Flying Knee"],"picked":"SKIP","floor":35},{"not_picked":["Predator+1","Flechettes"],"picked":"Bane+1","floor":38},{"not_picked":["Blade Dance","Flechettes"],"picked":"Escape Plan","floor":39}],"player_experience":195643,"relics_obtained":[{"floor":9,"key":"Snake Skull"},{"floor":26,"key":"Strawberry"},{"floor":28,"key":"Bag of Marbles"}],"event_choices":[{"damage_healed":0,"gold_gain":175,"player_choice":"AGREE","damage_taken":0,"max_hp_gain":0,"max_hp_loss":0,"event_name":"Liars Game","floor":3,"gold_loss":0,"cards_obtained":["Doubt"]},{"cards_removed":["Strike_G"],"damage_healed":0,"gold_gain":0,"player_choice":"Elegance","damage_taken":0,"max_hp_gain":0,"max_hp_loss":0,"event_name":"Back to Basics","floor":20,"gold_loss":0},{"damage_healed":0,"gold_gain":0,"player_choice":"Ignored","damage_taken":0,"max_hp_gain":0,"max_hp_loss":0,"event_name":"Vampires","floor":22,"gold_loss":0},{"damage_healed":0,"gold_gain":0,"player_choice":"Ignored","damage_taken":0,"max_hp_gain":0,"max_hp_loss":0,"event_name":"Cursed Tome","floor":24,"gold_loss":0},{"damage_healed":0,"gold_gain":0,"player_choice":"Ignored","damage_taken":0,"max_hp_gain":0,"max_hp_loss":0,"event_name":"Tomb of Lord Red Mask","floor":36,"gold_loss":0},{"cards_removed":["HandOfGreed"],"damage_healed":0,"gold_gain":0,"player_choice":"Removed Attack","damage_taken":0,"max_hp_gain":0,"max_hp_loss":0,"event_name":"Falling","floor":37,"gold_loss":0}],"is_beta":true,"boss_relics":[{"not_picked":["Snecko Eye","WristBlade"],"picked":"Orrery"},{"not_picked":["Velvet Choker","Eternal Feather"],"picked":"White Beast Statue"}],"items_purged_floors":[14,21],"is_endless":false,"potions_floor_spawned":[7,11,13,16,19,30,31,35,38,39],"killed_by":"Nemesis","ascension_level":1}