{"gold_per_floor":[119,119,137,137,137,162,173,173,173,74,20,44,61,79,79,151,151,166,13,13,33,48,48,48],"floor_reached":24,"playtime":848,"items_purged":["Strike_R","Strike_R"],"score":423,"play_id":"7d967169-da40-4485-8b35-a1142d7a48a9","local_time":"20190502175505","is_ascension_mode":true,"campfire_choices":[{"data":"Armaments","floor":15,"key":"SMITH"},{"data":"Evolve","floor":23,"key":"SMITH"}],"neow_cost":"NONE","seed_source_timestamp":963506581561606,"circlet_count":0,"master_deck":["AscendersBane","Defend_R","Defend_R","Defend_R","Defend_R","Bash+1","Shrug It Off","Iron Wave","Heavy Blade","Iron Wave","Armaments+1","Headbutt","Shrug It Off","Headbutt","Immolate","Anger","Shrug It Off","Bite","Bite","Bite","Bite","Bite","Thunderclap","Evolve+1"],"relics":["Burning Blood","NeowsBlessing","Gambling Chip","Bottled Flame","FossilizedHelix","Odd Mushroom","Mark of Pain"],"potions_floor_usage":[7,16,22,24],"damage_taken":[{"damage":0,"enemies":"2 Louse","floor":1,"turns":1},{"damage":0,"enemies":"Cultist","floor":3,"turns":1},{"damage":0,"enemies":"3 Sentries","floor":6,"turns":1},{"damage":1,"enemies":"Small Slimes","floor":7,"turns":6},{"damage":23,"enemies":"The Mushroom Lair","floor":12,"turns":7},{"damage":3,"enemies":"Blue Slaver","floor":13,"turns":3},{"damage":2,"enemies":"2 Fungi Beasts","floor":14,"turns":5},{"damage":28,"enemies":"Slime Boss","floor":16,"turns":9},{"damage":33,"enemies":"3 Byrds","floor":18,"turns":6},{"damage":6,"enemies":"Shell Parasite","floor":21,"turns":3},{"damage":27,"enemies":"Snecko","floor":22,"turns":8},{"damage":49,"enemies":"Snake Plant","floor":24,"turns":4}],"seed_played":"-8441022661932924496","potions_obtained":[{"floor":3,"key":"BloodPotion"},{"floor":14,"key":"Fire Potion"},{"floor":16,"key":"Block Potion"},{"floor":18,"key":"SkillPotion"},{"floor":22,"key":"GamblersBrew"}],"is_trial":false,"path_per_floor":["M","?","M","?","?","E","M","?","T","$","$","?","M","M","R","B",null,"M","$","?","M","M","R","M"],"character_chosen":"IRONCLAD","items_purchased":["Iron Wave","Armaments","Shrug It Off"],"campfire_rested":0,"item_purchase_floors":[10,11,19],"current_hp_per_floor":[74,74,75,30,35,41,54,54,54,54,54,37,40,44,44,22,66,39,39,39,48,40,40,0],"gold":48,"neow_bonus":"THREE_ENEMY_KILL","is_prod":false,"is_daily":false,"chose_seed":false,"campfire_upgraded":2,"win_rate":0,"timestamp":1556812505,"path_taken":["M","?","?","?","?","E","M","?","T","?","$","?","M","M","R","BOSS","M","$","?","M","M","R","M"],"build_version":"2019-04-23","purchased_purges":2,"victory":false,"max_hp_per_floor":[75,75,75,75,80,80,80,80,80,80,80,80,80,80,80,80,80,80,80,56,56,56,56,56],"card_choices":[{"not_picked":["True Grit","Wild Strike"],"picked":"Shrug It Off","floor":1},{"not_picked":["Clash","Perfected Strike","Flex"],"picked":"SKIP","floor":3},{"not_picked":["Infernal Blade","Dual Wield"],"picked":"Iron Wave","floor":6},{"not_picked":["Seeing Red","Shrug It Off"],"picked":"Heavy Blade","floor":7},{"not_picked":["True Grit","Flex"],"picked":"Headbutt","floor":12},{"not_picked":["Sword Boomerang","Twin Strike"],"picked":"Shrug It Off","floor":13},{"not_picked":["Heavy Blade","Clash"],"picked":"Headbutt","floor":14},{"not_picked":["Juggernaut","Exhume"],"picked":"Immolate","floor":16},{"not_picked":["Searing Blow+1","Havoc"],"picked":"Anger","floor":18},{"not_picked":["Sword Boomerang","Pummel"],"picked":"Thunderclap","floor":21},{"not_picked":["Reckless Charge","Wild Strike+1"],"picked":"Evolve","floor":22}],"player_experience":1432482,"relics_obtained":[{"floor":6,"key":"Bottled Flame"},{"floor":9,"key":"FossilizedHelix"},{"floor":12,"key":"Odd Mushroom"}],"event_choices":[{"damage_healed":0,"gold_gain":0,"player_choice":"0 cards matched","damage_taken":0,"max_hp_gain":0,"max_hp_loss":0,"event_name":"Match and Keep!","floor":2,"gold_loss":0,"cards_obtained":[]},{"damage_healed":0,"gold_gain":0,"player_choice":"Success","damage_taken":45,"relics_obtained":["Gambling Chip"],"max_hp_gain":0,"max_hp_loss":0,"event_name":"Scrap Ooze","floor":4,"gold_loss":0},{"damage_healed":0,"gold_gain":0,"player_choice":"Donut","damage_taken":0,"max_hp_gain":5,"max_hp_loss":0,"event_name":"Big Fish","floor":5,"gold_loss":0},{"damage_healed":0,"gold_gain":0,"player_choice":"Grow","damage_taken":0,"max_hp_gain":0,"max_hp_loss":0,"event_name":"Living Wall","floor":8,"gold_loss":0,"cards_upgraded":["Bash"]},{"damage_healed":0,"gold_gain":0,"player_choice":"Fought Mushrooms","damage_taken":0,"max_hp_gain":0,"max_hp_loss":0,"event_name":"Mushrooms","floor":12,"gold_loss":0},{"damage_healed":0,"gold_gain":0,"player_choice":"Became a vampire","damage_taken":0,"max_hp_gain":0,"max_hp_loss":24,"event_name":"Vampires","floor":20,"gold_loss":0,"cards_obtained":["Bite","Bite","Bite","Bite","Bite"]}],"is_beta":true,"boss_relics":[{"not_picked":["Pandora\u0027s Box","Runic Dome"],"picked":"Mark of Pain"}],"items_purged_floors":[10,19],"is_endless":false,"potions_floor_spawned":[3,14,16,18,22],"killed_by":"Snake Plant","ascension_level":16}