{"path_per_floor":["M","M","M","M","?","E","R","E","T","E","M","M","?","M","R","B",null,"M","?","$","M","M"],"character_chosen":"IRONCLAD","items_purchased":["Molten Egg 2","Pommel Strike"],"gold_per_floor":[112,130,145,157,107,132,132,164,164,191,207,217,217,232,232,336,336,354,354,5,19,38],"floor_reached":23,"campfire_rested":0,"playtime":1911,"current_hp_per_floor":[80,80,77,80,80,78,78,79,79,64,66,71,55,61,61,62,80,76,76,76,52,50],"items_purged":["Strike_R"],"gold":38,"play_id":"274fb22d-8374-4a18-8450-6e8790dd342e","is_prod":false,"is_daily":false,"is_ascension_mode":true,"campfire_upgraded":2,"path_taken":["M","M","M","M","?","E","R","E","T","E","M","M","?","?","R","BOSS","M","?","$","M","M","E"],"build_version":"2018-02-01-PROD3","purchased_purges":1,"victory":false,"master_deck":["Strike_R","Strike_R","Defend_R+1","Defend_R+1","Defend_R+1","Defend_R","Bash","Ghostly Armor","Headbutt","Demon Form+1","Thunderclap","Anger","Metallicize","Uppercut+1","Flex","Dual Wield+1","Headbutt","Offering","Spot Weakness","Pommel Strike+1","Flame Barrier","Carnage+1"],"max_hp_per_floor":[80,80,80,80,80,80,80,80,80,80,80,80,80,80,80,80,80,80,80,80,80,80],"relics":["Burning Blood","Toolbox","Dodecahedron","Dead Branch","War Paint","Philosopher\u0027s Stone","Molten Egg 2"],"card_choices":[{"not_picked":["Armaments","Reckless Charge"],"picked":"Ghostly Armor"},{"not_picked":["Havoc","Corruption"],"picked":"Headbutt"},{"not_picked":["Twin Strike","Bloodletting"],"picked":"Demon Form"},{"not_picked":["Evolve","Armaments"],"picked":"Thunderclap"},{"not_picked":["Clash","Juggernaut"],"picked":"Anger"},{"not_picked":["Shockwave","Rage"],"picked":"Metallicize"},{"not_picked":["Hemokinesis","Armaments"],"picked":"Uppercut"},{"not_picked":["Twin Strike","Burning Pact"],"picked":"Flex"},{"not_picked":["Clothesline","Entrench"],"picked":"Dual Wield"},{"not_picked":["Intimidate","Combust"],"picked":"Headbutt"},{"not_picked":["Bludgeon","Demon Form"],"picked":"Offering"},{"not_picked":["Dual Wield","Armaments"],"picked":"Spot Weakness"},{"not_picked":["Ghostly Armor","Warcry"],"picked":"Flame Barrier"},{"not_picked":["Perfected Strike","Anger"],"picked":"Carnage"}],"player_experience":463385,"potions_floor_usage":[6,6,11,12,18,21,22,23],"damage_taken":[{"damage":1,"enemies":"Cultist","floor":1,"turns":3},{"damage":0,"enemies":"2 Louse","floor":2,"turns":3},{"damage":9,"enemies":"Small Slimes","floor":3,"turns":6},{"damage":0,"enemies":"2 Fungi Beasts","floor":4,"turns":3},{"damage":8,"enemies":"3 Sentries","floor":6,"turns":6},{"damage":5,"enemies":"Lagavulin","floor":8,"turns":5},{"damage":21,"enemies":"Gremlin Nob","floor":10,"turns":4},{"damage":4,"enemies":"3 Louse","floor":11,"turns":3},{"damage":1,"enemies":"Red Slaver","floor":12,"turns":3},{"damage":0,"enemies":"Exordium Wildlife","floor":14,"turns":2},{"damage":5,"enemies":"Slime Boss","floor":16,"turns":4},{"damage":10,"enemies":"Chosen","floor":18,"turns":3},{"damage":30,"enemies":"2 Thieves","floor":21,"turns":4},{"damage":8,"enemies":"Centurion and Healer","floor":22,"turns":6},{"damage":61,"enemies":"Gremlin Leader","floor":23,"turns":8}],"event_choices":[{"event_name":"The Cleric","player_choice":"Card Removal","floor":5,"damage_taken":0},{"event_name":"Shining Light","player_choice":"Entered Light","floor":13,"damage_taken":0},{"event_name":"Back to Basics","player_choice":"Elegance","floor":19,"damage_taken":0}],"boss_relics":[{"not_picked":["Eternal Feather","Calling Bell"],"picked":"Philosopher\u0027s Stone"}],"potions_floor_spawned":[3,4,8,11,12,16,18,21],"seed_played":"-6358044307068879715","killed_by":"Gremlin Leader","ascension_level":4,"is_trial":false}