{"path_per_floor":["M","M","M","M","M","E","M","R","T","M","M","M","M","M","R","B",null,"M","$","?","?","?","R","E","R","T","E","M","M","R","M","R"],"character_chosen":"IRONCLAD","items_purchased":["Bottled Flame"],"gold_per_floor":[118,132,142,162,182,211,223,223,223,239,259,272,284,304,304,402,402,419,175,175,175,175,175,209,209,209,240,254,266,266,286,286],"floor_reached":33,"campfire_rested":1,"playtime":2254,"current_hp_per_floor":[78,80,80,80,80,80,80,80,80,80,80,71,69,74,74,53,80,80,80,80,64,64,64,52,52,52,20,26,19,43,49,49],"items_purged":[],"gold":286,"play_id":"ffbd25c4-6bc0-473b-aa30-34af61cd7f3c","is_prod":false,"is_daily":false,"is_ascension_mode":false,"campfire_upgraded":4,"path_taken":["M","M","?","M","M","E","M","R","T","M","?","M","M","M","R","BOSS","M","$","?","?","?","R","E","R","T","E","M","M","R","M","R","BOSS"],"build_version":"2018-01-25-PROD3","purchased_purges":1,"victory":false,"master_deck":["Strike_R+1","Strike_R+1","Strike_R+1","Strike_R+1","Strike_R+1","Defend_R+1","Defend_R+1","Defend_R+1","Defend_R+1","Perfected Strike+1","Twin Strike","Flex","Twin Strike","Immolate","Shrug It Off","Pommel Strike+1","Warcry","Dual Wield+1","Shrug It Off","Twin Strike","Offering+1","Twin Strike","Twin Strike","Armaments","Necronomicurse","Demon Form","Dual Wield","Clash+1","Wild Strike+1","Wild Strike"],"max_hp_per_floor":[80,80,80,80,80,80,80,80,80,80,80,80,80,80,80,80,80,80,80,80,80,80,80,80,80,80,80,80,80,80,80,80],"relics":["Burning Blood","Girya","Ice Cream","Orrery","Bottled Flame","Necronomicon","Mummified Hand","Peace Pipe","Ancient Tea Set"],"card_choices":[{"not_picked":["Body Slam","Flex"],"picked":"Perfected Strike"},{"not_picked":["Disarm","Battle Trance"],"picked":"Twin Strike"},{"not_picked":["Seeing Red","Rage"],"picked":"Flex"},{"not_picked":["True Grit","Body Slam"],"picked":"Twin Strike"},{"not_picked":["Heavy Blade","Fire Breathing"],"picked":"Immolate"},{"not_picked":["Intimidate","Bludgeon"],"picked":"Shrug It Off"},{"not_picked":["Clothesline","Warcry"],"picked":"Pommel Strike"},{"not_picked":["Cleave","Sword Boomerang"],"picked":"Warcry"},{"not_picked":["Flex","Burning Pact"],"picked":"Dual Wield"},{"not_picked":["Rupture","Corruption"],"picked":"Shrug It Off"},{"not_picked":["Spot Weakness","Clash"],"picked":"Twin Strike"},{"not_picked":["Exhume","Immolate"],"picked":"Offering"},{"not_picked":["Thunderclap","Clothesline"],"picked":"Twin Strike"},{"not_picked":["Burning Pact","Bloodletting"],"picked":"Twin Strike"},{"not_picked":["Burning Pact","Bloodletting"],"picked":"Armaments"},{"not_picked":["Rage","Sever Soul"],"picked":"Demon Form"},{"not_picked":["Clash","Havoc"],"picked":"Dual Wield"},{"not_picked":["Havoc","Iron Wave"],"picked":"Clash"},{"not_picked":["Clash","Sword Boomerang"],"picked":"Wild Strike"},{"not_picked":["Clash","Warcry"],"picked":"Wild Strike"}],"player_experience":288708,"potions_floor_usage":[14,14,16,27,33],"damage_taken":[{"damage":8,"enemies":"Blue Slaver","floor":1,"turns":6},{"damage":0,"enemies":"Small Slimes","floor":2,"turns":2},{"damage":6,"enemies":"Jaw Worm","floor":3,"turns":2},{"damage":5,"enemies":"3 Louse","floor":4,"turns":2},{"damage":0,"enemies":"Large Slime","floor":5,"turns":5},{"damage":6,"enemies":"Gremlin Nob","floor":6,"turns":3},{"damage":1,"enemies":"Exordium Wildlife","floor":7,"turns":3},{"damage":1,"enemies":"3 Louse","floor":10,"turns":3},{"damage":0,"enemies":"Large Slime","floor":11,"turns":4},{"damage":15,"enemies":"Exordium Wildlife","floor":12,"turns":3},{"damage":8,"enemies":"Lots of Slimes","floor":13,"turns":5},{"damage":1,"enemies":"Exordium Thugs","floor":14,"turns":4},{"damage":27,"enemies":"Slime Boss","floor":16,"turns":8},{"damage":4,"enemies":"Spheric Guardian","floor":18,"turns":2},{"damage":18,"enemies":"Slavers","floor":24,"turns":6},{"damage":38,"enemies":"Gremlin Leader","floor":27,"turns":6},{"damage":0,"enemies":"Shell Parasite","floor":28,"turns":1},{"damage":13,"enemies":"3 Cultists","floor":29,"turns":5},{"damage":0,"enemies":"Centurion and Healer","floor":31,"turns":2},{"damage":54,"enemies":"Automaton","floor":33,"turns":5}],"event_choices":[{"event_name":"Bonfire Elementals","player_choice":"BASIC","floor":20,"damage_taken":0},{"event_name":"Cursed Tome","player_choice":"Obtained Book","floor":21,"damage_taken":0},{"event_name":"Back to Basics","player_choice":"Simplicity","floor":22,"damage_taken":0}],"boss_relics":[{"not_picked":["Runic Dome","Tiny House"],"picked":"Orrery"}],"potions_floor_spawned":[3,4,6,10,11,13,24,28,31],"seed_played":"-7854027581193109960","killed_by":"Automaton","ascension_level":0,"is_trial":false}