{"gold_per_floor":[119,119,119,130,181,181,33,33,33,47,47,47,62,73,73,178,178,198,178,189,89,89,89,119,119,119,119,146,163,177,1,1,105,105,118,118,49,67,19,19,19,35,35,55,55,69,20,20,20,20],"floor_reached":51,"playtime":2963,"items_purged":["Normality","Decay","Strike_R"],"score":700,"play_id":"d2e6327e-cbbf-4617-aad3-ef1d4a7e1499","local_time":"20181023173438","is_ascension_mode":false,"campfire_choices":[{"data":"Pommel Strike","floor":6,"key":"SMITH"},{"data":"Dark Embrace","floor":11,"key":"SMITH"},{"data":"Armaments","floor":15,"key":"SMITH"},{"floor":23,"key":"REST"},{"floor":25,"key":"REST"},{"data":"Demon Form","floor":27,"key":"SMITH"},{"floor":32,"key":"REST"},{"data":"Limit Break","floor":40,"key":"SMITH"},{"data":"Shrug It Off","floor":45,"key":"SMITH"},{"floor":49,"key":"REST"}],"neow_cost":"NONE","seed_source_timestamp":468283399566206,"circlet_count":0,"master_deck":["Strike_R","Defend_R","Defend_R","Defend_R","Defend_R","Bash","Injury","Inflame","Dramatic Entrance","Pommel Strike+1","Shrug It Off+1","Flex","Combust","Armaments+1","Demon Form+1","Heavy Blade+1","Thunderclap","Cleave","Clash","Flex+1","Disarm","Entrench","Limit Break+1","Brutality+1","Feel No Pain+1","Seeing Red+1","Heavy Blade+1","Shockwave","Clothesline+1","Fire Breathing+1","Parasite","Twin Strike","Madness","Madness"],"relics":["Calling Bell","Vajra","Mummified Hand","Mango","Lantern","Strawberry","Regal Pillow","Eternal Feather","Self Forming Clay","Anchor","Nunchaku","Astrolabe","Letter Opener"],"potions_floor_usage":[16,18,20,24,33,33,35,42,50,50,50],"damage_taken":[{"damage":4,"enemies":"2 Louse","floor":1,"turns":4},{"damage":6,"enemies":"Cultist","floor":4,"turns":4},{"damage":0,"enemies":"Small Slimes","floor":10,"turns":2},{"damage":2,"enemies":"Looter","floor":13,"turns":2},{"damage":1,"enemies":"2 Fungi Beasts","floor":14,"turns":2},{"damage":44,"enemies":"Slime Boss","floor":16,"turns":8},{"damage":10,"enemies":"3 Byrds","floor":18,"turns":3},{"damage":25,"enemies":"2 Thieves","floor":19,"turns":4},{"damage":39,"enemies":"Snecko","floor":20,"turns":6},{"damage":31,"enemies":"Gremlin Leader","floor":24,"turns":6},{"damage":22,"enemies":"Slavers","floor":28,"turns":4},{"damage":15,"enemies":"Chosen and Byrds","floor":29,"turns":5},{"damage":19,"enemies":"3 Cultists","floor":30,"turns":4},{"damage":66,"enemies":"Champ","floor":33,"turns":8},{"damage":31,"enemies":"3 Darklings","floor":35,"turns":6},{"damage":7,"enemies":"3 Shapes","floor":38,"turns":5},{"damage":15,"enemies":"Maw","floor":42,"turns":6},{"damage":25,"enemies":"Spire Growth","floor":44,"turns":5},{"damage":8,"enemies":"Writhing Mass","floor":46,"turns":4},{"damage":78,"enemies":"Awakened One","floor":50,"turns":11}],"seed_played":"-2076657437566535886","potions_obtained":[{"floor":1,"key":"Weak Potion"},{"floor":13,"key":"Explosive Potion"},{"floor":14,"key":"Weak Potion"},{"floor":20,"key":"Explosive Potion"},{"floor":24,"key":"FearPotion"},{"floor":33,"key":"Dexterity Potion"},{"floor":42,"key":"Swift Potion"},{"floor":44,"key":"Weak Potion"}],"is_trial":false,"path_per_floor":["M","?","?","M","T","R","$","?","T","M","R","?","M","M","R","B",null,"M","M","M","$","?","R","E","R","T","R","E","M","M","$","R","B",null,"M","?","$","M","$","R","$","M","T","M","R","M","$","?","R","B"],"character_chosen":"IRONCLAD","items_purchased":["Shrug It Off","Flex","SteroidPotion","Shockwave","PowerPotion","Block Potion"],"campfire_rested":4,"item_purchase_floors":[7,7,31,37,39,47],"current_hp_per_floor":[90,90,90,84,84,84,84,88,88,88,88,88,86,85,85,41,101,91,66,27,27,27,84,53,101,101,101,79,64,45,45,101,35,101,70,70,70,63,63,78,78,63,63,38,56,48,48,35,98,20],"gold":20,"neow_bonus":"BOSS_RELIC","is_prod":false,"is_daily":false,"chose_seed":false,"campfire_upgraded":6,"win_rate":0.0,"timestamp":1540308878,"path_taken":["M","?","?","M","?","R","$","?","T","M","R","?","M","M","R","BOSS","M","M","M","$","?","R","E","R","T","R","E","?","M","$","R","BOSS","M","?","$","M","$","R","$","M","T","?","R","M","?","?","R","BOSS"],"build_version":"2018-10-18","purchased_purges":3,"victory":true,"max_hp_per_floor":[94,94,94,94,94,94,94,101,101,101,101,101,101,101,101,101,101,101,101,101,101,101,101,101,101,101,101,101,101,101,101,101,101,101,101,101,101,101,101,101,101,101,101,101,101,101,101,101,101,101],"card_choices":[{"not_picked":["Headbutt","Flame Barrier"],"picked":"Inflame","floor":1},{"not_picked":["Flex","Dual Wield"],"picked":"Pommel Strike","floor":4},{"not_picked":["Flex","Thunderclap"],"picked":"Combust","floor":10},{"not_picked":["Flex","Sever Soul","Reckless Charge"],"picked":"SKIP","floor":13},{"not_picked":["Clash","Immolate"],"picked":"Armaments","floor":14},{"not_picked":["Berserk","Dark Embrace"],"picked":"Demon Form","floor":16},{"not_picked":["Wild Strike+1","Sever Soul+1"],"picked":"Heavy Blade+1","floor":18},{"not_picked":["Seeing Red","Iron Wave"],"picked":"Thunderclap","floor":19},{"not_picked":["Blood for Blood","Perfected Strike"],"picked":"Cleave","floor":20},{"not_picked":["Headbutt","Fiend Fire"],"picked":"Flex+1","floor":24},{"not_picked":["Pommel Strike","Demon Form"],"picked":"Disarm","floor":28},{"not_picked":["Corruption","Iron Wave","Wild Strike"],"picked":"SKIP","floor":29},{"not_picked":["Rage","Armaments+1"],"picked":"Entrench","floor":30},{"not_picked":["Offering","Bludgeon"],"picked":"Limit Break","floor":33},{"not_picked":["Thunderclap","Ghostly Armor+1"],"picked":"Heavy Blade+1","floor":35},{"not_picked":["Shockwave+1","Twin Strike"],"picked":"Clothesline+1","floor":38},{"not_picked":["Perfected Strike+1","Twin Strike"],"picked":"Fire Breathing+1","floor":42},{"not_picked":["Corruption","Clash+1","Perfected Strike"],"picked":"SKIP","floor":44},{"not_picked":["Anger+1","Pommel Strike+1"],"picked":"Twin Strike","floor":46}],"player_experience":100521,"relics_obtained":[{"floor":0,"key":"Vajra"},{"floor":0,"key":"Mummified Hand"},{"floor":0,"key":"Mango"},{"floor":5,"key":"Lantern"},{"floor":9,"key":"Regal Pillow"},{"floor":24,"key":"Self Forming Clay"},{"floor":26,"key":"Anchor"},{"floor":28,"key":"Nunchaku"},{"floor":43,"key":"Letter Opener"}],"event_choices":[{"damage_healed":0,"gold_gain":0,"player_choice":"2 cards matched","damage_taken":0,"max_hp_gain":0,"max_hp_loss":0,"event_name":"Match and Keep!","floor":2,"gold_loss":0,"cards_obtained":["Dark Embrace","Dramatic Entrance"]},{"damage_healed":0,"gold_gain":0,"player_choice":"Ignored","damage_taken":0,"max_hp_gain":0,"max_hp_loss":0,"event_name":"Liars Game","floor":3,"gold_loss":0},{"damage_healed":0,"gold_gain":0,"player_choice":"Success","damage_taken":3,"relics_obtained":["Strawberry"],"max_hp_gain":0,"max_hp_loss":0,"event_name":"Scrap Ooze","floor":8,"gold_loss":0},{"damage_healed":0,"gold_gain":0,"cards_transformed":["Dark Embrace"],"player_choice":"Transformed","damage_taken":0,"max_hp_gain":0,"max_hp_loss":0,"event_name":"Transmorgrifier","floor":12,"gold_loss":0,"cards_obtained":["Heavy Blade"]},{"damage_healed":0,"gold_gain":0,"cards_transformed":["Heavy Blade"],"player_choice":"Transformed","damage_taken":0,"max_hp_gain":0,"max_hp_loss":0,"event_name":"Transmorgrifier","floor":22,"gold_loss":0,"cards_obtained":["Clash"]},{"damage_healed":0,"gold_gain":0,"player_choice":"Ignored","damage_taken":0,"max_hp_gain":0,"max_hp_loss":0,"event_name":"Mysterious Sphere","floor":36,"gold_loss":0},{"damage_healed":0,"gold_gain":0,"player_choice":"Embrace Madness","damage_taken":13,"max_hp_gain":0,"max_hp_loss":0,"event_name":"Winding Halls","floor":48,"gold_loss":0,"cards_obtained":["Madness","Madness"]}],"is_beta":false,"boss_relics":[{"not_picked":["Black Star","Runic Cube"],"picked":"Eternal Feather"},{"not_picked":["Runic Pyramid","Cursed Key"],"picked":"Astrolabe"}],"items_purged_floors":[7,21,31],"is_endless":false,"potions_floor_spawned":[1,13,14,20,24,33,42,44],"ascension_level":0}