{"gold_per_floor":[117,131,145,220,220,220,247,247,247,48,63,63,75,154,154,228,228,246,246,12,31,41,41,66,66,66,66,66,100,110,124,124,124],"floor_reached":33,"playtime":1004,"items_purged":[],"score":542,"play_id":"6cf15006-6831-435b-8986-709f3d098dc4","local_time":"20190505124152","is_ascension_mode":true,"campfire_choices":[{"floor":6,"key":"REST"},{"floor":12,"key":"REST"},{"data":"Reinforced Body","floor":15,"key":"SMITH"},{"floor":23,"key":"REST"},{"floor":25,"key":"REST"},{"floor":32,"key":"REST"}],"neow_cost":"NONE","seed_source_timestamp":1203756810407944,"circlet_count":0,"master_deck":["AscendersBane","Strike_B+1","Strike_B+1","Strike_B+1","Strike_B+1","Defend_B+1","Defend_B+1","Defend_B+1","Defend_B+1","Zap","Dualcast","Rip and Tear","Barrage","Ball Lightning","Sweeping Beam","Self Repair","Reinforced Body+1","Sweeping Beam","Electrodynamics","Writhe","Defragment","Go for the Eyes","Capacitor","Doom and Gloom","Genetic Algorithm","Steam","Biased Cognition","Defragment","Compile Driver"],"relics":["Cracked Core","The Courier","Potion Belt","Matryoshka","Regal Pillow","Pen Nib","Shuriken","Fusion Hammer","Torii","Ancient Tea Set","Juzu Bracelet","MutagenicStrength","Mummified Hand"],"potions_floor_usage":[24,24,24,29,31,33],"damage_taken":[{"damage":4,"enemies":"Jaw Worm","floor":1,"turns":4},{"damage":3,"enemies":"Small Slimes","floor":2,"turns":2},{"damage":1,"enemies":"Cultist","floor":3,"turns":3},{"damage":32,"enemies":"Gremlin Nob","floor":7,"turns":4},{"damage":24,"enemies":"Large Slime","floor":11,"turns":5},{"damage":0,"enemies":"Exordium Wildlife","floor":13,"turns":3},{"damage":25,"enemies":"Slime Boss","floor":16,"turns":7},{"damage":0,"enemies":"Spheric Guardian","floor":18,"turns":3},{"damage":23,"enemies":"2 Thieves","floor":21,"turns":3},{"damage":6,"enemies":"Chosen and Byrds","floor":22,"turns":5},{"damage":49,"enemies":"Slavers","floor":24,"turns":4},{"damage":29,"enemies":"Book of Stabbing","floor":29,"turns":5},{"damage":24,"enemies":"Snake Plant","floor":30,"turns":3},{"damage":19,"enemies":"3 Cultists","floor":31,"turns":4},{"damage":60,"enemies":"Collector","floor":33,"turns":6}],"seed_played":"6718556477387404350","potions_obtained":[{"floor":2,"key":"Poison Potion"},{"floor":7,"key":"FairyPotion"},{"floor":16,"key":"FocusPotion"},{"floor":21,"key":"Fire Potion"},{"floor":22,"key":"Poison Potion"},{"floor":30,"key":"FocusPotion"},{"floor":31,"key":"Swift Potion"}],"is_trial":false,"path_per_floor":["M","M","M","?","?","R","E","?","T","$","M","R","M","T","R","B",null,"M","?","$","M","M","R","E","R","T","?","?","E","M","M","R","B"],"character_chosen":"DEFECT","items_purchased":["Self Repair","Regal Pillow","Defragment","Go for the Eyes","Capacitor","Doom and Gloom"],"campfire_rested":5,"item_purchase_floors":[10,10,20,20,20,20],"current_hp_per_floor":[67,64,63,52,26,49,17,17,17,17,14,52,52,52,52,27,65,72,72,72,49,50,78,29,67,67,67,67,45,21,9,47,0],"gold":124,"neow_bonus":"TEN_PERCENT_HP_BONUS","is_prod":false,"is_daily":false,"chose_seed":false,"campfire_upgraded":1,"win_rate":0,"timestamp":1557052912,"path_taken":["M","M","M","?","?","R","E","?","T","?","?","R","M","?","R","BOSS","M","?","$","M","M","R","E","R","T","?","?","E","M","M","R","BOSS"],"build_version":"2019-04-23","purchased_purges":0,"victory":false,"max_hp_per_floor":[78,78,78,78,78,78,78,78,78,78,78,78,78,78,78,78,78,78,78,78,78,78,78,78,78,78,78,78,78,78,78,78,78],"card_choices":[{"not_picked":["Barrage","Turbo"],"picked":"Rip and Tear","floor":1},{"not_picked":["Stack","Redo"],"picked":"Barrage","floor":2},{"not_picked":["Gash","Compile Driver"],"picked":"Ball Lightning","floor":3},{"not_picked":["FTL","Turbo"],"picked":"Sweeping Beam","floor":7},{"not_picked":["Rebound","Compile Driver"],"picked":"Reinforced Body","floor":11},{"not_picked":["Streamline","Gash"],"picked":"Sweeping Beam","floor":13},{"not_picked":["Meteor Strike","Multi-Cast"],"picked":"Electrodynamics","floor":16},{"not_picked":["Turbo","Streamline","Storm"],"picked":"SKIP","floor":18},{"not_picked":["Static Discharge+1","Turbo+1"],"picked":"Genetic Algorithm","floor":21},{"not_picked":["Beam Cell","Leap","Rebound"],"picked":"SKIP","floor":22},{"not_picked":["Beam Cell+1","Rebound"],"picked":"Steam","floor":24},{"not_picked":["Heatsinks","Gash"],"picked":"Biased Cognition","floor":29},{"not_picked":["Redo","Aggregate"],"picked":"Defragment","floor":30},{"not_picked":["Gash","Double Energy"],"picked":"Compile Driver","floor":31}],"player_experience":1513148,"relics_obtained":[{"floor":7,"key":"Potion Belt"},{"floor":9,"key":"Matryoshka"},{"floor":14,"key":"Pen Nib"},{"floor":14,"key":"Shuriken"},{"floor":24,"key":"Ancient Tea Set"},{"floor":26,"key":"Juzu Bracelet"},{"floor":29,"key":"Mummified Hand"}],"event_choices":[{"damage_healed":0,"gold_gain":75,"player_choice":"Gather Gold","damage_taken":11,"max_hp_gain":0,"max_hp_loss":0,"event_name":"World of Goop","floor":4,"gold_loss":0},{"damage_healed":0,"gold_gain":0,"player_choice":"Success","damage_taken":26,"relics_obtained":["The Courier"],"max_hp_gain":0,"max_hp_loss":0,"event_name":"Scrap Ooze","floor":5,"gold_loss":0},{"damage_healed":0,"gold_gain":0,"player_choice":"Ignored","damage_taken":0,"max_hp_gain":0,"max_hp_loss":0,"event_name":"Golden Wing","floor":8,"gold_loss":0},{"damage_healed":0,"gold_gain":0,"player_choice":"Opened","damage_taken":0,"relics_obtained":["Torii"],"max_hp_gain":0,"max_hp_loss":0,"event_name":"The Mausoleum","floor":19,"gold_loss":0,"cards_obtained":["Writhe"]},{"damage_healed":0,"gold_gain":0,"player_choice":"Simplicity","damage_taken":0,"max_hp_gain":0,"max_hp_loss":0,"event_name":"Back to Basics","floor":27,"gold_loss":0,"cards_upgraded":["Strike_B","Strike_B","Strike_B","Strike_B","Defend_B","Defend_B","Defend_B","Defend_B"]},{"damage_healed":0,"gold_gain":0,"player_choice":"Inject Mutagens","damage_taken":0,"relics_obtained":["MutagenicStrength"],"max_hp_gain":0,"max_hp_loss":0,"event_name":"Drug Dealer","floor":28,"gold_loss":0}],"is_beta":true,"boss_relics":[{"not_picked":["White Beast Statue","Snecko Eye"],"picked":"Fusion Hammer"}],"items_purged_floors":[],"is_endless":false,"potions_floor_spawned":[2,7,16,21,22,30,31],"killed_by":"Collector","ascension_level":18}