{"gold_per_floor":[364,364,378,394,394,394,18,53,53,53,53,76,76,99,99,195,195,216,237,287,307,207,207,231,262,286,286],"floor_reached":27,"playtime":1040,"items_purged":["Writhe","Strike_R"],"score":404,"play_id":"8d205ef6-aaaa-4ec0-b558-44b2cb38e535","local_time":"20190430201136","is_ascension_mode":true,"campfire_choices":[{"data":"Combust","floor":6,"key":"SMITH"},{"data":"1","floor":11,"key":"LIFT"},{"data":"2","floor":13,"key":"LIFT"},{"data":"3","floor":15,"key":"LIFT"},{"floor":23,"key":"RECALL"}],"neow_cost":"CURSE","seed_source_timestamp":798705140307299,"circlet_count":0,"master_deck":["AscendersBane","Strike_R","Strike_R","Strike_R","Strike_R","Defend_R","Defend_R","Defend_R","Defend_R","Bash+1","Battle Trance","Combust+1","Ghostly Armor","Rampage","Shrug It Off","Shrug It Off","Cleave","Juggernaut","True Grit","Headbutt","Seeing Red"],"relics":["Burning Blood","Golden Idol","ClockworkSouvenir","Girya","Dodecahedron","Bag of Preparation","Ancient Tea Set","Fusion Hammer","Happy Flower","Regal Pillow"],"potions_floor_usage":[16,21,21],"damage_taken":[{"damage":0,"enemies":"Small Slimes","floor":1,"turns":3},{"damage":8,"enemies":"2 Louse","floor":3,"turns":4},{"damage":4,"enemies":"Cultist","floor":4,"turns":4},{"damage":34,"enemies":"Gremlin Nob","floor":8,"turns":4},{"damage":0,"enemies":"Blue Slaver","floor":14,"turns":3},{"damage":20,"enemies":"Hexaghost","floor":16,"turns":13},{"damage":0,"enemies":"Chosen","floor":18,"turns":4},{"damage":5,"enemies":"Spheric Guardian","floor":19,"turns":4},{"damage":6,"enemies":"Shelled Parasite and Fungi","floor":21,"turns":3},{"damage":6,"enemies":"Snake Plant","floor":24,"turns":2},{"damage":52,"enemies":"Book of Stabbing","floor":25,"turns":6},{"damage":23,"enemies":"3 Cultists","floor":27,"turns":3}],"seed_played":"3950248825386898636","potions_obtained":[{"floor":4,"key":"SkillPotion"},{"floor":14,"key":"Swift Potion"},{"floor":16,"key":"Energy Potion"},{"floor":18,"key":"Block Potion"},{"floor":24,"key":"Strength Potion"}],"is_trial":false,"path_per_floor":["M","?","M","M","?","R","$","E","T","?","R","T","R","M","R","B",null,"M","M","?","M","$","R","M","E","T","M"],"character_chosen":"IRONCLAD","items_purchased":["ClockworkSouvenir","Rampage","Shrug It Off"],"campfire_rested":0,"item_purchase_floors":[7,7,7],"current_hp_per_floor":[74,48,46,48,48,48,48,20,20,15,15,15,15,21,21,7,58,64,65,65,65,65,65,65,19,19,0],"gold":286,"neow_bonus":"TWO_FIFTY_GOLD","is_prod":false,"is_daily":false,"chose_seed":false,"campfire_upgraded":1,"win_rate":0,"timestamp":1556647896,"path_taken":["M","?","M","M","?","R","$","E","T","?","R","?","R","M","R","BOSS","M","M","?","M","$","R","M","E","T","M"],"build_version":"2019-04-23","purchased_purges":2,"victory":false,"max_hp_per_floor":[75,75,75,75,75,75,75,75,75,75,75,75,75,75,75,75,75,75,75,75,75,75,75,75,75,75,75],"card_choices":[{"not_picked":["True Grit","Cleave"],"picked":"Battle Trance","floor":1},{"not_picked":["Sever Soul","Heavy Blade"],"picked":"Combust","floor":3},{"not_picked":["Burning Pact","Flex"],"picked":"Ghostly Armor","floor":4},{"not_picked":["Battle Trance","Infernal Blade"],"picked":"Shrug It Off","floor":8},{"not_picked":["Sentinel","Metallicize"],"picked":"Cleave","floor":14},{"not_picked":["Immolate","Exhume"],"picked":"Juggernaut","floor":16},{"not_picked":["Clothesline","Sentinel"],"picked":"True Grit","floor":18},{"not_picked":["Twin Strike","Havoc"],"picked":"Headbutt","floor":19},{"not_picked":["Entrench","Armaments","Anger"],"picked":"SKIP","floor":21},{"not_picked":["Spot Weakness","Dropkick+1","Perfected Strike"],"picked":"SKIP","floor":24},{"not_picked":["Rampage","Thunderclap"],"picked":"Seeing Red","floor":25}],"player_experience":1372236,"relics_obtained":[{"floor":8,"key":"Girya"},{"floor":9,"key":"Dodecahedron"},{"floor":12,"key":"Ancient Tea Set"},{"floor":25,"key":"Happy Flower"},{"floor":26,"key":"Regal Pillow"}],"event_choices":[{"damage_healed":0,"gold_gain":0,"player_choice":"Take Damage","damage_taken":26,"relics_obtained":["Golden Idol"],"max_hp_gain":0,"max_hp_loss":0,"event_name":"Golden Idol","floor":2,"gold_loss":0},{"damage_healed":0,"gold_gain":0,"player_choice":"Grow","damage_taken":0,"max_hp_gain":0,"max_hp_loss":0,"event_name":"Living Wall","floor":5,"gold_loss":0,"cards_upgraded":["Bash"]},{"damage_healed":0,"gold_gain":0,"player_choice":"Success","damage_taken":5,"relics_obtained":["Bag of Preparation"],"max_hp_gain":0,"max_hp_loss":0,"event_name":"Scrap Ooze","floor":10,"gold_loss":0},{"damage_healed":0,"gold_gain":50,"player_choice":"Stole From Cult","damage_taken":0,"max_hp_gain":0,"max_hp_loss":0,"event_name":"Nest","floor":20,"gold_loss":0}],"is_beta":true,"boss_relics":[{"not_picked":["Eternal Feather","Runic Cube"],"picked":"Fusion Hammer"}],"items_purged_floors":[7,22],"is_endless":false,"potions_floor_spawned":[4,14,16,18,19,24],"killed_by":"3 Cultists","ascension_level":15}