{"gold_per_floor":[369,369,369,387,21,53,71,71,95,95],"floor_reached":10,"playtime":332,"items_purged":["Strike_G"],"score":132,"play_id":"df7bdafd-1913-4bec-9843-5c5e33559593","local_time":"20190519143356","is_ascension_mode":true,"campfire_choices":[{"floor":8,"key":"REST"}],"neow_cost":"PERCENT_DAMAGE","seed_source_timestamp":2420752966365056,"circlet_count":0,"master_deck":["AscendersBane","Defend_G","Defend_G","Defend_G","Defend_G","Defend_G","Strike_G","Strike_G","Strike_G","Strike_G","Survivor","Neutralize","Backflip","Riddle With Holes","Dagger Spray","Backflip"],"relics":["Ring of the Snake","Ancient Tea Set","Pantograph","Darkstone Periapt","Dream Catcher"],"potions_floor_usage":[10],"damage_taken":[{"damage":8,"enemies":"Small Slimes","floor":1,"turns":3},{"damage":0,"enemies":"2 Louse","floor":4,"turns":4},{"damage":37,"enemies":"3 Sentries","floor":6,"turns":11},{"damage":1,"enemies":"Cultist","floor":7,"turns":4},{"damage":25,"enemies":"Gremlin Gang","floor":10,"turns":3}],"seed_played":"2542368781138369472","potions_obtained":[{"floor":1,"key":"PowerPotion"},{"floor":6,"key":"Energy Potion"}],"is_trial":false,"path_per_floor":["M","?","?","M","$","E","M","R","T","M"],"character_chosen":"THE_SILENT","items_purchased":["Pantograph","Dagger Spray"],"campfire_rested":1,"item_purchase_floors":[5,5],"current_hp_per_floor":[36,41,41,41,41,4,3,24,24,0],"gold":95,"neow_bonus":"TWO_FIFTY_GOLD","is_prod":false,"is_daily":false,"chose_seed":false,"campfire_upgraded":0,"win_rate":0,"timestamp":1558269236,"path_taken":["M","?","?","M","$","E","?","R","T","?"],"build_version":"2019-05-07","purchased_purges":1,"victory":false,"max_hp_per_floor":[66,71,71,71,71,71,71,71,71,71],"card_choices":[{"not_picked":["Infinite Blades","Setup"],"picked":"Backflip","floor":1},{"not_picked":["Deflect","Reflex"],"picked":"Riddle With Holes","floor":4},{"not_picked":["Blade Dance","Expertise","Prepared"],"picked":"SKIP","floor":6},{"not_picked":["Bane","Eviscerate"],"picked":"Backflip","floor":7}],"player_experience":2043580,"relics_obtained":[{"floor":6,"key":"Darkstone Periapt"},{"floor":9,"key":"Dream Catcher"}],"event_choices":[{"damage_healed":0,"gold_gain":0,"player_choice":"Donut","damage_taken":0,"max_hp_gain":5,"max_hp_loss":0,"event_name":"Big Fish","floor":2,"gold_loss":0},{"damage_healed":0,"gold_gain":0,"player_choice":"Gave Potion","damage_taken":0,"relics_obtained":["Ancient Tea Set"],"max_hp_gain":0,"max_hp_loss":0,"event_name":"WeMeetAgain","floor":3,"gold_loss":0}],"is_beta":true,"boss_relics":[],"items_purged_floors":[5],"is_endless":false,"potions_floor_spawned":[1,6],"killed_by":"Gremlin Gang","ascension_level":20}