{"gold_per_floor":[119,119,1,1,1,1,64,64,64,78,113,181,195,228,228,324,324,347,20,34,52,102,102,142,142,195,245,245,295,121,165,165,263,263,279,302,321,39,89,103,103],"floor_reached":41,"playtime":1969,"items_purged":["Injury","Normality"],"score":818,"play_id":"7f474f93-189c-46ab-a345-d9cb5789e2f0","local_time":"20190501112155","is_ascension_mode":true,"campfire_choices":[{"data":"Metallicize","floor":6,"key":"SMITH"},{"data":"Iron Wave","floor":8,"key":"SMITH"},{"data":"Shockwave","floor":15,"key":"SMITH"},{"data":"Disarm","floor":23,"key":"SMITH"},{"data":"Inflame","floor":25,"key":"SMITH"},{"data":"Inflame","floor":28,"key":"SMITH"},{"data":"RitualDagger","floor":32,"key":"SMITH"}],"neow_cost":"PERCENT_DAMAGE","seed_source_timestamp":852394624586188,"circlet_count":0,"master_deck":["AscendersBane","Defend_R+1","Defend_R","Defend_R","Defend_R","Bash+1","Metallicize+1","Iron Wave+1","Inflame+1","Anger","Iron Wave","Shockwave+1","Metallicize","Inflame+1","Reaper","Metallicize","Iron Wave","Disarm+1","Armaments+1","Bite","Bite","Bite","Bite","Bite","RitualDagger+1","Brutality","Shrug It Off","Iron Wave","Combust+1","Shockwave","Madness","Madness","Flame Barrier"],"relics":["Burning Blood","Mango","Golden Idol","SsserpentHead","Pocketwatch","Potion Belt","Orichalcum","Cursed Key","Self Forming Clay","Enchiridion","Happy Flower","PreservedInsect","Bronze Scales","Mercury Hourglass"],"potions_floor_usage":[11,12,33,40,41,41],"damage_taken":[{"damage":7,"enemies":"Small Slimes","floor":1,"turns":4},{"damage":7,"enemies":"2 Louse","floor":7,"turns":3},{"damage":0,"enemies":"Cultist","floor":10,"turns":4},{"damage":8,"enemies":"Lagavulin","floor":11,"turns":6},{"damage":7,"enemies":"Lots of Slimes","floor":12,"turns":2},{"damage":3,"enemies":"Blue Slaver","floor":13,"turns":4},{"damage":17,"enemies":"Gremlin Nob","floor":14,"turns":4},{"damage":18,"enemies":"Slime Boss","floor":16,"turns":8},{"damage":10,"enemies":"3 Byrds","floor":18,"turns":6},{"damage":2,"enemies":"Chosen","floor":20,"turns":4},{"damage":9,"enemies":"Sentry and Sphere","floor":21,"turns":7},{"damage":15,"enemies":"Book of Stabbing","floor":24,"turns":6},{"damage":24,"enemies":"Slavers","floor":31,"turns":8},{"damage":58,"enemies":"Automaton","floor":33,"turns":10},{"damage":5,"enemies":"Orb Walker","floor":35,"turns":4},{"damage":22,"enemies":"3 Darklings","floor":36,"turns":6},{"damage":27,"enemies":"Writhing Mass","floor":37,"turns":8},{"damage":35,"enemies":"Spire Growth","floor":40,"turns":5},{"damage":57,"enemies":"Transient","floor":41,"turns":5}],"seed_played":"-5347224101206304884","potions_obtained":[{"floor":1,"key":"PowerPotion"},{"floor":7,"key":"Explosive Potion"},{"floor":12,"key":"SteroidPotion"},{"floor":14,"key":"Dexterity Potion"},{"floor":18,"key":"SteroidPotion"},{"floor":31,"key":"FearPotion"},{"floor":36,"key":"AttackPotion"},{"floor":37,"key":"FearPotion"}],"is_trial":false,"path_per_floor":["M","?","$","?","?","R","M","R","T","M","E","M","M","E","R","B",null,"M","$","M","M","?","R","E","R","T","?","R","?","$","E","R","B",null,"M","M","M","$","?","M","M"],"character_chosen":"IRONCLAD","items_purchased":["Iron Wave","Inflame","Self Forming Clay","Brutality","Mercury Hourglass","Shockwave"],"campfire_rested":0,"item_purchase_floors":[3,3,19,30,38,38],"current_hp_per_floor":[63,36,36,36,36,36,35,35,35,41,39,38,41,30,30,18,71,79,79,89,89,68,68,59,59,59,59,59,53,53,60,60,46,58,62,62,62,62,51,43,0],"gold":103,"neow_bonus":"ONE_RARE_RELIC","is_prod":false,"is_daily":false,"chose_seed":false,"campfire_upgraded":7,"win_rate":0,"timestamp":1556702515,"path_taken":["M","?","$","?","?","R","?","R","T","M","E","?","M","E","R","BOSS","M","$","M","M","?","R","E","R","T","?","R","?","$","E","R","BOSS","M","M","M","$","?","M","M"],"build_version":"2019-04-23","purchased_purges":2,"victory":false,"max_hp_per_floor":[89,89,89,89,89,89,89,89,89,89,89,89,89,89,89,89,89,89,89,89,89,89,89,89,89,89,62,62,62,62,62,62,62,62,62,62,62,62,62,62,62],"card_choices":[{"not_picked":["Warcry","True Grit"],"picked":"Metallicize","floor":1},{"not_picked":["Evolve","Feel No Pain"],"picked":"Anger","floor":7},{"not_picked":["Blood for Blood","Hemokinesis"],"picked":"Iron Wave","floor":10},{"not_picked":["Heavy Blade","Headbutt"],"picked":"Shockwave","floor":11},{"not_picked":["Thunderclap","Wild Strike"],"picked":"Metallicize","floor":12},{"not_picked":["Twin Strike","Clothesline"],"picked":"Inflame","floor":13},{"not_picked":["Pommel Strike","Shockwave","Clash"],"picked":"SKIP","floor":14},{"not_picked":["Juggernaut","Demon Form"],"picked":"Reaper","floor":16},{"not_picked":["Armaments+1","Twin Strike"],"picked":"Metallicize","floor":18},{"not_picked":["Whirlwind","Infernal Blade"],"picked":"Iron Wave","floor":20},{"not_picked":["Twin Strike","Flex"],"picked":"Disarm","floor":21},{"not_picked":["Searing Blow","Perfected Strike"],"picked":"Armaments+1","floor":24},{"not_picked":["Pommel Strike","Heavy Blade"],"picked":"Shrug It Off","floor":31},{"not_picked":["Warcry","Inflame"],"picked":"Iron Wave","floor":35},{"not_picked":["Perfected Strike","Second Wind"],"picked":"Combust+1","floor":36},{"not_picked":["Warcry","True Grit","Perfected Strike"],"picked":"SKIP","floor":37},{"not_picked":["Searing Blow","Carnage"],"picked":"Flame Barrier","floor":40}],"player_experience":1381872,"relics_obtained":[{"floor":9,"key":"Pocketwatch"},{"floor":11,"key":"Potion Belt"},{"floor":14,"key":"Orichalcum"},{"floor":22,"key":"Enchiridion"},{"floor":24,"key":"Happy Flower"},{"floor":26,"key":"PreservedInsect"},{"floor":31,"key":"Bronze Scales"}],"event_choices":[{"damage_healed":0,"gold_gain":0,"player_choice":"Entered Light","damage_taken":27,"max_hp_gain":0,"max_hp_loss":0,"event_name":"Shining Light","floor":2,"gold_loss":0,"cards_upgraded":["Bash","Defend_R"]},{"damage_healed":0,"gold_gain":0,"player_choice":"Take Wound","damage_taken":0,"relics_obtained":["Golden Idol"],"max_hp_gain":0,"max_hp_loss":0,"event_name":"Golden Idol","floor":4,"gold_loss":0,"cards_obtained":["Injury"]},{"damage_healed":0,"gold_gain":0,"player_choice":"Trade","damage_taken":0,"relics_obtained":["SsserpentHead"],"max_hp_gain":0,"max_hp_loss":0,"event_name":"FaceTrader","floor":5,"gold_loss":0},{"damage_healed":0,"gold_gain":0,"player_choice":"Obtained Book","damage_taken":21,"max_hp_gain":0,"max_hp_loss":0,"event_name":"Cursed Tome","floor":22,"gold_loss":0},{"damage_healed":0,"gold_gain":0,"player_choice":"Became a vampire","damage_taken":0,"max_hp_gain":0,"max_hp_loss":27,"event_name":"Vampires","floor":27,"gold_loss":0,"cards_obtained":["Bite","Bite","Bite","Bite","Bite"]},{"damage_healed":0,"gold_gain":0,"player_choice":"Joined the Cult","damage_taken":6,"max_hp_gain":0,"max_hp_loss":0,"event_name":"Nest","floor":29,"gold_loss":0,"cards_obtained":["RitualDagger"]},{"damage_healed":0,"gold_gain":0,"player_choice":"Embrace Madness","damage_taken":11,"max_hp_gain":0,"max_hp_loss":0,"event_name":"Winding Halls","floor":39,"gold_loss":0,"cards_obtained":["Madness","Madness"]}],"is_beta":true,"boss_relics":[{"not_picked":["Lizard Tail","Pandora\u0027s Box"],"picked":"Cursed Key"},{"not_picked":["Sozu","Calling Bell","Snecko Eye"]}],"items_purged_floors":[19,30],"is_endless":false,"potions_floor_spawned":[1,7,12,14,18,31,36,37],"killed_by":"Transient","ascension_level":15}