{"gold_per_floor":[19,19,34,34,50,50,50,50,75,86,8,22,80,255,255,350,350,365,365,378,398,94,110,110,129,129,154,154,64,14,32,32,32],"floor_reached":33,"playtime":1512,"items_purged":["Doubt","Strike_R"],"score":438,"play_id":"ead51c06-9d5f-4fb5-b4c3-8d16bc05d525","local_time":"20190114002702","is_ascension_mode":true,"campfire_choices":[{"data":"Armaments","floor":6,"key":"SMITH"},{"data":"1","floor":8,"key":"LIFT"},{"data":"2","floor":15,"key":"LIFT"},{"floor":24,"key":"REST"},{"floor":32,"key":"REST"}],"neow_cost":"NO_GOLD","seed_source_timestamp":0,"circlet_count":0,"master_deck":["AscendersBane","Strike_R","Strike_R","Strike_R","Defend_R","Defend_R","Defend_R","Defend_R","Bash","Barricade","Body Slam","Armaments+1","Body Slam","Metallicize","Iron Wave","Juggernaut","Pommel Strike","Shockwave","Clothesline+1","Reaper","Intimidate","True Grit+1"],"special_seed":0,"relics":["Burning Blood","Girya","Blood Vial","Tiny Chest","White Beast Statue","Membership Card","Bronze Scales","Question Card","Dream Catcher"],"potions_floor_usage":[18,20,21,23,27,27,27,31,33],"damage_taken":[{"damage":6.0,"enemies":"Cultist","floor":1.0,"turns":4.0},{"damage":0.0,"enemies":"Small Slimes","floor":3.0,"turns":3.0},{"damage":17,"enemies":"2 Louse","floor":5,"turns":5},{"damage":13,"enemies":"Red Slaver","floor":10,"turns":5},{"damage":14,"enemies":"Exordium Wildlife","floor":12,"turns":5},{"damage":0,"enemies":"Lagavulin","floor":13,"turns":6},{"damage":42,"enemies":"Hexaghost","floor":16,"turns":13},{"damage":27,"enemies":"3 Byrds","floor":18,"turns":6},{"damage":0,"enemies":"Chosen","floor":20,"turns":4},{"damage":48,"enemies":"Snake Plant","floor":21,"turns":6},{"damage":5,"enemies":"Snecko","floor":23,"turns":5},{"damage":15,"enemies":"Chosen and Byrds","floor":25,"turns":5},{"damage":31,"enemies":"Slavers","floor":27,"turns":7},{"damage":30,"enemies":"Snake Plant","floor":31,"turns":4},{"damage":78,"enemies":"Collector","floor":33,"turns":5}],"seed_played":"-3555892038464412880","potions_obtained":[{"floor":12,"key":"Fire Potion"},{"floor":13,"key":"SteroidPotion"},{"floor":16,"key":"SpeedPotion"},{"floor":18,"key":"SkillPotion"},{"floor":20,"key":"Strength Potion"},{"floor":21,"key":"SneckoOil"},{"floor":23,"key":"Swift Potion"},{"floor":25,"key":"SpeedPotion"},{"floor":27,"key":"Regen Potion"},{"floor":31,"key":"SpeedPotion"}],"is_trial":false,"path_per_floor":["M","T","M","?","M","R","$","R","T","M","$","M","E","?","R","B",null,"M","?","M","M","$","M","R","M","T","E","?","?","$","M","R","B"],"character_chosen":"IRONCLAD","items_purchased":["Metallicize","Membership Card","Bronze Scales"],"campfire_rested":2,"item_purchase_floors":[11,22,22],"current_hp_per_floor":[72,72,78,70,59,59,59,59,59,54,54,48,56,56,56,22,66,47,47,55,15,15,18,42,35,35,12,38,38,38,25,49,0],"gold":32,"neow_bonus":"THREE_RARE_CARDS","is_prod":false,"is_daily":false,"chose_seed":false,"campfire_upgraded":1,"win_rate":0,"timestamp":1547443622,"path_taken":["M","?","M","?","M","R","$","R","T","?","?","M","E","?","R","BOSS","M","?","?","M","$","M","R","M","T","E","?","?","$","?","R","BOSS"],"build_version":"2019-01-10","purchased_purges":2,"victory":false,"max_hp_per_floor":[80,80,80,80,80,80,80,80,80,80,80,80,80,80,80,80,80,80,80,80,80,80,80,80,80,80,80,80,80,80,80,80,80],"card_choices":[{"not_picked":["Impervious","Limit Break"],"picked":"Barricade","floor":0.0},{"not_picked":["Anger","True Grit","Clothesline"],"picked":"SKIP","floor":1.0},{"not_picked":["Flex","Offering"],"picked":"Body Slam","floor":3.0},{"not_picked":["Clothesline","Carnage"],"picked":"Armaments","floor":5},{"not_picked":["Burning Pact","Thunderclap"],"picked":"Body Slam","floor":10},{"not_picked":["Rupture","Dual Wield"],"picked":"Iron Wave","floor":12},{"not_picked":["Anger","Disarm","Intimidate"],"picked":"SKIP","floor":13},{"not_picked":["Brutality","Berserk"],"picked":"Juggernaut","floor":16},{"not_picked":["Perfected Strike+1","Anger+1","Clothesline"],"picked":"SKIP","floor":18},{"not_picked":["Flex","Intimidate"],"picked":"Pommel Strike","floor":20},{"not_picked":["Dual Wield","Armaments"],"picked":"Shockwave","floor":21},{"not_picked":["Armaments","Anger"],"picked":"Clothesline","floor":23},{"not_picked":["Second Wind","Body Slam","Anger"],"picked":"SKIP","floor":25},{"not_picked":["Flex","Wild Strike+1","Thunderclap+1"],"picked":"Reaper","floor":27},{"not_picked":["Twin Strike","Clash","Whirlwind"],"picked":"Intimidate","floor":31},{"not_picked":["Rupture","Sever Soul","Twin Strike"],"picked":"True Grit+1","floor":32}],"player_experience":1754793,"relics_obtained":[{"floor":2.0,"key":"Girya"},{"floor":9,"key":"Blood Vial"},{"floor":13,"key":"Tiny Chest"},{"floor":26,"key":"Question Card"},{"floor":27,"key":"Dream Catcher"}],"event_choices":[{"damage_healed":0,"gold_gain":0,"player_choice":"Damaged","damage_taken":8,"max_hp_gain":0,"max_hp_loss":0,"event_name":"Wheel of Change","floor":4,"gold_loss":0},{"damage_healed":0,"gold_gain":175,"player_choice":"AGREE","damage_taken":0,"max_hp_gain":0,"max_hp_loss":0,"event_name":"Liars Game","floor":14,"gold_loss":0,"cards_obtained":["Doubt"]},{"damage_healed":0,"gold_gain":0,"player_choice":"Bought 0 Potions","damage_taken":0,"max_hp_gain":0,"max_hp_loss":0,"event_name":"The Woman in Blue","floor":19,"gold_loss":0},{"damage_healed":26,"gold_gain":0,"player_choice":"Heal","damage_taken":0,"max_hp_gain":0,"max_hp_loss":0,"event_name":"The Library","floor":28,"gold_loss":0},{"cards_removed":["Strike_R"],"damage_healed":0,"gold_gain":0,"player_choice":"Upgrade and Remove","damage_taken":0,"max_hp_gain":0,"max_hp_loss":0,"event_name":"Designer","floor":29,"gold_loss":90,"cards_upgraded":["Clothesline"]}],"is_beta":false,"boss_relics":[{"not_picked":["Runic Pyramid","Velvet Choker"],"picked":"White Beast Statue"}],"items_purged_floors":[22,30],"is_endless":false,"potions_floor_spawned":[12,13,16,18,20,21,23,25,27,31],"killed_by":"Collector","ascension_level":10}