{"gold_per_floor":[11,24,37,49,49,49,77,89,138,115,131,144,163,179,179,179],"floor_reached":16,"playtime":859,"items_purged":[],"score":162,"play_id":"cd37b23c-3a9b-4d3e-8934-27d5a73b0db6","local_time":"20190107200401","is_ascension_mode":true,"campfire_choices":[{"data":"Cleave","floor":6,"key":"SMITH"},{"floor":15,"key":"REST"}],"neow_cost":"NO_GOLD","seed_source_timestamp":681606830380800,"circlet_count":0,"master_deck":["AscendersBane","Strike_R","Strike_R","Strike_R","Strike_R","Defend_R","Defend_R","Defend_R","Defend_R","Bash","Forethought","Panacea","Feel No Pain","Shrug It Off","Pommel Strike","Cleave+1","Reckless Charge","Disarm","Juggernaut","Shockwave","Pommel Strike","Armaments","Seeing Red"],"relics":["Burning Blood","Mango","Bag of Marbles"],"potions_floor_usage":[11,12],"damage_taken":[{"damage":11,"enemies":"Small Slimes","floor":1,"turns":4},{"damage":8,"enemies":"2 Louse","floor":2,"turns":2},{"damage":10,"enemies":"Jaw Worm","floor":3,"turns":7},{"damage":16,"enemies":"Looter","floor":4,"turns":5},{"damage":46,"enemies":"Lagavulin","floor":7,"turns":10},{"damage":9,"enemies":"Blue Slaver","floor":8,"turns":3},{"damage":20,"enemies":"Large Slime","floor":11,"turns":6},{"damage":0,"enemies":"Exordium Wildlife","floor":12,"turns":4},{"damage":0,"enemies":"3 Louse","floor":13,"turns":2},{"damage":4,"enemies":"2 Fungi Beasts","floor":14,"turns":4},{"damage":65,"enemies":"Slime Boss","floor":16,"turns":8}],"seed_played":"5504287586428494974","potions_obtained":[{"floor":1,"key":"SkillPotion"},{"floor":2,"key":"Poison Potion"},{"floor":4,"key":"EntropicBrew"},{"floor":11,"key":"Block Potion"},{"floor":13,"key":"Swift Potion"}],"is_trial":false,"path_per_floor":["M","M","M","M","?","R","E","M","T","?","M","M","M","M","R","B"],"character_chosen":"IRONCLAD","items_purchased":[],"campfire_rested":1,"item_purchase_floors":[],"current_hp_per_floor":[67,65,61,51,51,51,25,22,22,22,8,14,20,22,50,0],"gold":179,"neow_bonus":"RANDOM_COLORLESS_2","is_prod":false,"is_daily":false,"chose_seed":false,"campfire_upgraded":1,"win_rate":0,"timestamp":1546909441,"path_taken":["M","M","M","M","?","R","E","M","T","?","M","M","M","M","R","BOSS"],"build_version":"2019-01-03v4","purchased_purges":0,"victory":false,"max_hp_per_floor":[80,80,80,80,80,80,94,94,94,94,94,94,94,94,94,94],"card_choices":[{"not_picked":["Pommel Strike","Flex"],"picked":"Feel No Pain","floor":1},{"not_picked":["Sword Boomerang","Havoc"],"picked":"Shrug It Off","floor":2},{"not_picked":["Heavy Blade","Warcry"],"picked":"Pommel Strike","floor":3},{"not_picked":["Perfected Strike","Thunderclap"],"picked":"Cleave","floor":4},{"not_picked":["Headbutt","Sword Boomerang"],"picked":"Disarm","floor":7},{"not_picked":["Cleave","Uppercut"],"picked":"Juggernaut","floor":8},{"not_picked":["Sentinel","Thunderclap"],"picked":"Shockwave","floor":11},{"not_picked":["Clash","Twin Strike"],"picked":"Pommel Strike","floor":12},{"not_picked":["Twin Strike","Clothesline"],"picked":"Armaments","floor":13},{"not_picked":["Perfected Strike","Reckless Charge"],"picked":"Seeing Red","floor":14}],"player_experience":1719052,"relics_obtained":[{"floor":7,"key":"Mango"},{"floor":9,"key":"Bag of Marbles"}],"event_choices":[{"damage_healed":0,"gold_gain":0,"cards_transformed":["Strike_R"],"player_choice":"Change","damage_taken":0,"max_hp_gain":0,"max_hp_loss":0,"event_name":"Living Wall","floor":5,"gold_loss":0,"cards_obtained":["Reckless Charge"]},{"damage_healed":0,"gold_gain":0,"player_choice":"Left Gold","damage_taken":0,"max_hp_gain":0,"max_hp_loss":0,"event_name":"World of Goop","floor":10,"gold_loss":23}],"is_beta":false,"boss_relics":[],"items_purged_floors":[],"is_endless":false,"potions_floor_spawned":[1,2,4,11,13],"killed_by":"Slime Boss","ascension_level":10}