{"gold_per_floor":[117,117,117,135,153,153,167,196,196,196,196,196,207,42,42,42],"floor_reached":16,"playtime":467,"items_purged":["Strike_R"],"score":200,"play_id":"d1ca7ee8-047a-4dd5-b207-36071b5af899","local_time":"20190515225107","is_ascension_mode":true,"campfire_choices":[{"data":"Uppercut","floor":6,"key":"SMITH"},{"floor":12,"key":"REST"},{"data":"Bash","floor":15,"key":"SMITH"}],"neow_cost":"NONE","seed_source_timestamp":2104849862884020,"circlet_count":0,"master_deck":["AscendersBane","Strike_R","Strike_R","Strike_R","Defend_R","Defend_R","Defend_R","Defend_R","Bash+1","Iron Wave","Hemokinesis","Battle Trance","Uppercut+1","Flame Barrier","Brutality","Armaments+1","Shrug It Off+1","True Grit+1"],"relics":["Burning Blood","NeowsBlessing","Mummified Hand","The Courier","Toxic Egg 2"],"potions_floor_usage":[16],"damage_taken":[{"damage":0,"enemies":"Small Slimes","floor":1,"turns":1},{"damage":0,"enemies":"Jaw Worm","floor":4,"turns":1},{"damage":0,"enemies":"Cultist","floor":5,"turns":1},{"damage":7,"enemies":"Blue Slaver","floor":7,"turns":4},{"damage":44,"enemies":"3 Sentries","floor":8,"turns":11},{"damage":5,"enemies":"3 Louse","floor":13,"turns":6},{"damage":48,"enemies":"Hexaghost","floor":16,"turns":10}],"seed_played":"87810866666722631","potions_obtained":[{"floor":1,"key":"Ancient Potion"},{"floor":4,"key":"Energy Potion"},{"floor":13,"key":"Explosive Potion"}],"is_trial":false,"path_per_floor":["M","?","?","M","M","R","M","E","T","?","?","R","M","$","R","B"],"character_chosen":"IRONCLAD","items_purchased":["Armaments+1","Shrug It Off+1","True Grit+1"],"campfire_rested":1,"item_purchase_floors":[14,14,14],"current_hp_per_floor":[74,79,79,80,80,80,79,41,41,23,23,47,48,48,48,0],"gold":42,"neow_bonus":"THREE_ENEMY_KILL","is_prod":false,"is_daily":false,"chose_seed":false,"campfire_upgraded":2,"win_rate":0,"timestamp":1557953467,"path_taken":["M","?","?","?","M","R","M","E","T","?","?","R","M","$","R","BOSS"],"build_version":"2019-05-07","purchased_purges":1,"victory":false,"max_hp_per_floor":[75,80,80,80,80,80,80,80,80,80,80,80,80,80,80,80],"card_choices":[{"not_picked":["Rupture","Fire Breathing"],"picked":"Iron Wave","floor":1},{"not_picked":["Burning Pact","True Grit"],"picked":"Battle Trance","floor":4},{"not_picked":["Headbutt","Havoc"],"picked":"Uppercut","floor":5},{"not_picked":["Sword Boomerang","Thunderclap"],"picked":"Flame Barrier","floor":7},{"not_picked":["Wild Strike","Warcry","Infernal Blade"],"picked":"SKIP","floor":8},{"not_picked":["Dropkick","Havoc+1"],"picked":"Brutality","floor":13}],"player_experience":1921042,"relics_obtained":[{"floor":8,"key":"Mummified Hand"},{"floor":9,"key":"The Courier"}],"event_choices":[{"damage_healed":0,"gold_gain":0,"player_choice":"Donut","damage_taken":0,"max_hp_gain":5,"max_hp_loss":0,"event_name":"Big Fish","floor":2,"gold_loss":0},{"damage_healed":0,"gold_gain":0,"player_choice":"1 cards matched","damage_taken":0,"max_hp_gain":0,"max_hp_loss":0,"event_name":"Match and Keep!","floor":3,"gold_loss":0,"cards_obtained":["Hemokinesis"]},{"damage_healed":0,"gold_gain":0,"player_choice":"Success","damage_taken":18,"relics_obtained":["Toxic Egg 2"],"max_hp_gain":0,"max_hp_loss":0,"event_name":"Scrap Ooze","floor":10,"gold_loss":0},{"cards_removed":["Strike_R"],"damage_healed":0,"gold_gain":0,"player_choice":"Purged","damage_taken":0,"max_hp_gain":0,"max_hp_loss":0,"event_name":"Purifier","floor":11,"gold_loss":0}],"is_beta":true,"boss_relics":[],"items_purged_floors":[14],"is_endless":false,"potions_floor_spawned":[1,4,7,13],"killed_by":"Hexaghost","ascension_level":20}