{"gold_per_floor":[364,381,556,401,401,401,415,449,449,159,159,159,173,134,134,239,239,251,251,301,316,316],"floor_reached":22,"playtime":796,"items_purged":["Doubt"],"score":255,"play_id":"83f82cd1-ba87-46a3-8366-f78ca6d9860e","local_time":"20190313232110","is_ascension_mode":true,"campfire_choices":[{"data":"Defragment","floor":6,"key":"SMITH"},{"floor":11,"key":"REST"},{"floor":15,"key":"REST"}],"neow_cost":"TEN_PERCENT_HP_LOSS","seed_source_timestamp":15749187231100,"circlet_count":0,"master_deck":["Strike_B","Strike_B","Strike_B","Strike_B","Defend_B","Defend_B","Defend_B","Defend_B","Zap","Dualcast","Defragment","Leap","Defragment+1","All For One","Buffer","Defragment","Thunder Strike","Conserve Battery+1","Cold Snap+1"],"relics":["Cracked Core","Dead Branch","Dream Catcher","Singing Bowl","Mercury Hourglass","White Beast Statue"],"potions_floor_usage":[16,18,22],"damage_taken":[{"damage":3,"enemies":"2 Louse","floor":1,"turns":2},{"damage":3,"enemies":"Jaw Worm","floor":2,"turns":4},{"damage":9,"enemies":"Small Slimes","floor":7,"turns":3},{"damage":36,"enemies":"Gremlin Nob","floor":8,"turns":4},{"damage":1,"enemies":"2 Fungi Beasts","floor":13,"turns":3},{"damage":50,"enemies":"The Guardian","floor":16,"turns":15},{"damage":18,"enemies":"3 Byrds","floor":18,"turns":6},{"damage":47,"enemies":"2 Thieves","floor":21,"turns":5},{"damage":22,"enemies":"Cultist and Chosen","floor":22,"turns":4}],"seed_played":"-7213379089641689676","potions_obtained":[{"floor":8,"key":"PowerPotion"},{"floor":16,"key":"Fire Potion"},{"floor":18,"key":"FearPotion"},{"floor":21,"key":"SkillPotion"}],"is_trial":false,"path_per_floor":["M","M","?","$","?","R","M","E","T","$","R","$","M","?","R","B",null,"M","?","?","M","M"],"character_chosen":"DEFECT","items_purchased":["Defragment","Defragment","Mercury Hourglass"],"campfire_rested":2,"item_purchase_floors":[4,10,10],"current_hp_per_floor":[65,62,62,62,59,59,50,14,14,14,36,36,37,37,60,10,58,40,64,64,17,0],"gold":316,"neow_bonus":"TWO_FIFTY_GOLD","is_prod":false,"is_daily":false,"chose_seed":false,"campfire_upgraded":1,"win_rate":0,"timestamp":1552533670,"path_taken":["M","M","?","$","?","R","M","E","T","$","R","?","M","?","R","BOSS","M","?","?","?","M"],"build_version":"2019-01-23","purchased_purges":1,"victory":false,"max_hp_per_floor":[68,68,68,68,68,68,68,68,68,68,70,70,72,72,74,74,74,74,74,74,74,74],"card_choices":[{"not_picked":["Go for the Eyes","Beam Cell"],"picked":"Defragment","floor":1},{"not_picked":["Turbo","Rebound"],"picked":"Leap","floor":2},{"not_picked":["Beam Cell","Barrage"],"picked":"All For One","floor":7},{"not_picked":["Cold Snap","Ball Lightning"],"picked":"Buffer","floor":8},{"not_picked":["Streamline","Fusion","Stack"],"picked":"Singing Bowl","floor":11},{"not_picked":["Compile Driver","Ball Lightning","Stack"],"picked":"Singing Bowl","floor":13},{"not_picked":["Undo","Go for the Eyes","Genetic Algorithm"],"picked":"Singing Bowl","floor":15},{"not_picked":["All For One","Machine Learning"],"picked":"Thunder Strike","floor":16},{"not_picked":["White Noise","Hologram"],"picked":"Conserve Battery+1","floor":18},{"not_picked":["Barrage","Conserve Battery+1"],"picked":"Cold Snap+1","floor":21}],"player_experience":2411686,"relics_obtained":[{"floor":8,"key":"Dream Catcher"},{"floor":9,"key":"Singing Bowl"}],"event_choices":[{"damage_healed":0,"gold_gain":175,"player_choice":"AGREE","damage_taken":0,"max_hp_gain":0,"max_hp_loss":0,"event_name":"Liars Game","floor":3,"gold_loss":0,"cards_obtained":["Doubt"]},{"damage_healed":0,"gold_gain":0,"player_choice":"Success","damage_taken":3,"relics_obtained":["Dead Branch"],"max_hp_gain":0,"max_hp_loss":0,"event_name":"Scrap Ooze","floor":5,"gold_loss":0},{"damage_healed":0,"gold_gain":0,"player_choice":"Left Gold","damage_taken":0,"max_hp_gain":0,"max_hp_loss":0,"event_name":"World of Goop","floor":14,"gold_loss":39},{"damage_healed":24,"gold_gain":0,"player_choice":"Heal","damage_taken":0,"max_hp_gain":0,"max_hp_loss":0,"event_name":"The Library","floor":19,"gold_loss":0},{"damage_healed":0,"gold_gain":100,"player_choice":"Bet on Murderer","damage_taken":0,"max_hp_gain":0,"max_hp_loss":0,"event_name":"The Joust","floor":20,"gold_loss":50}],"is_beta":false,"boss_relics":[{"not_picked":["Cursed Key","FrozenCore"],"picked":"White Beast Statue"}],"items_purged_floors":[4],"is_endless":false,"potions_floor_spawned":[8,16,18,21],"killed_by":"Cultist and Chosen","ascension_level":8}