{"gold_per_floor":[111,386,403,16,16,43,43,78,78,78,95,20,49,65,65,138,138,150,161,161,161,161,161,221,238,238,238,267,18,18,32,32,32],"floor_reached":33,"playtime":1191,"items_purged":["Regret"],"score":571,"play_id":"95d85821-cad6-4e31-a68b-50775a54a22a","local_time":"20190430182205","is_ascension_mode":true,"campfire_choices":[{"data":"Sunder","floor":7,"key":"SMITH"},{"data":"Sweeping Beam","floor":10,"key":"SMITH"},{"data":"Hologram","floor":15,"key":"SMITH"},{"data":"Fission","floor":23,"key":"SMITH"},{"data":"Go for the Eyes","floor":27,"key":"SMITH"},{"data":"Go for the Eyes","floor":30,"key":"SMITH"},{"data":"Compile Driver","floor":32,"key":"SMITH"}],"neow_cost":"NONE","seed_source_timestamp":791983669729351,"circlet_count":0,"master_deck":["AscendersBane","Defend_B","Defend_B","Defend_B","Defend_B","Zap","Dualcast","Sweeping Beam+1","Self Repair+1","Sunder+1","Cold Snap","Gash","Hologram+1","Gash","Fission+1","Doom and Gloom+1","Meteor Strike+1","Storm+1","Go for the Eyes+1","Compile Driver+1","Core Surge","Steam+1","Go for the Eyes+1","Electrodynamics"],"relics":["Cracked Core","ClockworkSouvenir","Nunchaku","Dodecahedron","Meat on the Bone","Happy Flower","Astrolabe","MutagenicStrength","Nloth\u0027s Gift","Tiny Chest","Toxic Egg 2","Bottled Tornado","Kunai"],"potions_floor_usage":[8,13,24,25,28,28],"damage_taken":[{"damage":0,"enemies":"Small Slimes","floor":1,"turns":1},{"damage":0,"enemies":"Cultist","floor":3,"turns":1},{"damage":0,"enemies":"Gremlin Nob","floor":6,"turns":1},{"damage":30,"enemies":"Lagavulin","floor":8,"turns":8},{"damage":15,"enemies":"2 Louse","floor":11,"turns":3},{"damage":19,"enemies":"Gremlin Nob","floor":13,"turns":4},{"damage":6,"enemies":"Large Slime","floor":14,"turns":5},{"damage":40,"enemies":"Hexaghost","floor":16,"turns":11},{"damage":35,"enemies":"Chosen","floor":18,"turns":6},{"damage":15,"enemies":"Shell Parasite","floor":19,"turns":6},{"damage":11,"enemies":"Gremlin Leader","floor":24,"turns":6},{"damage":33,"enemies":"Snake Plant","floor":25,"turns":5},{"damage":20,"enemies":"Book of Stabbing","floor":28,"turns":3},{"damage":6,"enemies":"Snecko","floor":31,"turns":4},{"damage":68,"enemies":"Automaton","floor":33,"turns":6}],"seed_played":"397782658155998144","potions_obtained":[{"floor":1,"key":"SpeedPotion"},{"floor":6,"key":"EssenceOfSteel"},{"floor":11,"key":"SkillPotion"},{"floor":16,"key":"Block Potion"},{"floor":19,"key":"Regen Potion"},{"floor":24,"key":"FocusPotion"},{"floor":25,"key":"FearPotion"}],"is_trial":false,"path_per_floor":["M","?","M","$","?","E","R","E","T","R","M","?","E","M","R","B",null,"M","M","?","?","?","R","E","M","T","R","E","$","R","M","R","B"],"character_chosen":"DEFECT","items_purchased":["Self Repair","ClockworkSouvenir","Sunder","Kunai"],"campfire_rested":0,"item_purchase_floors":[4,4,4,29],"current_hp_per_floor":[64,64,64,64,64,64,64,44,44,44,51,51,54,58,58,40,63,50,57,57,71,71,71,70,59,59,59,39,39,39,55,55,0],"gold":32,"neow_bonus":"THREE_ENEMY_KILL","is_prod":false,"is_daily":false,"chose_seed":false,"campfire_upgraded":7,"win_rate":0,"timestamp":1556641325,"path_taken":["M","?","?","$","?","E","R","E","T","R","M","?","E","M","R","BOSS","M","M","?","?","?","R","E","M","T","R","E","$","R","?","R","BOSS"],"build_version":"2019-04-23","purchased_purges":1,"victory":false,"max_hp_per_floor":[71,71,71,71,71,71,71,71,71,71,71,71,71,71,71,71,71,71,71,71,71,71,71,71,71,71,71,71,71,71,71,71,71],"card_choices":[{"not_picked":["Heatsinks","Stack","Skim"],"picked":"SKIP","floor":1},{"not_picked":["Streamline","Coolheaded"],"picked":"Sweeping Beam","floor":3},{"not_picked":["Steam Power","Streamline"],"picked":"Cold Snap","floor":6},{"not_picked":["Multi-Cast","Barrage"],"picked":"Gash","floor":8},{"not_picked":["Fusion","Chaos","Barrage"],"picked":"SKIP","floor":11},{"not_picked":["Leap","Chaos"],"picked":"Hologram","floor":13},{"not_picked":["Core Surge","Rebound"],"picked":"Gash","floor":14},{"not_picked":["Machine Learning","Multi-Cast"],"picked":"Fission","floor":16},{"not_picked":["Redo","Turbo"],"picked":"Go for the Eyes","floor":18},{"not_picked":["Leap","Chill"],"picked":"Compile Driver","floor":19},{"not_picked":["Reboot","Tempest"],"picked":"Core Surge","floor":24},{"not_picked":["Barrage","Fission"],"picked":"Steam+1","floor":25},{"not_picked":["Rainbow+1","Core Surge"],"picked":"Go for the Eyes","floor":28},{"not_picked":["FTL","Gash"],"picked":"Electrodynamics","floor":31}],"player_experience":1365798,"relics_obtained":[{"floor":6,"key":"Nunchaku"},{"floor":8,"key":"Dodecahedron"},{"floor":9,"key":"Meat on the Bone"},{"floor":13,"key":"Happy Flower"},{"floor":24,"key":"Tiny Chest"},{"floor":26,"key":"Toxic Egg 2"},{"floor":28,"key":"Bottled Tornado"}],"event_choices":[{"damage_healed":0,"gold_gain":275,"player_choice":"Desecrate","damage_taken":0,"max_hp_gain":0,"max_hp_loss":0,"event_name":"Golden Shrine","floor":2,"gold_loss":0,"cards_obtained":["Regret"]},{"damage_healed":0,"gold_gain":0,"player_choice":"Grow","damage_taken":0,"max_hp_gain":0,"max_hp_loss":0,"event_name":"Living Wall","floor":5,"gold_loss":0,"cards_upgraded":["Self Repair"]},{"cards_removed":["Strike_B"],"damage_healed":0,"gold_gain":0,"player_choice":"Card Removal","damage_taken":0,"max_hp_gain":0,"max_hp_loss":0,"event_name":"The Cleric","floor":12,"gold_loss":75},{"damage_healed":0,"gold_gain":0,"player_choice":"Inject Mutagens","damage_taken":0,"relics_obtained":["MutagenicStrength"],"max_hp_gain":0,"max_hp_loss":0,"event_name":"Drug Dealer","floor":20,"gold_loss":0},{"damage_healed":14,"gold_gain":0,"player_choice":"Heal","damage_taken":0,"max_hp_gain":0,"max_hp_loss":0,"event_name":"The Library","floor":21,"gold_loss":0},{"damage_healed":0,"gold_gain":0,"player_choice":"Traded Relic","damage_taken":0,"relics_obtained":["Nloth\u0027s Gift"],"max_hp_gain":0,"max_hp_loss":0,"event_name":"N\u0027loth","floor":22,"relics_lost":["NeowsBlessing"],"gold_loss":0}],"is_beta":true,"boss_relics":[{"not_picked":["Pandora\u0027s Box","Lizard Tail"],"picked":"Astrolabe"}],"items_purged_floors":[4],"is_endless":false,"potions_floor_spawned":[1,6,11,16,19,24,25],"killed_by":"Automaton","ascension_level":15}