{"gold_per_floor":[116,116,3,18,18,52,65,108,161,161,176,176,1,21,21,114,114,134,134,134,153,153],"floor_reached":22,"playtime":842,"items_purged":["Strike_G"],"score":416,"play_id":"0bed37bd-81b6-4b7d-a7ae-29b8bc1c8a0d","local_time":"20190506203829","is_ascension_mode":true,"campfire_choices":[{"floor":10,"key":"REST"},{"floor":12,"key":"REST"},{"data":"Noxious Fumes","floor":15,"key":"SMITH"}],"neow_cost":"NONE","seed_source_timestamp":1318916588442294,"circlet_count":0,"master_deck":["AscendersBane","Defend_G+1","Defend_G","Defend_G","Defend_G","Defend_G","Strike_G","Strike_G","Strike_G","Strike_G","Survivor","Neutralize","Crippling Poison","Well Laid Plans+1","Flying Knee","Backstab","Die Die Die","Flying Knee","Caltrops","Caltrops","Noxious Fumes+1","Dash","PiercingWail","Caltrops","Predator"],"relics":["Ring of the Snake","NeowsBlessing","Golden Idol","Smiling Mask","Art of War","Tiny Chest","Sozu","StoneCalendar"],"potions_floor_usage":[22,22],"damage_taken":[{"damage":0,"enemies":"Jaw Worm","floor":1,"turns":1},{"damage":0,"enemies":"2 Louse","floor":4,"turns":1},{"damage":0,"enemies":"Gremlin Nob","floor":6,"turns":1},{"damage":0,"enemies":"Cultist","floor":7,"turns":3},{"damage":31,"enemies":"Lagavulin","floor":8,"turns":8},{"damage":0,"enemies":"Large Slime","floor":11,"turns":6},{"damage":0,"enemies":"3 Louse","floor":14,"turns":3},{"damage":12,"enemies":"The Guardian","floor":16,"turns":10},{"damage":12,"enemies":"Shell Parasite","floor":18,"turns":5},{"damage":21,"enemies":"Spheric Guardian","floor":21,"turns":5},{"damage":27,"enemies":"Shelled Parasite and Fungi","floor":22,"turns":4}],"seed_played":"-2704155897829584227","potions_obtained":[{"floor":6,"key":"EssenceOfSteel"},{"floor":8,"key":"Regen Potion"},{"floor":16,"key":"Explosive Potion"}],"is_trial":false,"path_per_floor":["M","?","$","M","?","E","M","E","T","R","M","R","$","M","R","B",null,"M","T","?","M","M"],"character_chosen":"THE_SILENT","items_purchased":["Well Laid Plans","Flying Knee","Noxious Fumes","Dash"],"campfire_rested":2,"item_purchase_floors":[3,3,13,13],"current_hp_per_floor":[59,59,59,59,41,41,41,10,10,28,28,46,46,46,46,34,54,42,42,42,21,0],"gold":153,"neow_bonus":"THREE_ENEMY_KILL","is_prod":false,"is_daily":false,"chose_seed":false,"campfire_upgraded":1,"win_rate":0,"timestamp":1557167909,"path_taken":["M","?","$","M","?","E","M","E","T","R","M","R","?","M","R","BOSS","M","?","?","M","M"],"build_version":"2019-04-23","purchased_purges":1,"victory":false,"max_hp_per_floor":[66,60,60,60,60,60,60,60,60,60,60,60,60,60,60,60,60,60,60,60,60,60],"card_choices":[{"not_picked":["Underhanded Strike","Slice"],"picked":"Crippling Poison","floor":1},{"not_picked":["Masterful Stab","Prepared"],"picked":"Backstab","floor":4},{"not_picked":["Heel Hook","After Image"],"picked":"Die Die Die","floor":6},{"not_picked":["Dagger Throw","Endless Agony"],"picked":"Flying Knee","floor":7},{"not_picked":["Choke","Quick Slash"],"picked":"Caltrops","floor":8},{"not_picked":["Calculated Gamble","Skewer"],"picked":"Caltrops","floor":11},{"not_picked":["Bane","Dagger Spray"],"picked":"PiercingWail","floor":14},{"not_picked":["Predator","Riddle With Holes"],"picked":"Caltrops","floor":18},{"not_picked":["Underhanded Strike","Backstab"],"picked":"Predator","floor":21}],"player_experience":1548421,"relics_obtained":[{"floor":6,"key":"Smiling Mask"},{"floor":8,"key":"Art of War"},{"floor":9,"key":"Tiny Chest"},{"floor":19,"key":"StoneCalendar"}],"event_choices":[{"damage_healed":0,"gold_gain":0,"player_choice":"Lose Max HP","damage_taken":0,"relics_obtained":["Golden Idol"],"max_hp_gain":0,"max_hp_loss":6,"event_name":"Golden Idol","floor":2,"gold_loss":0},{"damage_healed":0,"gold_gain":0,"player_choice":"Entered Light","damage_taken":18,"max_hp_gain":0,"max_hp_loss":0,"event_name":"Shining Light","floor":5,"gold_loss":0,"cards_upgraded":["Defend_G","Well Laid Plans"]},{"damage_healed":0,"gold_gain":0,"player_choice":"Ignored","damage_taken":0,"max_hp_gain":0,"max_hp_loss":0,"event_name":"Vampires","floor":20,"gold_loss":0}],"is_beta":true,"boss_relics":[{"not_picked":["Tiny House","Orrery"],"picked":"Sozu"}],"items_purged_floors":[13],"is_endless":false,"potions_floor_spawned":[6,8,11,16],"killed_by":"Shelled Parasite and Fungi","ascension_level":18}