{"gold_per_floor":[112,123,133,147,147,147,176,176,176,188,263,188,188,203,203,303,353,342,342,353,366,57,57,77,77,77,77,77,77,93,109,109,109],"floor_reached":33,"playtime":1794,"items_purged":["Strike_R","Strike_R"],"score":336,"play_id":"c3c2d15d-6be6-4fc9-a050-3d86354a2129","local_time":"20180929233953","is_ascension_mode":true,"campfire_choices":[{"data":"Pummel","floor":6,"key":"SMITH"},{"data":"Feed","floor":8,"key":"SMITH"},{"floor":13,"key":"REST"},{"data":"Seeing Red","floor":15,"key":"SMITH"},{"data":"Pommel Strike","floor":23,"key":"SMITH"},{"floor":25,"key":"REST"},{"floor":32,"key":"REST"}],"neow_cost":"","seed_source_timestamp":222846746405302,"circlet_count":0,"master_deck":["Strike_R+1","Strike_R+1","Defend_R","Defend_R+1","Defend_R+1","Defend_R","Bash+1","Pummel+1","Entrench","Feed+1","Seeing Red+1","Flame Barrier","Demon Form","Pommel Strike+1","Shrug It Off","Iron Wave+1","Armaments","Uppercut","Twin Strike+1"],"relics":["Burning Blood","Bronze Scales","Whetstone","Tiny House","Strange Spoon","Omamori"],"potions_floor_usage":[16,16,20,20,21,30,33],"damage_taken":[{"damage":4,"enemies":"Jaw Worm","floor":1,"turns":4},{"damage":0,"enemies":"Small Slimes","floor":2,"turns":3},{"damage":2,"enemies":"2 Louse","floor":3,"turns":3},{"damage":0,"enemies":"Large Slime","floor":4,"turns":6},{"damage":20,"enemies":"Gremlin Nob","floor":7,"turns":4},{"damage":6,"enemies":"Exordium Thugs","floor":10,"turns":5},{"damage":6,"enemies":"Lots of Slimes","floor":14,"turns":4},{"damage":63,"enemies":"Hexaghost","floor":16,"turns":8},{"damage":24,"enemies":"2 Thieves","floor":18,"turns":4},{"damage":30,"enemies":"Shell Parasite","floor":20,"turns":5},{"damage":27,"enemies":"3 Cultists","floor":21,"turns":5},{"damage":23,"enemies":"Centurion and Healer","floor":24,"turns":8},{"damage":29,"enemies":"Sentry and Sphere","floor":30,"turns":6},{"damage":22,"enemies":"Snake Plant","floor":31,"turns":4},{"damage":80,"enemies":"Collector","floor":33,"turns":6}],"seed_played":"-7428164172425451088","potions_obtained":[{"floor":2,"key":"Strength Potion"},{"floor":3,"key":"Poison Potion"},{"floor":7,"key":"SmokeBomb"},{"floor":10,"key":"Energy Potion"},{"floor":17,"key":"Regen Potion"},{"floor":18,"key":"Poison Potion"},{"floor":24,"key":"PowerPotion"},{"floor":31,"key":"Strength Potion"}],"is_trial":false,"path_per_floor":["M","M","M","M","?","R","E","R","T","M","?","$","R","M","R","B",null,"M","?","M","M","$","R","M","R","T","?","$","?","M","M","R"],"character_chosen":"IRONCLAD","items_purchased":["Strange Spoon"],"campfire_rested":3,"item_purchase_floors":[22],"current_hp_per_floor":[80,80,80,80,64,64,50,50,50,54,43,43,68,72,72,15,75,57,88,78,57,57,57,44,73,73,73,73,73,54,38,68,0],"gold":109,"neow_bonus":"","is_prod":false,"is_daily":false,"chose_seed":false,"campfire_upgraded":4,"win_rate":0,"timestamp":1538278793,"path_taken":["M","M","M","M","?","R","E","R","T","M","?","$","R","M","R","BOSS","M","?","M","M","$","R","M","R","T","?","$","?","M","M","R","BOSS"],"build_version":"2018-09-27","purchased_purges":2,"victory":false,"max_hp_per_floor":[80,80,80,80,80,80,80,80,80,84,84,84,84,88,88,88,93,93,93,93,93,93,93,97,97,97,97,97,97,101,101,101,101],"card_choices":[{"not_picked":["Body Slam","Blood for Blood","Combust"],"picked":"SKIP","floor":1},{"not_picked":["Wild Strike","Warcry"],"picked":"Pummel","floor":2},{"not_picked":["Body Slam","Wild Strike"],"picked":"Entrench","floor":3},{"not_picked":["Feel No Pain","Rampage","Headbutt"],"picked":"SKIP","floor":4},{"not_picked":["Feel No Pain","Headbutt"],"picked":"Feed","floor":7},{"not_picked":["Perfected Strike","Headbutt"],"picked":"Seeing Red","floor":10},{"not_picked":["Rupture","Havoc"],"picked":"Flame Barrier","floor":14},{"not_picked":["Feed","Berserk"],"picked":"Demon Form","floor":16},{"not_picked":["Uppercut","Sword Boomerang+1"],"picked":"Pommel Strike","floor":18},{"not_picked":["Clash","Wild Strike"],"picked":"Shrug It Off","floor":20},{"not_picked":["Headbutt","Corruption+1"],"picked":"Iron Wave+1","floor":21},{"not_picked":["Twin Strike","Fire Breathing"],"picked":"Armaments","floor":24},{"not_picked":["Cleave","True Grit","Anger"],"picked":"SKIP","floor":30},{"not_picked":["Cleave","Immolate"],"picked":"Twin Strike+1","floor":31}],"player_experience":1087826,"relics_obtained":[{"floor":7,"key":"Bronze Scales"},{"floor":9,"key":"Whetstone"},{"floor":26,"key":"Omamori"}],"event_choices":[{"event_name":"Shining Light","player_choice":"Entered Light","floor":5,"damage_taken":0},{"event_name":"World of Goop","player_choice":"Gather Gold","floor":11,"damage_taken":0},{"event_name":"The Library","player_choice":"Heal","floor":19,"damage_taken":0},{"event_name":"Ghosts","player_choice":"Ignored","floor":27,"damage_taken":0},{"event_name":"Transmorgrifier","player_choice":"Transform","floor":29,"damage_taken":0}],"is_beta":false,"boss_relics":[{"not_picked":["Lizard Tail","Calling Bell"],"picked":"Tiny House"}],"items_purged_floors":[12,22],"is_endless":false,"potions_floor_spawned":[2,3,7,10,18,24,31],"killed_by":"Collector","ascension_level":5}