{"gold_per_floor":[112,112,112,126,126,126,155,155,155,30,56,56,6,16,16,120,120,130,143,59,74,7,7,20,20],"floor_reached":25,"playtime":1526,"items_purged":["Strike_R"],"score":261,"play_id":"4d654c23-8cfa-4146-b03f-448fccce03a5","local_time":"20180927183702","is_ascension_mode":true,"campfire_choices":[{"data":"Pummel","floor":6.0,"key":"SMITH"},{"floor":8.0,"key":"REST"},{"data":"Bash","floor":12.0,"key":"SMITH"},{"data":"Flex","floor":15,"key":"SMITH"},{"data":"Armaments","floor":23,"key":"SMITH"}],"neow_cost":"NONE","seed_source_timestamp":0,"circlet_count":0,"master_deck":["Strike_R","Strike_R","Defend_R","Defend_R","Defend_R","Defend_R","Bash+1","Pummel+1","Power Through","Offering","Flex+1","Pummel+1","Clothesline+1","Double Tap","Shrug It Off","Shrug It Off","Armaments+1","Metallicize","Evolve","Flex"],"special_seed":0,"relics":["Black Blood","Regal Pillow","Kunai","Vajra","Turnip","Molten Egg 2","Dream Catcher"],"potions_floor_usage":[18,19,19,24],"damage_taken":[{"damage":9.0,"enemies":"2 Louse","floor":1.0,"turns":2.0},{"damage":4.0,"enemies":"Jaw Worm","floor":4.0,"turns":4.0},{"damage":21.0,"enemies":"Gremlin Nob","floor":7.0,"turns":5.0},{"damage":27.0,"enemies":"Lagavulin","floor":11.0,"turns":6.0},{"damage":6,"enemies":"Cultist","floor":14,"turns":2},{"damage":39,"enemies":"The Guardian","floor":16,"turns":13},{"damage":12,"enemies":"3 Byrds","floor":18,"turns":6},{"damage":25,"enemies":"2 Thieves","floor":19,"turns":3},{"damage":8,"enemies":"Centurion and Healer","floor":21,"turns":8},{"damage":24,"enemies":"Snecko","floor":24,"turns":7},{"damage":41,"enemies":"Slavers","floor":25,"turns":4}],"seed_played":"-7154206659880489865","potions_obtained":[{"floor":11.0,"key":"Block Potion"},{"floor":14,"key":"SteroidPotion"},{"floor":16,"key":"Poison Potion"},{"floor":21,"key":"PowerPotion"}],"is_trial":false,"path_per_floor":["M","?","T","M","?","R","E","R","T","$","E","R","?","M","R","B",null,"M","M","$","M","$","R","M"],"character_chosen":"IRONCLAD","items_purchased":["Flex","Armaments","Metallicize","Evolve"],"campfire_rested":1,"item_purchase_floors":[10,20,20,22],"current_hp_per_floor":[77,70,70,72,54,54,39,78,78,78,57,57,57,57,57,24,66,64,49,49,51,51,51,37,0],"gold":20,"neow_bonus":"RANDOM_COMMON_RELIC","is_prod":false,"is_daily":false,"chose_seed":false,"campfire_upgraded":4,"win_rate":0,"timestamp":1538087822,"path_taken":["M","?","?","M","?","R","E","R","T","$","E","R","?","M","R","BOSS","M","M","$","?","$","R","M","E"],"build_version":"2018-09-20","purchased_purges":1,"victory":false,"max_hp_per_floor":[80,80,80,80,80,80,80,80,80,80,80,80,80,80,80,80,80,80,80,80,80,80,80,80,80],"card_choices":[{"not_picked":["True Grit","Sword Boomerang"],"picked":"Pummel","floor":1.0},{"not_picked":["Havoc","Warcry"],"picked":"Power Through","floor":4.0},{"not_picked":["Rage","Sword Boomerang"],"picked":"Offering","floor":7.0},{"not_picked":["Warcry","Twin Strike+1"],"picked":"Pummel+1","floor":11.0},{"not_picked":["Intimidate","Corruption"],"picked":"Clothesline+1","floor":14},{"not_picked":["Offering","Limit Break"],"picked":"Double Tap","floor":16},{"not_picked":["Twin Strike+1","Warcry"],"picked":"Shrug It Off","floor":18},{"not_picked":["Pommel Strike+1","Sword Boomerang+1"],"picked":"Shrug It Off","floor":19},{"not_picked":["True Grit","Clothesline+1","Burning Pact"],"picked":"SKIP","floor":21},{"not_picked":["Searing Blow+1","Corruption"],"picked":"Flex","floor":24}],"player_experience":925145,"relics_obtained":[{"floor":3.0,"key":"Kunai"},{"floor":7.0,"key":"Turnip"},{"floor":9.0,"key":"Molten Egg 2"},{"floor":11.0,"key":"Dream Catcher"}],"event_choices":[{"event_name":"Golden Wing","player_choice":"Card Removal","floor":2.0,"damage_taken":0.0},{"event_name":"Scrap Ooze","player_choice":"success","floor":5.0,"damage_taken":18.0},{"event_name":"The Cleric","player_choice":"Card Removal","floor":13.0,"damage_taken":0.0}],"is_beta":false,"boss_relics":[{"not_picked":["Runic Dome","Cursed Key"],"picked":"Black Blood"}],"items_purged_floors":[10],"is_endless":false,"potions_floor_spawned":[11,14,16,21],"killed_by":"Slavers","ascension_level":5}