{"gold_per_floor":[210,229,78,78,95,122,122,148,173,173,173,102,102,119,119,221,221,234,254,267,279,279,279,11,11,38,38,57,69,69,168,168,264,264,279,289,302,315,141,141,4,4,4,24,44,44,55,55,55,55],"floor_reached":51,"playtime":2981,"items_purged":[],"score":903,"play_id":"dbf13ea4-043a-44bc-a80a-d82685242f58","local_time":"20190314012745","is_ascension_mode":true,"campfire_choices":[{"floor":7,"key":"REST"},{"floor":11,"key":"REST"},{"data":"Defragment","floor":13,"key":"SMITH"},{"data":"Dualcast","floor":15,"key":"SMITH"},{"data":"Creative AI","floor":23,"key":"SMITH"},{"data":"Self Repair","floor":25,"key":"SMITH"},{"floor":27,"key":"REST"},{"data":"Chill","floor":32,"key":"SMITH"},{"data":"Panache","floor":40,"key":"SMITH"},{"data":"Storm","floor":42,"key":"SMITH"},{"data":"Amplify","floor":49,"key":"SMITH"}],"neow_cost":"NONE","seed_source_timestamp":21146871462100,"circlet_count":0,"master_deck":["Strike_B","Strike_B","Strike_B","Defend_B+1","Defend_B","Zap","Dualcast+1","Melter","Self Repair","Heatsinks","Glacier+1","Cold Snap","Defragment+1","Capacitor","Creative AI+1","Steam","Chaos+1","Coolheaded","Redo","Chill+1","Turbo","Self Repair+1","Conserve Battery","Steam+1","Amplify+1","Cold Snap+1","Glacier","Redo+1","Darkness+1","Panache+1","Storm+1","Chill","Coolheaded","Bandage Up","Mind Blast","Mind Blast","Fusion+1"],"relics":["Cracked Core","Bag of Preparation","Art of War","Vajra","War Paint","Mummified Hand","Inserter","Toolbox","Oddly Smooth Stone","Eternal Feather","Gremlin Horn"],"potions_floor_usage":[6,19,35,37,47],"damage_taken":[{"damage":1,"enemies":"Cultist","floor":1,"turns":4},{"damage":0,"enemies":"2 Louse","floor":2,"turns":2},{"damage":4,"enemies":"Small Slimes","floor":5,"turns":3},{"damage":50,"enemies":"3 Sentries","floor":6,"turns":7},{"damage":44,"enemies":"Gremlin Nob","floor":8,"turns":6},{"damage":9,"enemies":"3 Louse","floor":14,"turns":4},{"damage":10,"enemies":"Hexaghost","floor":16,"turns":13},{"damage":27,"enemies":"3 Byrds","floor":18,"turns":6},{"damage":24,"enemies":"2 Thieves","floor":19,"turns":4},{"damage":17,"enemies":"Centurion and Healer","floor":20,"turns":11},{"damage":0,"enemies":"Shelled Parasite and Fungi","floor":21,"turns":9},{"damage":0,"enemies":"Snecko","floor":28,"turns":7},{"damage":9,"enemies":"Snake Plant","floor":29,"turns":5},{"damage":22,"enemies":"Automaton","floor":33,"turns":11},{"damage":24,"enemies":"3 Darklings","floor":35,"turns":11},{"damage":22,"enemies":"Orb Walker","floor":36,"turns":6},{"damage":0,"enemies":"4 Shapes","floor":37,"turns":7},{"damage":8,"enemies":"Spire Growth","floor":38,"turns":8},{"damage":12,"enemies":"Maw","floor":44,"turns":8},{"damage":0,"enemies":"4 Shapes","floor":45,"turns":4},{"damage":14,"enemies":"Jaw Worm Horde","floor":47,"turns":4},{"damage":58,"enemies":"Awakened One","floor":50,"turns":13}],"seed_played":"8108824716872087933","potions_obtained":[{"floor":5,"key":"Explosive Potion"},{"floor":8,"key":"FearPotion"},{"floor":16,"key":"Ancient Potion"},{"floor":18,"key":"Fire Potion"},{"floor":33,"key":"GamblersBrew"},{"floor":35,"key":"Fire Potion"},{"floor":37,"key":"SteroidPotion"},{"floor":44,"key":"Energy Potion"}],"is_trial":false,"path_per_floor":["M","M","$","?","M","E","R","E","T","?","R","$","R","M","R","B",null,"M","M","M","M","?","R","$","R","T","R","M","M","?","?","R","B",null,"M","M","M","M","$","R","$","R","T","M","M","?","M","?","R","B",null],"character_chosen":"DEFECT","items_purchased":["Bag of Preparation","Defragment","Toolbox","Self Repair","Panache","Storm","Chill"],"campfire_rested":3,"item_purchase_floors":[3,12,24,24,39,41,41],"current_hp_per_floor":[67,67,67,67,70,27,49,12,12,12,34,34,34,32,32,29,64,44,27,17,24,24,24,24,24,24,46,63,71,71,71,71,66,73,66,61,75,75,75,75,75,75,75,75,75,65,65,65,75,34],"gold":55,"neow_bonus":"HUNDRED_GOLD","is_prod":false,"is_daily":false,"chose_seed":false,"campfire_upgraded":8,"win_rate":0,"timestamp":1552541265,"path_taken":["M","?","$","?","M","E","R","E","T","?","R","$","R","?","R","BOSS","M","M","M","M","?","R","$","R","T","R","M","M","?","?","R","BOSS","M","M","M","M","$","R","$","R","T","M","M","?","M","?","R","BOSS"],"build_version":"2019-01-23","purchased_purges":0,"victory":true,"max_hp_per_floor":[75,75,75,75,75,75,75,75,75,75,75,75,75,75,75,75,75,75,75,75,75,75,75,75,75,75,75,75,75,75,75,75,75,75,75,75,75,75,75,75,75,75,75,75,75,75,75,75,75,75],"card_choices":[{"not_picked":["Redo","Compile Driver"],"picked":"Melter","floor":1},{"not_picked":["Leap","Static Discharge"],"picked":"Self Repair","floor":2},{"not_picked":["Turbo","Cold Snap"],"picked":"Heatsinks","floor":5},{"not_picked":["Fission","Stack"],"picked":"Glacier","floor":6},{"not_picked":["Hello World","Fusion"],"picked":"Cold Snap","floor":8},{"not_picked":["Redo","Rebound"],"picked":"Capacitor","floor":14},{"not_picked":["All For One","Seek"],"picked":"Creative AI","floor":16},{"not_picked":["Gash+1","Aggregate"],"picked":"Steam","floor":18},{"not_picked":["Steam","Go for the Eyes+1"],"picked":"Chaos+1","floor":19},{"not_picked":["Sweeping Beam","Rainbow"],"picked":"Coolheaded","floor":20},{"not_picked":["Leap","Go for the Eyes"],"picked":"Redo","floor":21},{"not_picked":["Gash+1","White Noise"],"picked":"Conserve Battery","floor":28},{"not_picked":["Rebound","Melter+1"],"picked":"Steam+1","floor":29},{"not_picked":["Fission","Meteor Strike"],"picked":"Amplify","floor":33},{"not_picked":["Rip and Tear+1","Stack"],"picked":"Cold Snap+1","floor":35},{"not_picked":["Rip and Tear","Tempest"],"picked":"Glacier","floor":36},{"not_picked":["Steam Power+1","Stack"],"picked":"Redo+1","floor":37},{"not_picked":["Gash+1","Turbo"],"picked":"Darkness+1","floor":38},{"not_picked":["Auto Shields","Go for the Eyes+1","Reprogram+1"],"picked":"SKIP","floor":44},{"not_picked":["Chaos","Seek"],"picked":"Coolheaded","floor":45},{"not_picked":["Dark Shackles","Blind"],"picked":"Bandage Up","floor":46},{"not_picked":["Madness","Flash of Steel"],"picked":"Mind Blast","floor":46},{"not_picked":["Dark Shackles","Blind"],"picked":"Mind Blast","floor":46},{"not_picked":["Rebound","Rip and Tear"],"picked":"Fusion+1","floor":47}],"player_experience":2416914,"relics_obtained":[{"floor":6,"key":"Art of War"},{"floor":8,"key":"Vajra"},{"floor":9,"key":"War Paint"},{"floor":26,"key":"Oddly Smooth Stone"},{"floor":43,"key":"Gremlin Horn"}],"event_choices":[{"damage_healed":0,"gold_gain":0,"player_choice":"Ignored","damage_taken":0,"max_hp_gain":0,"max_hp_loss":0,"event_name":"Golden Idol","floor":4,"gold_loss":0},{"damage_healed":0,"gold_gain":0,"player_choice":"Gave Potion","damage_taken":0,"relics_obtained":["Mummified Hand"],"max_hp_gain":0,"max_hp_loss":0,"event_name":"WeMeetAgain","floor":10,"gold_loss":0},{"damage_healed":0,"gold_gain":0,"cards_transformed":["Strike_B","Defend_B"],"player_choice":"Became Test Subject","damage_taken":0,"max_hp_gain":0,"max_hp_loss":0,"event_name":"Drug Dealer","floor":22,"gold_loss":0,"cards_obtained":["Chill","Turbo"]},{"damage_healed":0,"gold_gain":99,"player_choice":"Stole From Cult","damage_taken":0,"max_hp_gain":0,"max_hp_loss":0,"event_name":"Nest","floor":31,"gold_loss":0},{"damage_healed":0,"gold_gain":0,"player_choice":"Memory 3","damage_taken":10,"max_hp_gain":0,"max_hp_loss":0,"event_name":"SensoryStone","floor":46,"gold_loss":0},{"cards_removed":["Defend_B"],"damage_healed":0,"gold_gain":0,"player_choice":"Removed Skill","damage_taken":0,"max_hp_gain":0,"max_hp_loss":0,"event_name":"Falling","floor":48,"gold_loss":0}],"is_beta":false,"boss_relics":[{"not_picked":["Busted Crown","Sozu"],"picked":"Inserter"},{"not_picked":["Philosopher\u0027s Stone","Black Star"],"picked":"Eternal Feather"}],"items_purged_floors":[],"is_endless":false,"potions_floor_spawned":[5,8,16,18,33,35,37,44],"ascension_level":8}