{"gold_per_floor":[17,28,28,28,38,68,68,95,146,146,146,146,160,17,17,122,122,138,150,80,98,115,115,131,163,218,218],"floor_reached":27,"playtime":1871,"items_purged":["Parasite"],"score":267,"play_id":"a0737cb6-bfb1-46bb-8eb0-3ed20f54082e","local_time":"20180817202258","is_ascension_mode":true,"campfire_choices":[{"data":"Glacier","floor":7,"key":"SMITH"},{"floor":10,"key":"REST"},{"floor":15,"key":"REST"},{"floor":23,"key":"REST"}],"neow_cost":"NO_GOLD","seed_source_timestamp":362557760337859,"circlet_count":0,"master_deck":["Strike_B","Strike_B","Strike_B","Defend_B","Defend_B","Defend_B","Defend_B","Zap","Dualcast","Fission+1","Hologram","Glacier+1","Consume","Steam","Loop+1","Buffer+1","Melter+1","Conserve Battery","Capacitor+1","Turbo+1","Tempest"],"relics":["Cracked Core","Frozen Egg 2","Happy Flower","Pen Nib","Nuclear Battery","Anchor","Tiny Chest"],"potions_floor_usage":[6,6,19,19,22,25],"damage_taken":[{"damage":5,"enemies":"Jaw Worm","floor":1,"turns":5},{"damage":0,"enemies":"Small Slimes","floor":2,"turns":3},{"damage":1,"enemies":"Cultist","floor":5,"turns":3},{"damage":23,"enemies":"Lagavulin","floor":6,"turns":10},{"damage":44,"enemies":"Gremlin Nob","floor":8,"turns":6},{"damage":31,"enemies":"Gremlin Gang","floor":13,"turns":8},{"damage":8,"enemies":"Hexaghost","floor":16,"turns":15},{"damage":0,"enemies":"Spheric Guardian","floor":18,"turns":8},{"damage":2,"enemies":"Shell Parasite","floor":19,"turns":9},{"damage":9,"enemies":"Snake Plant","floor":21,"turns":5},{"damage":34,"enemies":"Centurion and Healer","floor":22,"turns":12},{"damage":0,"enemies":"Snecko","floor":24,"turns":7},{"damage":49,"enemies":"Slavers","floor":25,"turns":14},{"damage":9,"enemies":"Snake Plant","floor":27,"turns":1}],"seed_played":"3546413642951571081","potions_obtained":[{"floor":2,"key":"Energy Potion"},{"floor":5,"key":"Ancient Potion"},{"floor":16,"key":"EssenceOfSteel"},{"floor":18,"key":"PowerPotion"},{"floor":21,"key":"Weak Potion"},{"floor":24,"key":"Dexterity Potion"}],"is_trial":false,"path_per_floor":["M","M","?","?","M","E","R","E","T","R","?","?","M","$","R","B",null,"M","M","$","M","M","R","M","E","T"],"character_chosen":"DEFECT","items_purchased":["Loop+1","Capacitor+1"],"campfire_rested":3,"item_purchase_floors":[14,20],"current_hp_per_floor":[70,70,70,70,69,46,46,2,2,24,42,47,16,16,39,31,77,77,75,75,66,32,55,55,6,6,0],"gold":218,"neow_bonus":"THREE_RARE_CARDS","is_prod":false,"is_daily":false,"chose_seed":false,"campfire_upgraded":1,"win_rate":0,"timestamp":1534551778,"path_taken":["M","M","?","?","M","E","R","E","T","R","?","?","?","$","R","BOSS","M","M","$","M","M","R","M","E","T","M"],"build_version":"2018-08-16","purchased_purges":1,"victory":false,"max_hp_per_floor":[75,75,75,75,75,75,75,75,75,75,75,80,80,77,77,77,77,77,77,77,77,77,77,77,77,77,77],"card_choices":[{"not_picked":["All For One","Core Surge"],"picked":"Fission","floor":0},{"not_picked":["Coolheaded","Double Energy"],"picked":"Hologram","floor":1},{"not_picked":["Coolheaded","Reprogram","Gash"],"picked":"SKIP","floor":2},{"not_picked":["Undo","Sweeping Beam"],"picked":"Glacier","floor":5},{"not_picked":["Sunder","Cold Snap","Beam Cell"],"picked":"SKIP","floor":6},{"not_picked":["Skim","Reinforced Body"],"picked":"Consume","floor":8},{"not_picked":["Cold Snap","Ball Lightning"],"picked":"Steam","floor":13},{"not_picked":["Amplify","Reboot"],"picked":"Buffer+1","floor":16},{"not_picked":["Scrape+1","Auto Shields+1"],"picked":"Melter+1","floor":18},{"not_picked":["Melter","Darkness"],"picked":"Conserve Battery","floor":19},{"not_picked":["Undo","Hologram+1","Consume"],"picked":"SKIP","floor":21},{"not_picked":["Steam","Beam Cell"],"picked":"Turbo+1","floor":22},{"not_picked":["Melter","Rebound"],"picked":"Tempest","floor":24},{"not_picked":["Ball Lightning","Force Field","Leap"],"picked":"SKIP","floor":25}],"player_experience":653670,"relics_obtained":[{"floor":6,"key":"Frozen Egg 2"},{"floor":8,"key":"Happy Flower"},{"floor":9,"key":"Pen Nib"},{"floor":25,"key":"Anchor"},{"floor":26,"key":"Tiny Chest"}],"event_choices":[{"event_name":"Living Wall","player_choice":"Grow","floor":3,"damage_taken":0},{"event_name":"Purifier","player_choice":"One Purge","floor":4,"damage_taken":0},{"event_name":"Mushrooms","player_choice":"Healed and dodged fight","floor":11,"damage_taken":0},{"event_name":"Big Fish","player_choice":"Donut","floor":12,"damage_taken":0}],"is_beta":false,"boss_relics":[{"not_picked":["Empty Cage","Black Star"],"picked":"Nuclear Battery"}],"items_purged_floors":[14],"is_endless":false,"potions_floor_spawned":[2,5,16,18,21,24],"killed_by":"Snake Plant","ascension_level":2}