{"gold_per_floor":[117,117,137,147,147,181,181,200,200,230,230,249,324,2,2,2],"floor_reached":16,"playtime":807,"items_purged":[],"score":146,"play_id":"f4c53a5a-b208-46f1-b189-0e83970920c4","local_time":"20180901032852","is_ascension_mode":true,"campfire_choices":[{"data":"Brutality","floor":7,"key":"SMITH"},{"floor":15,"key":"REST"}],"neow_cost":"CURSE","seed_source_timestamp":98876817090185,"circlet_count":0,"master_deck":["Strike_R+1","Strike_R","Strike_R","Strike_R","Strike_R","Defend_R+1","Defend_R+1","Defend_R","Defend_R+1","Bash","Doubt","Dropkick","Rage","Battle Trance","Brutality+1","Shrug It Off","Pummel","Regret","Shrug It Off","Metallicize"],"relics":["Burning Blood","Centennial Puzzle","Self Forming Clay","Strawberry","War Paint","Art of War","Bottled Tornado"],"potions_floor_usage":[6,10,12],"damage_taken":[{"damage":11,"enemies":"2 Louse","floor":1,"turns":4},{"damage":8,"enemies":"Small Slimes","floor":3,"turns":4},{"damage":8,"enemies":"Jaw Worm","floor":4,"turns":5},{"damage":27,"enemies":"Gremlin Nob","floor":6,"turns":4},{"damage":10,"enemies":"3 Louse","floor":8,"turns":5},{"damage":20,"enemies":"Lagavulin","floor":10,"turns":9},{"damage":11,"enemies":"Large Slime","floor":12,"turns":8},{"damage":62,"enemies":"Slime Boss","floor":16,"turns":10}],"seed_played":"85220554152055991","potions_obtained":[{"floor":3,"key":"Poison Potion"},{"floor":8,"key":"AttackPotion"},{"floor":10,"key":"Ancient Potion"}],"is_trial":false,"path_per_floor":["M","?","M","M","T","E","R","M","T","E","?","M","?","$","R"],"character_chosen":"IRONCLAD","items_purchased":["Metallicize","Bottled Tornado"],"campfire_rested":1,"item_purchase_floors":[14,14],"current_hp_per_floor":[91,72,70,68,68,47,47,43,50,36,36,31,20,20,50,0],"gold":2,"neow_bonus":"TWENTY_PERCENT_HP_BONUS","is_prod":false,"is_daily":false,"chose_seed":false,"campfire_upgraded":1,"win_rate":0,"timestamp":1535786932,"path_taken":["M","?","M","M","?","E","R","M","T","E","?","?","?","$","R","BOSS"],"build_version":"2018-08-30","purchased_purges":0,"victory":false,"max_hp_per_floor":[96,96,96,96,96,96,96,96,103,103,103,103,103,103,103,103],"card_choices":[{"not_picked":["Rupture","Havoc"],"picked":"Dropkick","floor":1},{"not_picked":["Body Slam","Pommel Strike"],"picked":"Rage","floor":3},{"not_picked":["Flame Barrier","Searing Blow"],"picked":"Battle Trance","floor":4},{"not_picked":["Shockwave","Rage"],"picked":"Brutality","floor":6},{"not_picked":["Cleave","Clash"],"picked":"Shrug It Off","floor":8},{"not_picked":["True Grit","Wild Strike"],"picked":"Pummel","floor":10},{"not_picked":["Cleave","Flame Barrier"],"picked":"Shrug It Off","floor":12}],"player_experience":708873,"relics_obtained":[{"floor":5,"key":"Centennial Puzzle"},{"floor":6,"key":"Self Forming Clay"},{"floor":9,"key":"Strawberry"},{"floor":10,"key":"War Paint"}],"event_choices":[{"event_name":"Shining Light","player_choice":"Entered Light","floor":2,"damage_taken":0},{"event_name":"Big Fish","player_choice":"Box","floor":11,"damage_taken":0},{"event_name":"World of Goop","player_choice":"Gather Gold","floor":13,"damage_taken":0}],"is_beta":false,"boss_relics":[],"items_purged_floors":[],"is_endless":false,"potions_floor_spawned":[3,8,10],"killed_by":"Slime Boss","ascension_level":2}