{"gold_per_floor":[117,132,151,161,65,100,100,127,127,127,127,127,127,147,147,221,221,233,251,176,176,176,176,209,209,209,221,246,263,136,153,153,225,225,237,257,270,94,113,113,146,146,146,146,172,189,208,208,208,208,208],"floor_reached":51,"playtime":3513,"items_purged":["Defend_B","Defend_B"],"score":1514,"play_id":"759b4822-3442-4329-9a6c-ec98f700230a","local_time":"20190512211429","is_ascension_mode":true,"campfire_choices":[{"data":"Defragment","floor":7,"key":"SMITH"},{"floor":11,"key":"REST"},{"data":"Coolheaded","floor":13,"key":"SMITH"},{"data":"Go for the Eyes","floor":15,"key":"SMITH"},{"data":"BootSequence","floor":23,"key":"SMITH"},{"floor":25,"key":"REST"},{"data":"Doom and Gloom","floor":32,"key":"SMITH"},{"data":"Defragment","floor":40,"key":"SMITH"},{"data":"Dualcast","floor":42,"key":"SMITH"},{"data":"Zap","floor":44,"key":"SMITH"},{"floor":49,"key":"RECALL"}],"neow_cost":"NONE","seed_source_timestamp":1836803400005094,"circlet_count":0,"master_deck":["AscendersBane","Defend_B","Zap+1","Dualcast+1","Compile Driver","Coolheaded+1","BootSequence+1","FTL","Ball Lightning","Defragment+1","Compile Driver","Go for the Eyes+1","Rainbow+1","Defragment+1","Turbo+1","Chill+1","Steam+1","Stack+1","RitualDagger","Skim+1","Capacitor+1","Conserve Battery+1","Self Repair","Stack+1","Doom and Gloom+1","Loop+1","Defragment+1","Stack+1","Fusion+1"],"relics":["Cracked Core","Blue Candle","Du-Vu Doll","Toxic Egg 2","Happy Flower","Astrolabe","Pear","Bag of Preparation","Letter Opener","Symbiotic Virus","Sozu","Ornamental Fan"],"potions_floor_usage":[24,28,33,33],"damage_taken":[{"damage":1,"enemies":"Cultist","floor":1,"turns":3},{"damage":0,"enemies":"2 Louse","floor":2,"turns":1},{"damage":5,"enemies":"Small Slimes","floor":3,"turns":3},{"damage":2,"enemies":"Exordium Wildlife","floor":4,"turns":4},{"damage":26,"enemies":"Gremlin Nob","floor":6,"turns":4},{"damage":16,"enemies":"Lagavulin","floor":8,"turns":6},{"damage":2,"enemies":"2 Fungi Beasts","floor":14,"turns":2},{"damage":14,"enemies":"Slime Boss","floor":16,"turns":6},{"damage":12,"enemies":"3 Byrds","floor":18,"turns":5},{"damage":0,"enemies":"2 Thieves","floor":19,"turns":4},{"damage":11,"enemies":"Slavers","floor":24,"turns":6},{"damage":19,"enemies":"Shelled Parasite and Fungi","floor":27,"turns":6},{"damage":13,"enemies":"Gremlin Leader","floor":28,"turns":6},{"damage":0,"enemies":"Centurion and Healer","floor":29,"turns":5},{"damage":4,"enemies":"Snecko","floor":31,"turns":5},{"damage":9,"enemies":"Automaton","floor":33,"turns":8},{"damage":3,"enemies":"Orb Walker","floor":35,"turns":3},{"damage":0,"enemies":"3 Shapes","floor":36,"turns":4},{"damage":0,"enemies":"Transient","floor":37,"turns":6},{"damage":10,"enemies":"Maw","floor":39,"turns":5},{"damage":0,"enemies":"Giant Head","floor":41,"turns":5},{"damage":10,"enemies":"Reptomancer","floor":45,"turns":6},{"damage":5,"enemies":"Jaw Worm Horde","floor":46,"turns":4},{"damage":4,"enemies":"Sphere and 2 Shapes","floor":47,"turns":6},{"damage":22,"enemies":"Donu and Deca","floor":50,"turns":9},{"damage":72,"enemies":"Time Eater","floor":51,"turns":8}],"seed_played":"4035703444408337027","potions_obtained":[{"floor":2,"key":"Energy Potion"},{"floor":8,"key":"Weak Potion"},{"floor":16,"key":"SpeedPotion"},{"floor":27,"key":"Fire Potion"},{"floor":28,"key":"AttackPotion"},{"floor":29,"key":"Block Potion"}],"is_trial":false,"path_per_floor":["M","M","M","M","$","E","R","E","T","T","R","?","R","M","R","B",null,"M","M","?","?","?","R","E","R","T","M","E","M","$","M","R","B",null,"M","M","M","$","M","R","E","R","T","R","E","M","M","?","R","B","B"],"character_chosen":"DEFECT","items_purchased":["Ball Lightning","Defragment","Stack+1","Defragment"],"campfire_rested":2,"item_purchase_floors":[5,5,30,38],"current_hp_per_floor":[63,63,58,56,56,30,30,14,14,14,35,71,71,69,69,55,67,55,55,55,49,59,59,48,72,72,53,40,40,40,43,43,41,71,75,81,81,81,78,78,81,81,81,81,78,80,81,81,81,66,0],"gold":208,"neow_bonus":"REMOVE_CARD","is_prod":false,"is_daily":false,"chose_seed":false,"campfire_upgraded":8,"win_rate":0,"timestamp":1557688469,"path_taken":["M","M","M","M","$","E","R","E","T","?","R","?","R","?","R","BOSS","M","M","?","?","?","R","E","R","T","?","E","M","?","M","R","BOSS","M","M","M","$","M","R","E","R","T","R","E","M","M","?","R","BOSS","BOSS"],"build_version":"2019-05-07","purchased_purges":2,"victory":false,"max_hp_per_floor":[71,71,71,71,71,71,71,71,71,71,71,71,71,71,71,71,71,71,71,71,71,81,81,81,81,81,81,81,81,81,81,81,81,81,81,81,81,81,81,81,81,81,81,81,81,81,81,81,81,81,81],"card_choices":[{"not_picked":["Sweeping Beam","Beam Cell"],"picked":"Compile Driver","floor":1},{"not_picked":["Rebound","Stack"],"picked":"Coolheaded","floor":2},{"not_picked":["Go for the Eyes","Stack"],"picked":"BootSequence","floor":3},{"not_picked":["Cold Snap","Lockon"],"picked":"FTL","floor":4},{"not_picked":["Rebound","Hologram"],"picked":"Compile Driver","floor":6},{"not_picked":["Lockon","Thunder Strike","Turbo"],"picked":"SKIP","floor":8},{"not_picked":["Rebound","Hello World"],"picked":"Go for the Eyes","floor":14},{"not_picked":["Hyperbeam","All For One"],"picked":"Rainbow+1","floor":16},{"not_picked":["Sweeping Beam","Hologram+1"],"picked":"Steam+1","floor":18},{"not_picked":["Gash","Reprogram+1"],"picked":"Stack+1","floor":19},{"not_picked":["Streamline","Go for the Eyes"],"picked":"Skim+1","floor":24},{"not_picked":["Go for the Eyes","Leap+1"],"picked":"Capacitor+1","floor":27},{"not_picked":["Compile Driver","Sweeping Beam"],"picked":"Conserve Battery+1","floor":28},{"not_picked":["Sweeping Beam","Streamline+1"],"picked":"Self Repair","floor":29},{"not_picked":["Gash","Turbo+1"],"picked":"Doom and Gloom","floor":31},{"not_picked":["Rip and Tear+1","Storm","Beam Cell+1"],"picked":"SKIP","floor":35},{"not_picked":["Beam Cell+1","Chill+1","Leap+1"],"picked":"SKIP","floor":36},{"not_picked":["Go for the Eyes","Sweeping Beam"],"picked":"Loop+1","floor":37},{"not_picked":["Steam+1","Sweeping Beam","Reboot+1"],"picked":"SKIP","floor":39},{"not_picked":["Sunder+1","Heatsinks"],"picked":"Stack+1","floor":41},{"not_picked":["Chaos+1","Cold Snap+1","Genetic Algorithm+1"],"picked":"SKIP","floor":45},{"not_picked":["Reinforced Body+1","Consume+1"],"picked":"Fusion+1","floor":46},{"not_picked":["Darkness+1","Beam Cell","Chill+1"],"picked":"SKIP","floor":47}],"player_experience":1861012,"relics_obtained":[{"floor":6,"key":"Blue Candle"},{"floor":8,"key":"Du-Vu Doll"},{"floor":9,"key":"Toxic Egg 2"},{"floor":10,"key":"Happy Flower"},{"floor":24,"key":"Bag of Preparation"},{"floor":26,"key":"Letter Opener"},{"floor":28,"key":"Symbiotic Virus"},{"floor":41,"key":"Ornamental Fan"}],"event_choices":[{"damage_healed":36,"gold_gain":0,"player_choice":"Full Heal","damage_taken":0,"max_hp_gain":0,"max_hp_loss":0,"event_name":"Wheel of Change","floor":12,"gold_loss":0},{"cards_removed":["Defend_B"],"damage_healed":0,"gold_gain":0,"player_choice":"Gave Gold","damage_taken":0,"max_hp_gain":0,"max_hp_loss":0,"event_name":"Beggar","floor":20,"gold_loss":75},{"damage_healed":0,"gold_gain":0,"player_choice":"Joined the Cult","damage_taken":6,"max_hp_gain":0,"max_hp_loss":0,"event_name":"Nest","floor":21,"gold_loss":0,"cards_obtained":["RitualDagger"]},{"damage_healed":0,"gold_gain":0,"player_choice":"Gave Potion","damage_taken":0,"relics_obtained":["Pear"],"max_hp_gain":0,"max_hp_loss":0,"event_name":"WeMeetAgain","floor":22,"gold_loss":0},{"damage_healed":0,"gold_gain":0,"player_choice":"Ignored","damage_taken":0,"max_hp_gain":0,"max_hp_loss":0,"event_name":"Tomb of Lord Red Mask","floor":48,"gold_loss":0}],"is_beta":true,"boss_relics":[{"not_picked":["Eternal Feather","Busted Crown"],"picked":"Astrolabe"},{"not_picked":["Black Star","FrozenCore"],"picked":"Sozu"}],"items_purged_floors":[30,38],"is_endless":false,"potions_floor_spawned":[2,8,16,19,27,28,29,36,41,45],"killed_by":"Time Eater","ascension_level":20}