{"gold_per_floor":[112,130,130,130,130,161,174,217,217,217,14,54,88,50,50,145,145,164,182,182,182,182],"floor_reached":22,"playtime":672,"items_purged":[],"score":400,"play_id":"47c50f15-b56b-4e5d-9610-aecf652505e9","local_time":"20190430135710","is_ascension_mode":true,"campfire_choices":[{"floor":10,"key":"REST"},{"floor":15,"key":"REST"}],"neow_cost":"NONE","seed_source_timestamp":776606905698017,"circlet_count":0,"master_deck":["AscendersBane","Strike_B","Strike_B","Strike_B","Strike_B","Defend_B","Defend_B","Defend_B","Defend_B","Zap","Dualcast","Conserve Battery","Undo+1","Double Energy","Ball Lightning","White Noise","Defragment","White Noise","FTL","Ball Lightning","Sweeping Beam"],"relics":["Cracked Core","NeowsBlessing","Golden Idol","Turnip","Thread and Needle","WingedGreaves","Runic Capacitor","Ornamental Fan","Strawberry","Inserter"],"potions_floor_usage":[8,12,18,19],"damage_taken":[{"damage":0,"enemies":"Jaw Worm","floor":1,"turns":1},{"damage":0,"enemies":"Small Slimes","floor":2,"turns":1},{"damage":0,"enemies":"Gremlin Nob","floor":6,"turns":1},{"damage":3,"enemies":"2 Louse","floor":7,"turns":3},{"damage":35,"enemies":"Lagavulin","floor":8,"turns":7},{"damage":6,"enemies":"Gremlin Nob","floor":12,"turns":4},{"damage":26,"enemies":"Lagavulin","floor":13,"turns":6},{"damage":29,"enemies":"Slime Boss","floor":16,"turns":8},{"damage":38,"enemies":"2 Thieves","floor":18,"turns":5},{"damage":12,"enemies":"3 Byrds","floor":19,"turns":3},{"damage":17,"enemies":"Centurion and Healer","floor":22,"turns":2}],"seed_played":"-8892409293381442442","potions_obtained":[{"floor":2,"key":"Ancient Potion"},{"floor":7,"key":"AttackPotion"},{"floor":12,"key":"FearPotion"},{"floor":13,"key":"LiquidBronze"},{"floor":16,"key":"Block Potion"},{"floor":18,"key":"Dexterity Potion"}],"is_trial":false,"path_per_floor":["M","M","?","?","?","E","M","E","T","R","$","E","E","$","R","B",null,"M","M","?","?","M"],"character_chosen":"DEFECT","items_purchased":["Runic Capacitor","FTL"],"campfire_rested":2,"item_purchase_floors":[11,14],"current_hp_per_floor":[64,64,47,47,52,52,49,14,14,36,36,30,11,11,35,6,64,26,14,14,14,0],"gold":182,"neow_bonus":"THREE_ENEMY_KILL","is_prod":false,"is_daily":false,"chose_seed":false,"campfire_upgraded":0,"win_rate":0,"timestamp":1556625430,"path_taken":["M","M","?","?","?","E","M","E","T","R","$","E","E","$","R","BOSS","M","M","?","?","M"],"build_version":"2019-04-23","purchased_purges":0,"victory":false,"max_hp_per_floor":[71,71,71,71,76,76,76,76,76,76,76,76,83,83,83,83,83,83,83,83,83,83],"card_choices":[{"not_picked":["Rebound","Barrage"],"picked":"Conserve Battery","floor":1},{"not_picked":["Hologram","Conserve Battery"],"picked":"Undo","floor":2},{"not_picked":["Redo","Leap"],"picked":"Double Energy","floor":6},{"not_picked":["Leap","Conserve Battery"],"picked":"Ball Lightning","floor":7},{"not_picked":["Ball Lightning","Rainbow"],"picked":"White Noise","floor":8},{"not_picked":["Sunder","Coolheaded"],"picked":"Defragment","floor":12},{"not_picked":["Beam Cell","Streamline"],"picked":"White Noise","floor":13},{"not_picked":["Leap","Gash"],"picked":"Ball Lightning","floor":18},{"not_picked":["Ball Lightning","Gash"],"picked":"Sweeping Beam","floor":19}],"player_experience":1350545,"relics_obtained":[{"floor":6,"key":"Turnip"},{"floor":8,"key":"Thread and Needle"},{"floor":9,"key":"WingedGreaves"},{"floor":12,"key":"Ornamental Fan"},{"floor":13,"key":"Strawberry"}],"event_choices":[{"damage_healed":0,"gold_gain":0,"player_choice":"Take Damage","damage_taken":17,"relics_obtained":["Golden Idol"],"max_hp_gain":0,"max_hp_loss":0,"event_name":"Golden Idol","floor":3,"gold_loss":0},{"damage_healed":0,"gold_gain":0,"player_choice":"Grow","damage_taken":0,"max_hp_gain":0,"max_hp_loss":0,"event_name":"Living Wall","floor":4,"gold_loss":0,"cards_upgraded":["Undo"]},{"damage_healed":0,"gold_gain":0,"player_choice":"Donut","damage_taken":0,"max_hp_gain":5,"max_hp_loss":0,"event_name":"Big Fish","floor":5,"gold_loss":0},{"damage_healed":0,"gold_gain":0,"player_choice":"Ignored","damage_taken":0,"max_hp_gain":0,"max_hp_loss":0,"event_name":"Vampires","floor":20,"gold_loss":0},{"damage_healed":0,"gold_gain":0,"player_choice":"Ignored","damage_taken":0,"max_hp_gain":0,"max_hp_loss":0,"event_name":"Ghosts","floor":21,"gold_loss":0}],"is_beta":true,"boss_relics":[{"not_picked":["Coffee Dripper","Calling Bell"],"picked":"Inserter"}],"items_purged_floors":[],"is_endless":false,"potions_floor_spawned":[2,7,12,13,16,18],"killed_by":"Centurion and Healer","ascension_level":14}