{"gold_per_floor":[129,141,228,240,2,2,35,50,50,15,43,43,53,68,68,68],"floor_reached":16,"playtime":488,"items_purged":[],"score":189,"play_id":"e8b36bf6-ffc3-4f0a-bf7b-ca2f019dc302","local_time":"20190501145839","is_ascension_mode":true,"campfire_choices":[{"data":"Hemokinesis","floor":6,"key":"SMITH"},{"floor":15,"key":"REST"}],"neow_cost":"NONE","seed_source_timestamp":866880664244988,"circlet_count":0,"master_deck":["AscendersBane","Strike_R","Strike_R","Strike_R","Strike_R","Defend_R","Defend_R","Defend_R","Defend_R","Bash+1","True Grit","Hemokinesis+1","Headbutt","True Grit","Immolate","Offering","Feel No Pain","Seeing Red"],"relics":["Burning Blood","MawBank","Shuriken","Boot","Orichalcum","Smiling Mask"],"potions_floor_usage":[7,16],"damage_taken":[{"damage":6,"enemies":"Cultist","floor":1,"turns":4},{"damage":30,"enemies":"Gremlin Nob","floor":7,"turns":4},{"damage":1,"enemies":"2 Louse","floor":8,"turns":4},{"damage":42,"enemies":"Lagavulin","floor":11,"turns":7},{"damage":6,"enemies":"Jaw Worm","floor":13,"turns":5},{"damage":8,"enemies":"2 Fungi Beasts","floor":14,"turns":2},{"damage":43,"enemies":"Slime Boss","floor":16,"turns":7}],"seed_played":"-7791203881503893123","potions_obtained":[{"floor":1,"key":"PowerPotion"},{"floor":13,"key":"Ancient Potion"}],"is_trial":false,"path_per_floor":["M","?","?","?","$","R","E","M","T","?","E","?","M","M","R","B"],"character_chosen":"IRONCLAD","items_purchased":["Shuriken"],"campfire_rested":1,"item_purchase_floors":[5],"current_hp_per_floor":[68,68,57,57,57,57,33,38,38,56,20,20,20,18,40,0],"gold":68,"neow_bonus":"RANDOM_COMMON_RELIC","is_prod":false,"is_daily":false,"chose_seed":false,"campfire_upgraded":1,"win_rate":0,"timestamp":1556715519,"path_taken":["M","?","?","?","$","R","E","?","T","?","E","?","M","?","R","BOSS"],"build_version":"2019-04-23","purchased_purges":0,"victory":false,"max_hp_per_floor":[75,75,75,75,75,75,75,75,75,75,75,75,75,75,75,75],"card_choices":[{"not_picked":["Clash","Armaments"],"picked":"True Grit","floor":1},{"not_picked":["Blood for Blood","Carnage"],"picked":"Headbutt","floor":7},{"not_picked":["Havoc","Intimidate"],"picked":"True Grit","floor":8},{"not_picked":["Body Slam","Thunderclap"],"picked":"Immolate","floor":11},{"not_picked":["Feel No Pain","Sword Boomerang","Flex"],"picked":"SKIP","floor":13},{"not_picked":["Sword Boomerang","Flex"],"picked":"Feel No Pain","floor":13},{"not_picked":["Rampage","Perfected Strike"],"picked":"Seeing Red","floor":14}],"player_experience":1395508,"relics_obtained":[{"floor":7,"key":"Boot"},{"floor":9,"key":"Orichalcum"},{"floor":11,"key":"Smiling Mask"}],"event_choices":[{"damage_healed":0,"gold_gain":0,"player_choice":"Grow","damage_taken":0,"max_hp_gain":0,"max_hp_loss":0,"event_name":"Living Wall","floor":2,"gold_loss":0,"cards_upgraded":["Bash"]},{"damage_healed":0,"gold_gain":75,"player_choice":"Gather Gold","damage_taken":11,"max_hp_gain":0,"max_hp_loss":0,"event_name":"World of Goop","floor":3,"gold_loss":0},{"damage_healed":0,"gold_gain":0,"cards_transformed":["Strike_R"],"player_choice":"Transformed","damage_taken":0,"max_hp_gain":0,"max_hp_loss":0,"event_name":"Transmorgrifier","floor":4,"gold_loss":0,"cards_obtained":["Hemokinesis"]},{"damage_healed":18,"gold_gain":0,"player_choice":"Healed","damage_taken":0,"max_hp_gain":0,"max_hp_loss":0,"event_name":"The Cleric","floor":10,"gold_loss":35},{"damage_healed":0,"gold_gain":0,"player_choice":"1 cards matched","damage_taken":0,"max_hp_gain":0,"max_hp_loss":0,"event_name":"Match and Keep!","floor":12,"gold_loss":0,"cards_obtained":["Offering"]}],"is_beta":true,"boss_relics":[],"items_purged_floors":[],"is_endless":false,"potions_floor_spawned":[1,13],"killed_by":"Slime Boss","ascension_level":15}