{"gold_per_floor":[111,24,99,99,115,115,147,147,147,164,191,203,230,261,273,359,371,393,419,431,456,468,480,106,131,156,156,156,189,189],"floor_reached":30,"playtime":1142,"items_purged":[],"score":612,"play_id":"58c6b77e-9ba5-4e77-b433-18dd72983a91","local_time":"20190512111004","is_ascension_mode":true,"campfire_choices":[{"data":"Perfected Strike","floor":6,"key":"SMITH"},{"data":"Bash","floor":8,"key":"SMITH"},{"data":"Perfected Strike","floor":12,"key":"SMITH"},{"data":"Inflame","floor":15,"key":"SMITH"},{"floor":23,"key":"REST"},{"floor":27,"key":"REST"}],"neow_cost":"NONE","seed_source_timestamp":1802912129512803,"circlet_count":0,"master_deck":["AscendersBane","Strike_R","Strike_R","Strike_R","Strike_R","Strike_R+1","Defend_R","Defend_R+1","Defend_R","Defend_R+1","Bash+1","Intimidate+1","Perfected Strike+1","Shrug It Off","Twin Strike","Inflame+1","Shrug It Off","Perfected Strike+1","Feel No Pain","Shrug It Off","Limit Break","Pommel Strike","Perfected Strike","Whirlwind","Perfected Strike","Twin Strike","Pommel Strike","Wild Strike","Limit Break","Reaper","Inflame+1","Metallicize+1"],"relics":["Burning Blood","NeowsBlessing","Gremlin Horn","War Paint","MawBank","Orrery","Chemical X","Frozen Egg 2","Regal Pillow","MutagenicStrength","Art of War"],"potions_floor_usage":[13,13,25,25],"damage_taken":[{"damage":0,"enemies":"Small Slimes","floor":1,"turns":1},{"damage":0,"enemies":"Jaw Worm","floor":5,"turns":1},{"damage":0,"enemies":"Gremlin Nob","floor":7,"turns":1},{"damage":0,"enemies":"2 Louse","floor":10,"turns":3},{"damage":19,"enemies":"Lagavulin","floor":11,"turns":5},{"damage":0,"enemies":"Exordium Wildlife","floor":13,"turns":2},{"damage":3,"enemies":"Looter","floor":14,"turns":2},{"damage":20,"enemies":"Slime Boss","floor":16,"turns":10},{"damage":37,"enemies":"Spheric Guardian","floor":18,"turns":6},{"damage":16,"enemies":"2 Thieves","floor":19,"turns":4},{"damage":11,"enemies":"Sentry and Sphere","floor":21,"turns":3},{"damage":45,"enemies":"Slavers","floor":25,"turns":8},{"damage":57,"enemies":"Book of Stabbing","floor":29,"turns":5},{"damage":13,"enemies":"Centurion and Healer","floor":30,"turns":2}],"seed_played":"4082830932436244704","potions_obtained":[{"floor":1,"key":"SpeedPotion"},{"floor":10,"key":"BloodPotion"},{"floor":11,"key":"Fruit Juice"},{"floor":14,"key":"Regen Potion"},{"floor":21,"key":"Poison Potion"}],"is_trial":false,"path_per_floor":["M","$","?","?","M","R","E","R","T","M","E","R","M","M","R","B",null,"M","M","?","M","?","R","$","E","T","R","?","E","M"],"character_chosen":"IRONCLAD","items_purchased":["Perfected Strike","Shrug It Off","Chemical X","Reaper"],"campfire_rested":2,"item_purchase_floors":[2,2,24,24],"current_hp_per_floor":[74,74,63,40,46,46,52,52,52,58,45,45,64,67,67,53,73,42,32,48,43,20,45,45,21,21,61,61,10,0],"gold":189,"neow_bonus":"THREE_ENEMY_KILL","is_prod":false,"is_daily":false,"chose_seed":false,"campfire_upgraded":4,"win_rate":0,"timestamp":1557652204,"path_taken":["M","$","?","?","M","R","E","R","T","?","E","R","M","M","R","BOSS","M","M","?","M","?","R","$","E","T","R","?","E","?"],"build_version":"2019-05-07","purchased_purges":0,"victory":false,"max_hp_per_floor":[75,75,75,75,75,75,75,75,75,75,75,75,80,80,80,80,80,80,80,80,80,85,85,85,85,85,85,85,85,85],"card_choices":[{"not_picked":["Rupture","Heavy Blade"],"picked":"Intimidate","floor":1},{"not_picked":["Thunderclap","Flex"],"picked":"Twin Strike","floor":5},{"not_picked":["Warcry","Blood for Blood"],"picked":"Inflame","floor":7},{"not_picked":["Anger","Burning Pact"],"picked":"Shrug It Off","floor":10},{"not_picked":["Heavy Blade","Anger"],"picked":"Perfected Strike","floor":11},{"not_picked":["Bloodletting","Thunderclap"],"picked":"Feel No Pain","floor":13},{"not_picked":["Anger","Cleave"],"picked":"Shrug It Off","floor":14},{"not_picked":["Reaper","Brutality"],"picked":"Limit Break","floor":16},{"not_picked":["Clash","Infernal Blade"],"picked":"Pommel Strike","floor":17},{"not_picked":["Pommel Strike","Wild Strike"],"picked":"Perfected Strike","floor":17},{"not_picked":["True Grit","Shockwave"],"picked":"Whirlwind","floor":17},{"not_picked":["Infernal Blade","True Grit"],"picked":"Perfected Strike","floor":17},{"not_picked":["Pummel","Metallicize"],"picked":"Twin Strike","floor":17},{"not_picked":["Seeing Red","Perfected Strike"],"picked":"Pommel Strike","floor":18},{"not_picked":["Body Slam","Combust+1"],"picked":"Wild Strike","floor":19},{"not_picked":["Second Wind","Clothesline"],"picked":"Limit Break","floor":21},{"not_picked":["Pommel Strike","Sword Boomerang"],"picked":"Inflame","floor":25},{"not_picked":["True Grit","Iron Wave"],"picked":"Metallicize+1","floor":29}],"player_experience":1837319,"relics_obtained":[{"floor":7,"key":"Gremlin Horn"},{"floor":9,"key":"War Paint"},{"floor":11,"key":"MawBank"},{"floor":25,"key":"Frozen Egg 2"},{"floor":26,"key":"Regal Pillow"},{"floor":29,"key":"Art of War"}],"event_choices":[{"damage_healed":0,"gold_gain":75,"player_choice":"Gather Gold","damage_taken":11,"max_hp_gain":0,"max_hp_loss":0,"event_name":"World of Goop","floor":3,"gold_loss":0},{"damage_healed":0,"gold_gain":0,"player_choice":"Entered Light","damage_taken":23,"max_hp_gain":0,"max_hp_loss":0,"event_name":"Shining Light","floor":4,"gold_loss":0,"cards_upgraded":["Intimidate","Strike_R"]},{"damage_healed":16,"gold_gain":0,"player_choice":"Heal","damage_taken":0,"max_hp_gain":0,"max_hp_loss":0,"event_name":"The Library","floor":20,"gold_loss":0},{"damage_healed":0,"gold_gain":0,"player_choice":"Shed Blood","damage_taken":28,"max_hp_gain":5,"max_hp_loss":0,"event_name":"Forgotten Altar","floor":22,"gold_loss":0},{"damage_healed":0,"gold_gain":0,"player_choice":"Inject Mutagens","damage_taken":0,"relics_obtained":["MutagenicStrength"],"max_hp_gain":0,"max_hp_loss":0,"event_name":"Drug Dealer","floor":28,"gold_loss":0}],"is_beta":true,"boss_relics":[{"not_picked":["Coffee Dripper","Busted Crown"],"picked":"Orrery"}],"items_purged_floors":[],"is_endless":false,"potions_floor_spawned":[1,10,11,14,21],"killed_by":"Centurion and Healer","ascension_level":19}