{"gold_per_floor":[15,27,302,144,155,188,188,223,246,246,42,68,92,138,150,234,246,276,288,315,341,369,415,427,474,486,528,556,568],"floor_reached":29,"playtime":2410,"items_purged":["Regret"],"score":577,"play_id":"3d1e1285-1781-461a-966e-1ff291a29421","local_time":"20190502202024","is_ascension_mode":true,"campfire_choices":[{"data":"Noxious Fumes","floor":7,"key":"SMITH"},{"data":"Neutralize","floor":10,"key":"SMITH"},{"data":"Cloak And Dagger","floor":15,"key":"SMITH"},{"floor":24,"key":"REST"}],"neow_cost":"NO_GOLD","seed_source_timestamp":970663541699258,"circlet_count":0,"master_deck":["AscendersBane","Defend_G","Defend_G","Defend_G","Defend_G","Defend_G","Strike_G","Strike_G","Strike_G","Strike_G","Strike_G","Survivor","Neutralize+1","Venomology","Bouncing Flask","Choke","Well Laid Plans","Cloak And Dagger+1","Noxious Fumes+1","Blur","Dash","Backstab","Backflip","Cloak And Dagger","After Image","Sucker Punch","Leg Sweep","Backflip","Backflip","Corpse Explosion","Finisher","Backflip"],"relics":["Ring of the Snake","Boot","PreservedInsect","Lantern","Art of War","MawBank","Bronze Scales","Fusion Hammer","Snake Skull","Shuriken","Pantograph","Red Mask"],"potions_floor_usage":[1,5,6,6,8,8,12,13,13,16,18,22,23,23,27,27,27,29,29],"damage_taken":[{"damage":2,"enemies":"Cultist","floor":1,"turns":5},{"damage":0,"enemies":"Jaw Worm","floor":2,"turns":6},{"damage":0,"enemies":"2 Louse","floor":5,"turns":4},{"damage":13,"enemies":"3 Sentries","floor":6,"turns":10},{"damage":11,"enemies":"Lagavulin","floor":8,"turns":7},{"damage":6,"enemies":"Gremlin Nob","floor":12,"turns":3},{"damage":3,"enemies":"Exordium Thugs","floor":13,"turns":4},{"damage":2,"enemies":"3 Sentries","floor":14,"turns":7},{"damage":3,"enemies":"Hexaghost","floor":16,"turns":8},{"damage":10,"enemies":"2 Thieves","floor":18,"turns":4},{"damage":0,"enemies":"Chosen","floor":20,"turns":4},{"damage":18,"enemies":"Snake Plant","floor":21,"turns":3},{"damage":0,"enemies":"Centurion and Healer","floor":22,"turns":7},{"damage":19,"enemies":"Gremlin Leader","floor":23,"turns":7},{"damage":5,"enemies":"Book of Stabbing","floor":25,"turns":5},{"damage":14,"enemies":"Masked Bandits","floor":27,"turns":4},{"damage":3,"enemies":"Snecko","floor":28,"turns":4},{"damage":6,"enemies":"Slavers","floor":29,"turns":1}],"seed_played":"-7326287529954155454","potions_obtained":[{"floor":2,"key":"Poison Potion"},{"floor":6,"key":"SkillPotion"},{"floor":13,"key":"SkillPotion"},{"floor":16,"key":"PowerPotion"},{"floor":28,"key":"GamblersBrew"}],"is_trial":false,"path_per_floor":["M","M","?","$","M","E","R","E","T","R","$","E","M","E","R","B",null,"M","?","M","M","M","E","R","E","T","?","M","E"],"character_chosen":"THE_SILENT","items_purchased":["Well Laid Plans","Art of War","Dash"],"campfire_rested":1,"item_purchase_floors":[4,11,11],"current_hp_per_floor":[57,57,57,57,57,44,44,33,33,33,33,27,24,22,22,19,54,44,44,44,26,26,7,26,21,21,7,4,0],"gold":568,"neow_bonus":"THREE_RARE_CARDS","is_prod":false,"is_daily":false,"chose_seed":false,"campfire_upgraded":3,"win_rate":0,"timestamp":1556821224,"path_taken":["M","M","?","$","M","E","R","E","T","R","$","E","M","E","R","BOSS","M","?","M","M","M","E","R","E","T","?","M","E"],"build_version":"2019-04-23","purchased_purges":1,"victory":false,"max_hp_per_floor":[66,66,66,66,66,66,66,66,66,66,66,66,66,66,66,66,66,66,66,66,66,66,66,66,66,66,66,66,66],"card_choices":[{"not_picked":["Corpse Explosion","Storm of Steel"],"picked":"Venomology","floor":0},{"not_picked":["Setup","Masterful Stab"],"picked":"Bouncing Flask","floor":1},{"not_picked":["All Out Attack","Quick Slash"],"picked":"Choke","floor":2},{"not_picked":["Accuracy","Distraction"],"picked":"Cloak And Dagger","floor":5},{"not_picked":["Envenom","Skewer"],"picked":"Noxious Fumes","floor":6},{"not_picked":["Masterful Stab","Calculated Gamble"],"picked":"Blur","floor":8},{"not_picked":["PiercingWail","Quick Slash"],"picked":"Backstab","floor":12},{"not_picked":["Slice","Flechettes"],"picked":"Backflip","floor":13},{"not_picked":["Storm of Steel","Expertise"],"picked":"Cloak And Dagger","floor":14},{"not_picked":["Die Die Die","Adrenaline"],"picked":"After Image","floor":16},{"not_picked":["Deadly Poison","Slice"],"picked":"Sucker Punch","floor":18},{"not_picked":["Heel Hook","Quick Slash"],"picked":"Leg Sweep","floor":20},{"not_picked":["Deadly Poison","Riddle With Holes"],"picked":"Backflip","floor":21},{"not_picked":["Bane+1","Quick Slash"],"picked":"Backflip","floor":22},{"not_picked":["Tactician","Flying Knee"],"picked":"Corpse Explosion","floor":23},{"not_picked":["Crippling Poison","Prepared"],"picked":"Finisher","floor":25},{"not_picked":["Poisoned Stab","Backstab"],"picked":"Backflip","floor":27},{"not_picked":["Skewer","Underhanded Strike","Quick Slash"],"picked":"SKIP","floor":28}],"player_experience":1438988,"relics_obtained":[{"floor":6,"key":"Boot"},{"floor":8,"key":"PreservedInsect"},{"floor":9,"key":"Lantern"},{"floor":12,"key":"MawBank"},{"floor":14,"key":"Bronze Scales"},{"floor":23,"key":"Snake Skull"},{"floor":25,"key":"Shuriken"},{"floor":26,"key":"Pantograph"},{"floor":27,"key":"Red Mask"}],"event_choices":[{"damage_healed":0,"gold_gain":275,"player_choice":"Desecrate","damage_taken":0,"max_hp_gain":0,"max_hp_loss":0,"event_name":"Golden Shrine","floor":3,"gold_loss":0,"cards_obtained":["Regret"]},{"damage_healed":0,"gold_gain":0,"player_choice":"Ignored","damage_taken":0,"max_hp_gain":0,"max_hp_loss":0,"event_name":"Vampires","floor":19,"gold_loss":0},{"damage_healed":0,"gold_gain":0,"player_choice":"Fought Bandits","damage_taken":0,"max_hp_gain":0,"max_hp_loss":0,"event_name":"Masked Bandits","floor":27,"gold_loss":0}],"is_beta":true,"boss_relics":[{"not_picked":["Runic Pyramid","Runic Dome"],"picked":"Fusion Hammer"}],"items_purged_floors":[4],"is_endless":false,"potions_floor_spawned":[2,6,13,16,22,28],"killed_by":"Slavers","ascension_level":16}