{"gold_per_floor":[114,114,114,114,31,31,61,78,78,78,89,89,89,106,106,201,201,187,77,92,92,92,92,105,105,179,190,190,205,219,181,181,276,276,288,34,134,146,194,194,123,123,150,150,163,198,209,209],"floor_reached":48,"playtime":10684,"items_purged":["Strike_B"],"score":712,"play_id":"2dc3cbb7-2f0e-4866-beed-1d28d0352d37","local_time":"20190327125026","is_ascension_mode":true,"campfire_choices":[{"data":"Dualcast","floor":6,"key":"SMITH"},{"floor":10,"key":"REST"},{"data":"Sunder","floor":13,"key":"SMITH"},{"data":"Sunder","floor":15,"key":"SMITH"},{"data":"Echo Form","floor":23,"key":"SMITH"},{"data":"Bandage Up","floor":25,"key":"SMITH"},{"data":"Fusion","floor":28,"key":"SMITH"},{"floor":32,"key":"REST"},{"data":"White Noise","floor":40,"key":"SMITH"},{"floor":42,"key":"REST"},{"data":"Machine Learning","floor":44,"key":"SMITH"}],"neow_cost":"NONE","seed_source_timestamp":587395423008700,"circlet_count":0,"master_deck":["AscendersBane","Strike_B+1","Strike_B+1","Defend_B","Defend_B","Defend_B+1","Defend_B+1","Zap","Dualcast+1","Reprogram","Bandage Up+1","Sunder+1","Sunder+1","Echo Form+1","Rebound+1","Fusion+1","Turbo","Beam Cell+1","FTL+1","Doom and Gloom+1","Machine Learning+1","Stack+1","Conserve Battery","Bandage Up","Sunder+1","Self Repair+1","White Noise+1","Glacier","Hologram+1","Leap+1"],"relics":["Cracked Core","War Paint","Anchor","Strawberry","Ancient Tea Set","Sozu","Molten Egg 2","Bottled Lightning","Lizard Tail","PreservedInsect","Ginger","Mango","Lantern","Sundial"],"potions_floor_usage":[14,39,39],"damage_taken":[{"damage":0,"enemies":"Small Slimes","floor":1,"turns":3},{"damage":37,"enemies":"Gremlin Nob","floor":7,"turns":4},{"damage":2,"enemies":"Jaw Worm","floor":8,"turns":2},{"damage":0,"enemies":"2 Louse","floor":11,"turns":2},{"damage":0,"enemies":"Lots of Slimes","floor":14,"turns":2},{"damage":32,"enemies":"Slime Boss","floor":16,"turns":8},{"damage":17,"enemies":"2 Thieves","floor":18,"turns":4},{"damage":16,"enemies":"Shell Parasite","floor":20,"turns":3},{"damage":0,"enemies":"Cultist and Chosen","floor":24,"turns":4},{"damage":14,"enemies":"3 Cultists","floor":27,"turns":5},{"damage":5,"enemies":"Snecko","floor":29,"turns":3},{"damage":2,"enemies":"Cultist and Chosen","floor":30,"turns":3},{"damage":83,"enemies":"Champ","floor":33,"turns":10},{"damage":41,"enemies":"3 Darklings","floor":35,"turns":5},{"damage":18,"enemies":"Mind Bloom Boss Battle","floor":37,"turns":7},{"damage":1,"enemies":"Orb Walker","floor":38,"turns":2},{"damage":72,"enemies":"2 Orb Walkers","floor":39,"turns":6},{"damage":32,"enemies":"Sphere and 2 Shapes","floor":45,"turns":6},{"damage":68,"enemies":"Reptomancer","floor":46,"turns":5},{"damage":29,"enemies":"3 Darklings","floor":47,"turns":6},{"damage":35,"enemies":"Spire Growth","floor":48,"turns":5}],"seed_played":"-937905827677663014","potions_obtained":[{"floor":7,"key":"Regen Potion"},{"floor":8,"key":"Explosive Potion"},{"floor":14,"key":"FocusPotion"}],"is_trial":false,"path_per_floor":["M","?","?","?","$","R","E","M","T","R","M","?","R","M","R","B",null,"M","$","M","?","?","R","M","R","T","M","R","M","M","$","R","B",null,"M","$","?","M","?","R","$","R","T","R","M","E","M","M"],"character_chosen":"DEFECT","items_purchased":["Bandage Up","Fusion","Doom and Gloom+1","PreservedInsect","Conserve Battery","Bandage Up","Glacier"],"campfire_rested":3,"item_purchase_floors":[5,19,31,36,36,36,41],"current_hp_per_floor":[68,53,50,50,50,50,24,26,26,50,50,50,50,50,50,22,67,54,54,42,42,69,69,73,73,73,65,65,60,58,58,82,5,63,34,34,26,25,69,69,69,96,96,96,80,32,23,0],"gold":209,"neow_bonus":"RANDOM_COMMON_RELIC","is_prod":false,"is_daily":false,"chose_seed":false,"campfire_upgraded":8,"win_rate":0,"timestamp":1553705426,"path_taken":["M","?","?","?","$","R","E","?","T","R","M","?","R","M","R","BOSS","M","?","M","?","?","R","M","R","T","?","R","M","M","$","R","BOSS","M","?","?","M","?","R","?","R","T","R","M","E","M","M"],"build_version":"2019-01-23","purchased_purges":1,"victory":false,"max_hp_per_floor":[75,75,75,75,75,75,82,82,82,82,82,82,82,82,82,82,82,82,82,82,82,82,82,82,82,82,82,82,82,82,82,82,82,82,82,82,82,82,96,96,96,96,96,96,96,96,96,96],"card_choices":[{"not_picked":["Hologram","Coolheaded"],"picked":"Reprogram","floor":1},{"not_picked":["Turbo","Barrage"],"picked":"Sunder","floor":7},{"not_picked":["Rebound","Rip and Tear","Consume"],"picked":"SKIP","floor":8},{"not_picked":["Streamline","Go for the Eyes"],"picked":"Sunder","floor":11},{"not_picked":["Stack","Rebound","Go for the Eyes"],"picked":"SKIP","floor":14},{"not_picked":["All For One","Hyperbeam"],"picked":"Echo Form","floor":16},{"not_picked":["Barrage+1","Cold Snap+1"],"picked":"Rebound+1","floor":18},{"not_picked":["Go for the Eyes","Barrage"],"picked":"Turbo","floor":20},{"not_picked":["Consume","Lockon+1"],"picked":"Beam Cell+1","floor":24},{"not_picked":["Turbo+1","Go for the Eyes+1"],"picked":"FTL+1","floor":27},{"not_picked":["Blizzard+1","Rip and Tear+1","Ball Lightning+1"],"picked":"SKIP","floor":29},{"not_picked":["Go for the Eyes+1","Rebound+1","Gash+1"],"picked":"SKIP","floor":30},{"not_picked":["All For One+1","Thunder Strike+1"],"picked":"Machine Learning","floor":33},{"not_picked":["Beam Cell+1","Steam+1"],"picked":"Stack+1","floor":35},{"not_picked":["Static Discharge+1","Reprogram"],"picked":"Sunder+1","floor":37},{"not_picked":["Rebound+1","Genetic Algorithm"],"picked":"Self Repair+1","floor":38},{"not_picked":["Steam+1","Doom and Gloom+1"],"picked":"White Noise","floor":39},{"not_picked":["Coolheaded","Turbo"],"picked":"Hologram+1","floor":45},{"not_picked":["Auto Shields","Turbo","Cold Snap+1"],"picked":"SKIP","floor":46},{"not_picked":["Rebound+1","Ball Lightning+1"],"picked":"Leap+1","floor":47}],"player_experience":2521430,"relics_obtained":[{"floor":7,"key":"Strawberry"},{"floor":9,"key":"Ancient Tea Set"},{"floor":26,"key":"Bottled Lightning"},{"floor":37,"key":"Ginger"},{"floor":39,"key":"Mango"},{"floor":43,"key":"Lantern"},{"floor":46,"key":"Sundial"}],"event_choices":[{"damage_healed":0,"gold_gain":0,"player_choice":"Entered Light","damage_taken":15,"max_hp_gain":0,"max_hp_loss":0,"event_name":"Shining Light","floor":2,"gold_loss":0,"cards_upgraded":["Strike_B","Strike_B"]},{"damage_healed":0,"gold_gain":0,"player_choice":"Success","damage_taken":3,"relics_obtained":["Anchor"],"max_hp_gain":0,"max_hp_loss":0,"event_name":"Scrap Ooze","floor":3,"gold_loss":0},{"damage_healed":0,"gold_gain":0,"player_choice":"Bought 0 Potions","damage_taken":0,"max_hp_gain":0,"max_hp_loss":0,"event_name":"The Woman in Blue","floor":4,"gold_loss":0},{"cards_removed":["Strike_B"],"damage_healed":0,"gold_gain":0,"player_choice":"Offered Basic","damage_taken":0,"max_hp_gain":0,"max_hp_loss":0,"event_name":"Bonfire Elementals","floor":12,"gold_loss":0},{"damage_healed":0,"gold_gain":0,"player_choice":"Opened","damage_taken":0,"relics_obtained":["Molten Egg 2"],"max_hp_gain":0,"max_hp_loss":0,"event_name":"The Mausoleum","floor":21,"gold_loss":0},{"damage_healed":27,"gold_gain":0,"player_choice":"Heal","damage_taken":0,"max_hp_gain":0,"max_hp_loss":0,"event_name":"The Library","floor":22,"gold_loss":0},{"damage_healed":0,"gold_gain":0,"player_choice":"Fight","damage_taken":0,"max_hp_gain":0,"max_hp_loss":0,"event_name":"MindBloom","floor":37,"gold_loss":0},{"damage_healed":0,"gold_gain":0,"player_choice":"Fight","damage_taken":0,"max_hp_gain":0,"max_hp_loss":0,"event_name":"Mysterious Sphere","floor":39,"gold_loss":0}],"is_beta":false,"boss_relics":[{"not_picked":["Empty Cage","Orrery"],"picked":"Sozu"},{"not_picked":["Pandora\u0027s Box","Coffee Dripper"],"picked":"Lizard Tail"}],"items_purged_floors":[19],"is_endless":false,"potions_floor_spawned":[7,8,14,20,30,35,46],"killed_by":"Spire Growth","ascension_level":10}