{"gold_per_floor":[112,112,112,122,142,169,169,169,220,220,220,220,264,125,125,216,216,239,49,69,92,92,135,155,155,178,178,178,193,213,228,228,326,326,347,368,118,451,237,237,252,252,327,327,3,14,44,55,55,55,55],"floor_reached":52,"playtime":2095,"items_purged":["Strike_R","Strike_R","Strike_R"],"score":1795,"play_id":"0fa06293-0d88-47c5-8e3b-5970d2db814a","local_time":"20190518163155","is_ascension_mode":true,"campfire_choices":[{"data":"Carnage","floor":7,"key":"SMITH"},{"data":"Shockwave","floor":10,"key":"SMITH"},{"data":"Sword Boomerang","floor":12,"key":"SMITH"},{"data":"Ghostly Armor","floor":15,"key":"SMITH"},{"data":"J.A.X.","floor":25,"key":"SMITH"},{"data":"Sword Boomerang","floor":28,"key":"SMITH"},{"data":"Shrug It Off","floor":32,"key":"SMITH"},{"data":"Pommel Strike","floor":40,"key":"SMITH"},{"data":"Impervious","floor":42,"key":"SMITH"},{"data":"Offering","floor":49,"key":"SMITH"}],"neow_cost":"NONE","seed_source_timestamp":2339659835941862,"circlet_count":0,"master_deck":["AscendersBane","Strike_R+1","Defend_R","Defend_R","Defend_R+1","Defend_R","Bash+1","Sword Boomerang+1","Shockwave+1","Carnage+1","Ghostly Armor+1","Reaper","Reaper","Shrug It Off+1","Anger","Spot Weakness","Sword Boomerang+1","J.A.X.+1","Headbutt","Sword Boomerang+1","Impervious+1","Flame Barrier+1","Uppercut+1","Pommel Strike+1","Clothesline+1","Offering+1"],"relics":["Burning Blood","NeowsBlessing","Happy Flower","Smiling Mask","Shuriken","Red Skull","Coffee Dripper","Kunai","Ancient Tea Set","Sozu","Whetstone","Vajra","Singing Bowl","Paper Frog","Regal Pillow"],"potions_floor_usage":[6,6,31,33,33,50],"damage_taken":[{"damage":0,"enemies":"Small Slimes","floor":1,"turns":1},{"damage":0,"enemies":"Jaw Worm","floor":4,"turns":1},{"damage":0,"enemies":"Cultist","floor":5,"turns":1},{"damage":65,"enemies":"3 Sentries","floor":6,"turns":11},{"damage":22,"enemies":"Gremlin Nob","floor":13,"turns":4},{"damage":23,"enemies":"Hexaghost","floor":16,"turns":9},{"damage":10,"enemies":"3 Byrds","floor":18,"turns":5},{"damage":9,"enemies":"Shell Parasite","floor":20,"turns":4},{"damage":5,"enemies":"Snecko","floor":21,"turns":6},{"damage":54,"enemies":"Gremlin Leader","floor":23,"turns":7},{"damage":29,"enemies":"Centurion and Healer","floor":24,"turns":5},{"damage":6,"enemies":"Chosen and Byrds","floor":29,"turns":5},{"damage":0,"enemies":"Snecko","floor":30,"turns":4},{"damage":13,"enemies":"Snake Plant","floor":31,"turns":2},{"damage":76,"enemies":"Automaton","floor":33,"turns":7},{"damage":6,"enemies":"Orb Walker","floor":35,"turns":3},{"damage":66,"enemies":"3 Shapes","floor":36,"turns":4},{"damage":34,"enemies":"Transient","floor":41,"turns":6},{"damage":32,"enemies":"Writhing Mass","floor":46,"turns":4},{"damage":52,"enemies":"Reptomancer","floor":47,"turns":5},{"damage":18,"enemies":"Maw","floor":48,"turns":6},{"damage":58,"enemies":"Donu and Deca","floor":50,"turns":7},{"damage":72,"enemies":"Awakened One","floor":51,"turns":9}],"seed_played":"-5633465111690309201","potions_obtained":[{"floor":4,"key":"Regen Potion"},{"floor":5,"key":"Regen Potion"},{"floor":21,"key":"Weak Potion"},{"floor":23,"key":"EssenceOfSteel"},{"floor":30,"key":"PowerPotion"},{"floor":31,"key":"AttackPotion"},{"floor":33,"key":"LiquidBronze"}],"is_trial":false,"path_per_floor":["M","?","?","M","M","E","R","?","T","R","T","R","E","$","R","B",null,"M","$","M","M","?","E","M","R","T","?","R","M","M","M","R","B",null,"M","M","$","?","$","R","M","R","T","?","$","M","E","M","R","B","B",null],"character_chosen":"IRONCLAD","items_purchased":["Reaper","Anger","Spot Weakness","Uppercut","Whetstone","Vajra","Pommel Strike","Paper Frog"],"campfire_rested":0,"item_purchase_floors":[14,19,19,37,37,39,39,45],"current_hp_per_floor":[74,51,51,57,63,58,58,32,32,32,32,32,16,16,16,11,59,72,72,72,75,75,53,40,40,40,40,40,58,75,68,68,8,58,65,53,53,53,53,53,53,53,53,53,53,51,79,78,78,26,19],"gold":55,"neow_bonus":"THREE_ENEMY_KILL","is_prod":false,"is_daily":false,"chose_seed":false,"campfire_upgraded":10,"win_rate":0,"timestamp":1558189915,"path_taken":["M","?","?","?","?","E","R","?","T","R","?","R","E","$","R","BOSS","M","$","M","M","?","E","M","R","T","?","R","M","M","?","R","BOSS","M","M","$","?","$","R","M","R","T","?","$","?","E","M","R","BOSS","BOSS"],"build_version":"2019-05-07","purchased_purges":3,"victory":true,"max_hp_per_floor":[75,75,75,75,75,75,75,75,75,75,75,75,75,75,75,75,75,75,75,75,75,75,75,75,75,75,75,75,75,75,75,75,75,75,75,75,75,75,75,75,75,75,75,75,75,77,79,81,81,81,81],"card_choices":[{"not_picked":["Twin Strike","Havoc"],"picked":"Sword Boomerang","floor":1},{"not_picked":["Pommel Strike","Power Through"],"picked":"Shockwave","floor":4},{"not_picked":["Sentinel","Flex"],"picked":"Carnage","floor":5},{"not_picked":["Heavy Blade","Sword Boomerang"],"picked":"Ghostly Armor","floor":6},{"not_picked":["Body Slam","Wild Strike","Perfected Strike"],"picked":"SKIP","floor":13},{"not_picked":["Exhume","Dark Embrace"],"picked":"Reaper","floor":16},{"not_picked":["Flex","Reckless Charge"],"picked":"Shrug It Off","floor":18},{"not_picked":["Wild Strike","Havoc","Warcry"],"picked":"SKIP","floor":20},{"not_picked":["Wild Strike","True Grit"],"picked":"Sword Boomerang","floor":21},{"not_picked":["Demon Form","Clash+1"],"picked":"Headbutt","floor":23},{"not_picked":["Sword Boomerang","Warcry","Anger+1"],"picked":"SKIP","floor":24},{"not_picked":["Blood for Blood","Burning Pact","True Grit"],"picked":"SKIP","floor":29},{"not_picked":["Rampage+1","Flex+1"],"picked":"Sword Boomerang+1","floor":30},{"not_picked":["Body Slam","Perfected Strike","Havoc"],"picked":"SKIP","floor":31},{"not_picked":["Brutality","Juggernaut"],"picked":"Impervious","floor":33},{"not_picked":["Thunderclap+1","Flex"],"picked":"Flame Barrier+1","floor":35},{"not_picked":["Searing Blow","Rage","Wild Strike"],"picked":"SKIP","floor":36},{"not_picked":["Clash","Pommel Strike"],"picked":"Clothesline+1","floor":41},{"not_picked":["Inflame","Wild Strike","Immolate"],"picked":"Singing Bowl","floor":46},{"not_picked":["Cleave","Perfected Strike","Iron Wave"],"picked":"Singing Bowl","floor":47},{"not_picked":["Pommel Strike","Rupture","Clash"],"picked":"Singing Bowl","floor":48}],"player_experience":2031334,"relics_obtained":[{"floor":6,"key":"Happy Flower"},{"floor":9,"key":"Smiling Mask"},{"floor":11,"key":"Shuriken"},{"floor":13,"key":"Red Skull"},{"floor":23,"key":"Kunai"},{"floor":26,"key":"Ancient Tea Set"},{"floor":43,"key":"Singing Bowl"},{"floor":47,"key":"Regal Pillow"}],"event_choices":[{"damage_healed":0,"gold_gain":0,"player_choice":"Entered Light","damage_taken":23,"max_hp_gain":0,"max_hp_loss":0,"event_name":"Shining Light","floor":2,"gold_loss":0,"cards_upgraded":["Bash","Defend_R"]},{"cards_removed":["Strike_R"],"damage_healed":0,"gold_gain":0,"player_choice":"Purged","damage_taken":0,"max_hp_gain":0,"max_hp_loss":0,"event_name":"Purifier","floor":3,"gold_loss":0},{"damage_healed":0,"gold_gain":0,"player_choice":"Take Damage","damage_taken":26,"relics_obtained":["Golden Idol"],"max_hp_gain":0,"max_hp_loss":0,"event_name":"Golden Idol","floor":8,"gold_loss":0},{"damage_healed":0,"gold_gain":0,"player_choice":"Obtain J.A.X.","damage_taken":0,"max_hp_gain":0,"max_hp_loss":0,"event_name":"Drug Dealer","floor":22,"gold_loss":0,"cards_obtained":["J.A.X."]},{"damage_healed":0,"gold_gain":0,"player_choice":"Ignored","damage_taken":0,"max_hp_gain":0,"max_hp_loss":0,"event_name":"The Mausoleum","floor":27,"gold_loss":0},{"damage_healed":0,"gold_gain":333,"player_choice":"Gave Idol","damage_taken":0,"max_hp_gain":0,"max_hp_loss":0,"event_name":"The Moai Head","floor":38,"relics_lost":["Golden Idol"],"gold_loss":0},{"damage_healed":0,"gold_gain":0,"player_choice":"1 cards matched","damage_taken":0,"max_hp_gain":0,"max_hp_loss":0,"event_name":"Match and Keep!","floor":44,"gold_loss":0,"cards_obtained":["Offering"]}],"is_beta":true,"boss_relics":[{"not_picked":["Snecko Eye","Lizard Tail"],"picked":"Coffee Dripper"},{"not_picked":["Cursed Key","Runic Cube"],"picked":"Sozu"}],"items_purged_floors":[14,19,45],"is_endless":false,"potions_floor_spawned":[4,5,21,23,30,31,33,46,48],"ascension_level":20}