{"gold_per_floor":[118,129,404,11,11,37,55,73,96,126,156,118,141,170,182,270,332,364,376,27,27,27,27,52,67,67,67,67,0,14,27,27,27],"floor_reached":33,"playtime":1135,"items_purged":["Regret","Strike_R"],"score":510,"play_id":"6adca451-0179-4629-b835-680cfc73fab1","local_time":"20190427112750","is_ascension_mode":true,"campfire_choices":[{"data":"Searing Blow+1","floor":15,"key":"SMITH"},{"data":"Searing Blow+2","floor":23,"key":"SMITH"},{"data":"Searing Blow+3","floor":28,"key":"SMITH"},{"data":"Searing Blow+4","floor":32,"key":"SMITH"}],"neow_cost":"NONE","seed_source_timestamp":507983068453409,"circlet_count":0,"master_deck":["AscendersBane","Strike_R","Strike_R","Strike_R","Defend_R","Defend_R","Defend_R","Defend_R","Bash","Headbutt+1","Cleave","Shrug It Off","Thunderclap+1","Shockwave","Searing Blow+5","Whirlwind+1","Headbutt+1","Impervious","Headbutt+1","Ghostly","Ghostly","Ghostly","Ghostly","Ghostly","Flash of Steel+1"],"relics":["Burning Blood","NeowsBlessing","Molten Egg 2","Unceasing Top","Gremlin Horn","MawBank","Tiny House","Singing Bowl","MutagenicStrength","The Courier","Self Forming Clay","Anchor"],"potions_floor_usage":[16,18,33],"damage_taken":[{"damage":0,"enemies":"Small Slimes","floor":1,"turns":1},{"damage":0,"enemies":"Cultist","floor":2,"turns":1},{"damage":0,"enemies":"Gremlin Nob","floor":6,"turns":1},{"damage":4,"enemies":"Jaw Worm","floor":7,"turns":4},{"damage":18,"enemies":"Large Slime","floor":8,"turns":4},{"damage":14,"enemies":"Exordium Wildlife","floor":10,"turns":4},{"damage":0,"enemies":"Lots of Slimes","floor":11,"turns":1},{"damage":0,"enemies":"Gremlin Gang","floor":13,"turns":1},{"damage":10,"enemies":"Red Slaver","floor":14,"turns":3},{"damage":60,"enemies":"Hexaghost","floor":16,"turns":9},{"damage":16,"enemies":"Chosen","floor":18,"turns":4},{"damage":20,"enemies":"Gremlin Leader","floor":24,"turns":7},{"damage":0,"enemies":"3 Byrds","floor":25,"turns":4},{"damage":1,"enemies":"Sentry and Sphere","floor":30,"turns":4},{"damage":1,"enemies":"Centurion and Healer","floor":31,"turns":7},{"damage":78,"enemies":"Collector","floor":33,"turns":7}],"seed_played":"416649462689315681","potions_obtained":[{"floor":7,"key":"Weak Potion"},{"floor":8,"key":"Poison Potion"},{"floor":10,"key":"BloodPotion"},{"floor":16,"key":"Fire Potion"},{"floor":24,"key":"Energy Potion"}],"is_trial":false,"path_per_floor":["M","M","?","$","T","E","M","M","T","M","M","?","M","M","R","B",null,"M","?","$","?","$","R","E","M","T","?","R","$","M","M","R","B"],"character_chosen":"IRONCLAD","items_purchased":["Shrug It Off","Molten Egg 2","Thunderclap+1","Singing Bowl","Flash of Steel+1"],"campfire_rested":0,"item_purchase_floors":[4,4,4,20,29],"current_hp_per_floor":[78,80,80,80,80,80,80,68,68,60,66,66,72,68,68,14,69,67,42,42,42,42,42,30,38,38,38,38,38,45,50,50,0],"gold":27,"neow_bonus":"THREE_ENEMY_KILL","is_prod":false,"is_daily":false,"chose_seed":false,"campfire_upgraded":4,"win_rate":0,"timestamp":1556357270,"path_taken":["M","M","?","$","?","E","M","M","T","M","M","?","M","M","R","BOSS","M","?","$","?","?","R","E","?","T","?","R","?","M","?","R","BOSS"],"build_version":"2019-04-23","purchased_purges":2,"victory":false,"max_hp_per_floor":[80,80,80,80,80,80,80,80,80,80,80,80,80,80,80,80,85,85,42,42,42,42,42,44,46,46,46,46,46,48,50,50,50],"card_choices":[{"not_picked":["Armaments","Thunderclap"],"picked":"Headbutt","floor":1},{"not_picked":["Twin Strike","Body Slam"],"picked":"Cleave","floor":2},{"not_picked":["Clothesline+1","Infernal Blade"],"picked":"Shockwave","floor":6},{"not_picked":["Flex","Cleave+1"],"picked":"Searing Blow+1","floor":7},{"not_picked":["Clothesline+1","Wild Strike+1","Shockwave"],"picked":"SKIP","floor":8},{"not_picked":["Cleave+1","Pummel+1"],"picked":"Whirlwind+1","floor":10},{"not_picked":["Clothesline+1","Warcry"],"picked":"Headbutt+1","floor":11},{"not_picked":["Armaments","Inflame","Iron Wave+1"],"picked":"SKIP","floor":13},{"not_picked":["Wild Strike+1","Thunderclap+1","Sword Boomerang+1"],"picked":"SKIP","floor":14},{"not_picked":["Berserk","Demon Form"],"picked":"Impervious","floor":16},{"not_picked":["Hemokinesis+1","Ghostly Armor"],"picked":"Headbutt+1","floor":18},{"not_picked":["Cleave+1","Perfected Strike+1","Anger+1"],"picked":"Singing Bowl","floor":24},{"not_picked":["Reckless Charge+1","Metallicize","Heavy Blade+1"],"picked":"Singing Bowl","floor":25},{"not_picked":["Feel No Pain","Fire Breathing","Clash+1"],"picked":"Singing Bowl","floor":30},{"not_picked":["Warcry","Clash+1","Flame Barrier"],"picked":"Singing Bowl","floor":31}],"player_experience":1256390,"relics_obtained":[{"floor":5,"key":"Unceasing Top"},{"floor":6,"key":"Gremlin Horn"},{"floor":9,"key":"MawBank"},{"floor":24,"key":"The Courier"},{"floor":26,"key":"Self Forming Clay"}],"event_choices":[{"damage_healed":0,"gold_gain":275,"player_choice":"Desecrate","damage_taken":0,"max_hp_gain":0,"max_hp_loss":0,"event_name":"Golden Shrine","floor":3,"gold_loss":0,"cards_obtained":["Regret"]},{"cards_removed":["Strike_R"],"damage_healed":0,"gold_gain":0,"player_choice":"Card Removal","damage_taken":0,"max_hp_gain":0,"max_hp_loss":0,"event_name":"The Cleric","floor":12,"gold_loss":50},{"damage_healed":0,"gold_gain":0,"player_choice":"Became a Ghost","damage_taken":0,"max_hp_gain":0,"max_hp_loss":43,"event_name":"Ghosts","floor":19,"gold_loss":0,"cards_obtained":["Ghostly","Ghostly","Ghostly","Ghostly","Ghostly"]},{"damage_healed":0,"gold_gain":0,"player_choice":"Inject Mutagens","damage_taken":0,"relics_obtained":["MutagenicStrength"],"max_hp_gain":0,"max_hp_loss":0,"event_name":"Drug Dealer","floor":21,"gold_loss":0},{"damage_healed":0,"gold_gain":0,"player_choice":"Opened","damage_taken":0,"relics_obtained":["Anchor"],"max_hp_gain":0,"max_hp_loss":0,"event_name":"The Mausoleum","floor":27,"gold_loss":0}],"is_beta":true,"boss_relics":[{"not_picked":["Pandora\u0027s Box","Runic Cube"],"picked":"Tiny House"}],"items_purged_floors":[4,20],"is_endless":false,"potions_floor_spawned":[7,8,10,14,16,24,25],"killed_by":"Collector","ascension_level":13}