{"gold_per_floor":[115,115,25,125,142,142,470,470],"floor_reached":8,"playtime":133,"items_purged":[],"score":150,"play_id":"da7dac36-f48b-4e82-98f3-a428a429a334","local_time":"20190507191249","is_ascension_mode":true,"campfire_choices":[{"data":"Blade Dance","floor":6,"key":"SMITH"}],"neow_cost":"NONE","seed_source_timestamp":1400885113020456,"circlet_count":0,"master_deck":["AscendersBane","Defend_G","Defend_G","Defend_G","Defend_G","Defend_G","Strike_G","Strike_G","Strike_G","Strike_G","Strike_G","Survivor","Neutralize","Blade Dance+1","After Image","Blade Dance","Blade Dance"],"relics":["Ring of the Snake","NeowsBlessing","Gremlin Horn","Old Coin"],"potions_floor_usage":[],"damage_taken":[{"damage":0,"enemies":"Cultist","floor":1,"turns":1},{"damage":0,"enemies":"Small Slimes","floor":5,"turns":1},{"damage":0,"enemies":"Lagavulin","floor":7,"turns":1},{"damage":55,"enemies":"Lagavulin Event","floor":8,"turns":6}],"seed_played":"-1868112079280852383","potions_obtained":[{"floor":7,"key":"Swift Potion"}],"is_trial":false,"path_per_floor":["M","?","$","?","M","R","E","?"],"character_chosen":"THE_SILENT","items_purchased":["After Image"],"campfire_rested":0,"item_purchase_floors":[3],"current_hp_per_floor":[59,41,41,41,41,41,41,0],"gold":470,"neow_bonus":"THREE_ENEMY_KILL","is_prod":false,"is_daily":false,"chose_seed":false,"campfire_upgraded":1,"win_rate":0,"timestamp":1557249169,"path_taken":["M","?","$","?","?","R","E","?"],"build_version":"2019-04-23","purchased_purges":0,"victory":false,"max_hp_per_floor":[66,66,66,66,66,66,66,66],"card_choices":[{"not_picked":["Dodge and Roll","Expertise"],"picked":"Blade Dance","floor":1},{"not_picked":["Accuracy","Quick Slash"],"picked":"Blade Dance","floor":5},{"not_picked":["Distraction","Flechettes"],"picked":"Blade Dance","floor":7}],"player_experience":1574136,"relics_obtained":[{"floor":7,"key":"Old Coin"}],"event_choices":[{"damage_healed":0,"gold_gain":0,"player_choice":"Success","damage_taken":18,"relics_obtained":["Gremlin Horn"],"max_hp_gain":0,"max_hp_loss":0,"event_name":"Scrap Ooze","floor":2,"gold_loss":0},{"damage_healed":0,"gold_gain":100,"player_choice":"Gold","damage_taken":0,"max_hp_gain":0,"max_hp_loss":0,"event_name":"Wheel of Change","floor":4,"gold_loss":0},{"damage_healed":0,"gold_gain":0,"player_choice":"Searched \u00271\u0027 times","damage_taken":0,"max_hp_gain":0,"max_hp_loss":0,"event_name":"Dead Adventurer","floor":8,"gold_loss":0}],"is_beta":true,"boss_relics":[],"items_purged_floors":[],"is_endless":false,"potions_floor_spawned":[7],"killed_by":"Lagavulin Event","ascension_level":18}