{"gold_per_floor":[118,129,147,35,0,0,27,43,43,43,43,78,20,20,20,96,96,114,14,24,42,42],"floor_reached":22,"playtime":917,"items_purged":["Strike_G","Strike_G"],"score":427,"play_id":"a407555c-4e7e-4e50-826d-573a96556f77","local_time":"20190509151610","is_ascension_mode":true,"campfire_choices":[{"data":"Noxious Fumes","floor":6,"key":"SMITH"},{"data":"Noxious Fumes","floor":11,"key":"SMITH"},{"data":"Blur","floor":15,"key":"SMITH"}],"neow_cost":"NONE","seed_source_timestamp":1558702292091352,"circlet_count":0,"master_deck":["AscendersBane","Defend_G","Defend_G+1","Defend_G","Defend_G","Defend_G","Strike_G","Strike_G","Survivor","Neutralize","Noxious Fumes+1","Backflip+1","Noxious Fumes+1","Dodge and Roll","Noxious Fumes","Blur+1","Caltrops","Backstab","Backflip","Prepared","Backflip","Leg Sweep"],"relics":["Ring of the Snake","War Paint","Strawberry","Shuriken","Bottled Lightning","CultistMask","Velvet Choker"],"potions_floor_usage":[7,7],"damage_taken":[{"damage":3,"enemies":"Small Slimes","floor":1,"turns":5},{"damage":9,"enemies":"Jaw Worm","floor":2,"turns":7},{"damage":3,"enemies":"2 Louse","floor":3,"turns":3},{"damage":0,"enemies":"Lagavulin","floor":7,"turns":6},{"damage":16,"enemies":"Lots of Slimes","floor":8,"turns":4},{"damage":15,"enemies":"3 Sentries","floor":12,"turns":5},{"damage":17,"enemies":"Hexaghost","floor":16,"turns":9},{"damage":3,"enemies":"Shell Parasite","floor":18,"turns":7},{"damage":33,"enemies":"Chosen","floor":20,"turns":6},{"damage":18,"enemies":"Snake Plant","floor":21,"turns":5},{"damage":2,"enemies":"Snecko","floor":22,"turns":5}],"seed_played":"-5857574366005554987","potions_obtained":[{"floor":2,"key":"AttackPotion"},{"floor":3,"key":"Weak Potion"},{"floor":12,"key":"SteroidPotion"},{"floor":16,"key":"SteroidPotion"}],"is_trial":false,"path_per_floor":["M","M","M","$","?","R","E","M","T","?","R","E","$","?","R","B",null,"M","$","M","M","M"],"character_chosen":"THE_SILENT","items_purchased":["Noxious Fumes","Backflip"],"campfire_rested":0,"item_purchase_floors":[4,13],"current_hp_per_floor":[56,47,44,44,60,60,60,44,51,33,33,18,18,18,18,1,55,52,52,19,1,0],"gold":42,"neow_bonus":"TRANSFORM_CARD","is_prod":false,"is_daily":false,"chose_seed":false,"campfire_upgraded":3,"win_rate":0,"timestamp":1557407770,"path_taken":["M","M","M","$","?","R","E","M","T","?","R","E","?","?","R","BOSS","M","$","M","?","M"],"build_version":"2019-05-07","purchased_purges":2,"victory":false,"max_hp_per_floor":[66,66,66,66,66,66,66,66,73,73,73,73,73,73,73,73,73,73,73,73,73,73],"card_choices":[{"not_picked":["Bouncing Flask","Infinite Blades"],"picked":"Backflip","floor":1},{"not_picked":["Dagger Spray","Blade Dance"],"picked":"Noxious Fumes","floor":2},{"not_picked":["Dagger Spray","Catalyst"],"picked":"Dodge and Roll","floor":3},{"not_picked":["Backflip","Concentrate"],"picked":"Blur","floor":7},{"not_picked":["Cloak And Dagger","Deflect"],"picked":"Caltrops","floor":8},{"not_picked":["Bane","Underhanded Strike"],"picked":"Backstab","floor":12},{"not_picked":["Dagger Throw","Blade Dance"],"picked":"Prepared","floor":18},{"not_picked":["Quick Slash","Underhanded Strike"],"picked":"Backflip","floor":20},{"not_picked":["Slice","PiercingWail"],"picked":"Leg Sweep","floor":21}],"player_experience":1673007,"relics_obtained":[{"floor":7,"key":"War Paint"},{"floor":9,"key":"Strawberry"},{"floor":12,"key":"Bottled Lightning"}],"event_choices":[{"damage_healed":16,"gold_gain":0,"player_choice":"Healed","damage_taken":0,"max_hp_gain":0,"max_hp_loss":0,"event_name":"The Cleric","floor":5,"gold_loss":35},{"damage_healed":0,"gold_gain":0,"player_choice":"Success","damage_taken":18,"relics_obtained":["Shuriken"],"max_hp_gain":0,"max_hp_loss":0,"event_name":"Scrap Ooze","floor":10,"gold_loss":0},{"damage_healed":0,"gold_gain":0,"player_choice":"Trade","damage_taken":0,"relics_obtained":["CultistMask"],"max_hp_gain":0,"max_hp_loss":0,"event_name":"FaceTrader","floor":14,"gold_loss":0}],"is_beta":true,"boss_relics":[{"not_picked":["Pandora\u0027s Box","Calling Bell"],"picked":"Velvet Choker"}],"items_purged_floors":[4,19],"is_endless":false,"potions_floor_spawned":[2,3,12,16,18],"killed_by":"Snecko","ascension_level":19}