{"gold_per_floor":[113,113,113,38,63,63,82,113,191,215,215,228,246,271,271,271],"floor_reached":16,"playtime":913,"items_purged":["Injury"],"score":135,"play_id":"0fe07149-1ff6-4157-9e97-162847b5e6ff","local_time":"20181030113708","is_ascension_mode":true,"campfire_choices":[{"data":"Dualcast","floor":6,"key":"SMITH"},{"data":"Buffer","floor":11,"key":"SMITH"},{"floor":15,"key":"REST"}],"neow_cost":"CURSE","seed_source_timestamp":35083145977499,"circlet_count":0,"master_deck":["Strike_B","Strike_B","Strike_B","Strike_B","Defend_B","Defend_B","Defend_B","Defend_B","Zap","Dualcast+1","Parasite","Electrodynamics","Skim","Buffer+1","Conserve Battery","Genetic Algorithm","FTL","Hologram","Chill","Thunder Strike","Melter"],"relics":["Cracked Core","Golden Idol","Anchor","Tiny Chest"],"potions_floor_usage":[16,16],"damage_taken":[{"damage":9,"enemies":"2 Louse","floor":1,"turns":2},{"damage":6,"enemies":"Small Slimes","floor":5,"turns":3},{"damage":1,"enemies":"Cultist","floor":7,"turns":3},{"damage":21,"enemies":"Gremlin Nob","floor":8,"turns":5},{"damage":0,"enemies":"Exordium Wildlife","floor":10,"turns":2},{"damage":5,"enemies":"Exordium Thugs","floor":12,"turns":5},{"damage":2,"enemies":"Looter","floor":13,"turns":3},{"damage":0,"enemies":"2 Fungi Beasts","floor":14,"turns":3},{"damage":53,"enemies":"Hexaghost","floor":16,"turns":11}],"seed_played":"-5892667586637758793","potions_obtained":[{"floor":7,"key":"Explosive Potion"},{"floor":12,"key":"SteroidPotion"},{"floor":13,"key":"EssenceOfSteel"}],"is_trial":false,"path_per_floor":["M","?","?","$","M","R","M","E","T","M","R","M","M","M","R"],"character_chosen":"DEFECT","items_purchased":[],"campfire_rested":1,"item_purchase_floors":[],"current_hp_per_floor":[59,59,59,59,53,53,52,31,31,31,31,26,24,24,46,0],"gold":271,"neow_bonus":"THREE_RARE_CARDS","is_prod":false,"is_daily":false,"chose_seed":false,"campfire_upgraded":2,"win_rate":0,"timestamp":1540913828,"path_taken":["M","?","?","$","M","R","M","E","T","?","R","M","M","M","R","BOSS"],"build_version":"2018-10-25v2","purchased_purges":1,"victory":false,"max_hp_per_floor":[75,75,75,75,75,75,75,75,75,75,75,75,75,75,75,75],"card_choices":[{"not_picked":["Machine Learning","Buffer"],"picked":"Electrodynamics","floor":0},{"not_picked":["Steam Power","White Noise"],"picked":"Skim","floor":1},{"not_picked":["Fusion","Static Discharge"],"picked":"Conserve Battery","floor":5},{"not_picked":["Turbo","Streamline"],"picked":"Genetic Algorithm","floor":7},{"not_picked":["Rainbow","Stack"],"picked":"FTL","floor":8},{"not_picked":["Scrape","Gash"],"picked":"Hologram","floor":10},{"not_picked":["Beam Cell","Turbo"],"picked":"Chill","floor":12},{"not_picked":["Cold Snap","Beam Cell"],"picked":"Thunder Strike","floor":13},{"not_picked":["Gash","Coolheaded"],"picked":"Melter","floor":14}],"player_experience":1516567,"relics_obtained":[{"floor":8,"key":"Anchor"},{"floor":9,"key":"Tiny Chest"}],"event_choices":[{"damage_healed":0,"gold_gain":0,"player_choice":"Take Wound","damage_taken":0,"relics_obtained":["Golden Idol"],"max_hp_gain":0,"max_hp_loss":0,"event_name":"Golden Idol","floor":2,"gold_loss":0,"cards_obtained":["Injury"]},{"damage_healed":0,"gold_gain":0,"player_choice":"1 cards matched","damage_taken":0,"max_hp_gain":0,"max_hp_loss":0,"event_name":"Match and Keep!","floor":3,"gold_loss":0,"cards_obtained":["Buffer"]}],"is_beta":false,"boss_relics":[],"items_purged_floors":[4],"is_endless":false,"potions_floor_spawned":[7,12,13],"killed_by":"Hexaghost","ascension_level":6}