{"gold_per_floor":[113,129,48,68,68,68,84,9,64,64,84,115,134,147,147,221,221,241,257,257,274,274],"floor_reached":22,"playtime":554,"items_purged":[],"score":371,"play_id":"f3859b04-cfb4-4cf1-ada6-8340a0d86036","local_time":"20190512115633","is_ascension_mode":true,"campfire_choices":[{"data":"Whirlwind","floor":6,"key":"SMITH"},{"data":"Flame Barrier","floor":10,"key":"SMITH"},{"data":"Pummel","floor":15,"key":"SMITH"}],"neow_cost":"NONE","seed_source_timestamp":1806287564931472,"circlet_count":0,"master_deck":["AscendersBane","Strike_R","Defend_R","Defend_R","Defend_R","Defend_R","Bash+1","Cleave","Whirlwind+1","Flame Barrier+1","Dropkick","Feel No Pain","Blood for Blood","Pummel+1","Sword Boomerang","Sword Boomerang","Reaper","Anger+1","Pummel+1","Flex+1","Shockwave+1","Uppercut","Uppercut"],"relics":["Burning Blood","NeowsBlessing","Tiny Chest","Vajra","Astrolabe"],"potions_floor_usage":[12,16,16],"damage_taken":[{"damage":0,"enemies":"2 Louse","floor":1,"turns":1},{"damage":0,"enemies":"Small Slimes","floor":2,"turns":1},{"damage":0,"enemies":"Jaw Worm","floor":4,"turns":1},{"damage":12,"enemies":"Blue Slaver","floor":7,"turns":4},{"damage":12,"enemies":"Lots of Slimes","floor":11,"turns":2},{"damage":32,"enemies":"Gremlin Nob","floor":12,"turns":4},{"damage":15,"enemies":"Large Slime","floor":13,"turns":6},{"damage":0,"enemies":"3 Louse","floor":14,"turns":2},{"damage":32,"enemies":"Slime Boss","floor":16,"turns":7},{"damage":0,"enemies":"Chosen","floor":18,"turns":2},{"damage":27,"enemies":"Spheric Guardian","floor":19,"turns":5},{"damage":24,"enemies":"Snecko","floor":21,"turns":5},{"damage":25,"enemies":"Shelled Parasite and Fungi","floor":22,"turns":2}],"seed_played":"491813234031304813","potions_obtained":[{"floor":11,"key":"Strength Potion"},{"floor":13,"key":"SteroidPotion"},{"floor":14,"key":"FearPotion"},{"floor":18,"key":"Swift Potion"},{"floor":21,"key":"SteroidPotion"}],"is_trial":false,"path_per_floor":["M","M","$","M","?","R","M","?","T","R","M","E","M","M","R","B",null,"M","M","?","M","M"],"character_chosen":"IRONCLAD","items_purchased":["Flame Barrier"],"campfire_rested":0,"item_purchase_floors":[3],"current_hp_per_floor":[74,75,75,75,75,75,69,69,69,69,63,37,28,34,34,8,58,64,43,43,25,0],"gold":274,"neow_bonus":"THREE_ENEMY_KILL","is_prod":false,"is_daily":false,"chose_seed":false,"campfire_upgraded":3,"win_rate":0,"timestamp":1557654993,"path_taken":["M","M","$","M","?","R","M","?","T","R","M","E","M","M","R","BOSS","M","M","?","M","M"],"build_version":"2019-05-07","purchased_purges":0,"victory":false,"max_hp_per_floor":[75,75,75,75,75,75,75,75,75,75,75,75,75,75,75,75,75,75,75,75,75,75],"card_choices":[{"not_picked":["Twin Strike","Infernal Blade"],"picked":"Cleave","floor":1},{"not_picked":["Armaments","Reckless Charge"],"picked":"Whirlwind","floor":2},{"not_picked":["Sentinel","Rupture"],"picked":"Dropkick","floor":4},{"not_picked":["Infernal Blade","Flex"],"picked":"Feel No Pain","floor":7},{"not_picked":["Flex","Twin Strike"],"picked":"Blood for Blood","floor":11},{"not_picked":["Shrug It Off","Twin Strike"],"picked":"Pummel","floor":12},{"not_picked":["Twin Strike","Sentinel"],"picked":"Sword Boomerang","floor":13},{"not_picked":["Second Wind","Searing Blow"],"picked":"Sword Boomerang","floor":14},{"not_picked":["Double Tap","Barricade"],"picked":"Reaper","floor":16},{"not_picked":["Blood for Blood","Rupture"],"picked":"Shockwave+1","floor":18},{"not_picked":["Armaments+1","Havoc"],"picked":"Uppercut","floor":19},{"not_picked":["Shrug It Off","Armaments"],"picked":"Uppercut","floor":21}],"player_experience":1840560,"relics_obtained":[{"floor":9,"key":"Tiny Chest"},{"floor":12,"key":"Vajra"}],"event_choices":[{"damage_healed":0,"gold_gain":0,"player_choice":"Grow","damage_taken":0,"max_hp_gain":0,"max_hp_loss":0,"event_name":"Living Wall","floor":5,"gold_loss":0,"cards_upgraded":["Bash"]},{"cards_removed":["Strike_R"],"damage_healed":0,"gold_gain":0,"player_choice":"Card Removal","damage_taken":0,"max_hp_gain":0,"max_hp_loss":0,"event_name":"The Cleric","floor":8,"gold_loss":75},{"damage_healed":0,"gold_gain":0,"player_choice":"Ignored","damage_taken":0,"max_hp_gain":0,"max_hp_loss":0,"event_name":"Vampires","floor":20,"gold_loss":0}],"is_beta":true,"boss_relics":[{"not_picked":["Calling Bell","Runic Cube"],"picked":"Astrolabe"}],"items_purged_floors":[],"is_endless":false,"potions_floor_spawned":[11,13,14,18,21],"killed_by":"Shelled Parasite and Fungi","ascension_level":19}