{"gold_per_floor":[215,230,248,43,43,43,71,24,24,54,66],"floor_reached":11,"playtime":535,"items_purged":["Strike_B"],"score":143,"play_id":"e19b2e4f-ac06-4ec0-b345-9e5701368f4a","local_time":"20190506103019","is_ascension_mode":true,"campfire_choices":[{"data":"Defragment","floor":6,"key":"SMITH"}],"neow_cost":"NONE","seed_source_timestamp":1282733186331796,"circlet_count":0,"master_deck":["AscendersBane","Strike_B","Strike_B","Strike_B","Defend_B","Defend_B","Defend_B","Defend_B","Zap","Dualcast","Stack+1","Coolheaded","Defragment","Defragment+1","Conserve Battery","Loop","Compile Driver","Stack"],"relics":["Cracked Core","Anchor","MawBank"],"potions_floor_usage":[11,11],"damage_taken":[{"damage":1,"enemies":"Cultist","floor":1,"turns":3},{"damage":7,"enemies":"Jaw Worm","floor":2,"turns":4},{"damage":11,"enemies":"Small Slimes","floor":3,"turns":4},{"damage":12,"enemies":"Lagavulin","floor":7,"turns":10},{"damage":4,"enemies":"Exordium Thugs","floor":8,"turns":5},{"damage":6,"enemies":"Blue Slaver","floor":10,"turns":4},{"damage":23,"enemies":"3 Sentries","floor":11,"turns":6}],"seed_played":"6796960513416096459","potions_obtained":[{"floor":3,"key":"SteroidPotion"},{"floor":7,"key":"Strength Potion"}],"is_trial":false,"path_per_floor":["M","M","M","$","?","R","E","M","T","M","E"],"character_chosen":"DEFECT","items_purchased":["Defragment","Conserve Battery"],"campfire_rested":0,"item_purchase_floors":[4,4],"current_hp_per_floor":[63,56,45,45,45,45,33,29,29,23,0],"gold":66,"neow_bonus":"HUNDRED_GOLD","is_prod":false,"is_daily":false,"chose_seed":false,"campfire_upgraded":1,"win_rate":0,"timestamp":1557131419,"path_taken":["M","M","M","$","?","R","E","M","T","M","E"],"build_version":"2019-04-23","purchased_purges":1,"victory":false,"max_hp_per_floor":[71,71,71,71,71,71,71,71,71,71,71],"card_choices":[{"not_picked":["Undo","Streamline"],"picked":"Stack","floor":1},{"not_picked":["Cold Snap","Tempest"],"picked":"Coolheaded","floor":2},{"not_picked":["Ball Lightning","Rebound"],"picked":"Defragment","floor":3},{"not_picked":["Leap","Seek"],"picked":"Loop","floor":7},{"not_picked":["Blizzard","Beam Cell"],"picked":"Compile Driver","floor":8},{"not_picked":["Turbo","Hologram"],"picked":"Stack","floor":10}],"player_experience":1532323,"relics_obtained":[{"floor":7,"key":"Anchor"},{"floor":9,"key":"MawBank"}],"event_choices":[{"damage_healed":0,"gold_gain":0,"player_choice":"Grow","damage_taken":0,"max_hp_gain":0,"max_hp_loss":0,"event_name":"Living Wall","floor":5,"gold_loss":0,"cards_upgraded":["Stack"]}],"is_beta":true,"boss_relics":[],"items_purged_floors":[4],"is_endless":false,"potions_floor_spawned":[3,7],"killed_by":"3 Sentries","ascension_level":18}