{"gold_per_floor":[17,34,34,53,64,128,128,147,147,158,158,173,193,203,203,299,299,317,332,342,342,359,359,359,359],"floor_reached":25,"playtime":1568,"items_purged":[],"score":211,"play_id":"6278d25e-e594-4905-a500-7f88e22864e2","local_time":"20180802013217","is_ascension_mode":false,"campfire_choices":[{"data":"Echo Form","floor":7,"key":"SMITH"},{"floor":15,"key":"REST"},{"floor":23,"key":"REST"}],"neow_cost":"NO_GOLD","seed_source_timestamp":296130190017147,"circlet_count":0,"master_deck":["Strike_B","Defend_B","Defend_B","Defend_B","Zap","Dualcast","Echo Form+1","Gash+1","Gash","Melter","Streamline+1","Auto Shields+1","Skim+1","Seek"],"relics":["Cracked Core","Tiny Chest","Gambling Chip","Astrolabe"],"potions_floor_usage":[4,6,13,14,16,25,25,25],"damage_taken":[{"damage":6,"enemies":"2 Louse","floor":1,"turns":3},{"damage":8,"enemies":"Jaw Worm","floor":2,"turns":4},{"damage":10,"enemies":"Small Slimes","floor":4,"turns":4},{"damage":12,"enemies":"3 Louse","floor":5,"turns":4},{"damage":8,"enemies":"Lagavulin","floor":6,"turns":6},{"damage":10,"enemies":"Exordium Thugs","floor":8,"turns":5},{"damage":8,"enemies":"2 Fungi Beasts","floor":10,"turns":3},{"damage":4,"enemies":"Exordium Wildlife","floor":12,"turns":4},{"damage":2,"enemies":"Blue Slaver","floor":13,"turns":2},{"damage":2,"enemies":"Looter","floor":14,"turns":3},{"damage":31,"enemies":"The Guardian","floor":16,"turns":9},{"damage":5,"enemies":"Shell Parasite","floor":18,"turns":4},{"damage":0,"enemies":"Spheric Guardian","floor":19,"turns":1},{"damage":9,"enemies":"Chosen and Byrds","floor":20,"turns":6},{"damage":6,"enemies":"Cultist and Chosen","floor":22,"turns":7},{"damage":67,"enemies":"Book of Stabbing","floor":25,"turns":7}],"seed_played":"8587300764008794331","potions_obtained":[{"floor":2,"key":"LiquidBronze"},{"floor":5,"key":"Dexterity Potion"},{"floor":10,"key":"Regen Potion"},{"floor":12,"key":"Weak Potion"},{"floor":14,"key":"SpeedPotion"},{"floor":19,"key":"Strength Potion"},{"floor":20,"key":"Energy Potion"},{"floor":22,"key":"EssenceOfSteel"}],"is_trial":false,"path_per_floor":["M","M","?","M","M","E","R","M","T","M","?","M","M","M","R","B",null,"M","M","M","?","M","R","?"],"character_chosen":"DEFECT","items_purchased":[],"campfire_rested":2,"item_purchase_floors":[],"current_hp_per_floor":[69,61,61,51,39,31,31,21,21,13,13,9,12,10,32,1,75,70,70,61,47,41,65,65,0],"gold":359,"neow_bonus":"THREE_RARE_CARDS","is_prod":false,"is_daily":false,"chose_seed":false,"campfire_upgraded":1,"win_rate":0,"timestamp":1533187937,"path_taken":["M","M","?","M","M","E","R","M","T","M","?","M","?","M","R","BOSS","M","M","M","?","M","R","?","E"],"build_version":"2018-07-26","purchased_purges":0,"victory":false,"max_hp_per_floor":[75,75,75,75,75,75,75,75,75,75,75,75,75,75,75,75,75,75,75,75,80,80,80,80,80],"card_choices":[{"not_picked":["Core Surge","Reboot"],"picked":"Echo Form","floor":0},{"not_picked":["Stack","Cold Snap","Tempest"],"picked":"SKIP","floor":1},{"not_picked":["Rip and Tear","Capacitor"],"picked":"Gash","floor":2},{"not_picked":["Defragment","Force Field","Rebound"],"picked":"SKIP","floor":4},{"not_picked":["Double Energy","Compile Driver"],"picked":"Gash","floor":5},{"not_picked":["Scrape","Echo Form","Hello World"],"picked":"SKIP","floor":6},{"not_picked":["Storm","Genetic Algorithm"],"picked":"Melter","floor":8},{"not_picked":["Conserve Battery","Turbo","Beam Cell"],"picked":"SKIP","floor":10},{"not_picked":["Loop","Go for the Eyes","Beam Cell"],"picked":"SKIP","floor":12},{"not_picked":["Cold Snap","Redo","Reinforced Body"],"picked":"SKIP","floor":13},{"not_picked":["Stack","Steam","Blizzard"],"picked":"SKIP","floor":14},{"not_picked":["Go for the Eyes","Sweeping Beam","Genetic Algorithm+1"],"picked":"SKIP","floor":18},{"not_picked":["Cold Snap","Loop+1","Coolheaded"],"picked":"SKIP","floor":19},{"not_picked":["Static Discharge","Barrage","White Noise"],"picked":"SKIP","floor":20},{"not_picked":["Loop","Compile Driver+1","White Noise+1"],"picked":"SKIP","floor":22}],"player_experience":547683,"relics_obtained":[{"floor":6,"key":"Tiny Chest"},{"floor":9,"key":"Gambling Chip"}],"event_choices":[{"event_name":"Living Wall","player_choice":"Forget","floor":3,"damage_taken":0},{"event_name":"Accursed Blacksmith","player_choice":"Forge","floor":11,"damage_taken":0},{"event_name":"Forgotten Altar","player_choice":"Shed Blood","floor":21,"damage_taken":0},{"event_name":"The Library","player_choice":"Read","floor":24,"damage_taken":0}],"is_beta":false,"boss_relics":[{"not_picked":["Tiny House","Ectoplasm"],"picked":"Astrolabe"}],"items_purged_floors":[],"is_endless":false,"potions_floor_spawned":[2,5,10,12,14,19,20,22],"killed_by":"Book of Stabbing","ascension_level":0}