{"gold_per_floor":[118,118,118,142,142,176,176,215,215,234,234,16,16,16,16,109,109,130,95,113,13,31,31,31],"floor_reached":24,"playtime":759,"items_purged":["Strike_B","Strike_B"],"score":454,"play_id":"58dc6d35-d743-4a18-8f26-4f1474ea6485","local_time":"20190515183659","is_ascension_mode":true,"campfire_choices":[{"data":"Sweeping Beam","floor":7,"key":"SMITH"},{"floor":11,"key":"REST"},{"floor":15,"key":"REST"},{"data":"Recycle","floor":23,"key":"SMITH"}],"neow_cost":"NONE","seed_source_timestamp":2089309318900792,"circlet_count":0,"master_deck":["AscendersBane","Strike_B","Defend_B","Defend_B","Defend_B","Defend_B","Zap+1","Dualcast","Auto Shields","Coolheaded","Sweeping Beam+1","Coolheaded","Coolheaded","Doom and Gloom","Ball Lightning","Core Surge","Undo","Recycle+1"],"relics":["Cracked Core","NeowsBlessing","Golden Idol","Ice Cream","PreservedInsect","Torii","SsserpentHead","Inserter","Meat on the Bone"],"potions_floor_usage":[8,20,24],"damage_taken":[{"damage":0,"enemies":"Small Slimes","floor":1,"turns":1},{"damage":0,"enemies":"2 Louse","floor":4,"turns":1},{"damage":0,"enemies":"Gremlin Nob","floor":6,"turns":1},{"damage":28,"enemies":"3 Sentries","floor":8,"turns":6},{"damage":0,"enemies":"Cultist","floor":10,"turns":4},{"damage":16,"enemies":"The Guardian","floor":16,"turns":13},{"damage":19,"enemies":"Spheric Guardian","floor":18,"turns":6},{"damage":20,"enemies":"Chosen","floor":20,"turns":5},{"damage":19,"enemies":"Centurion and Healer","floor":22,"turns":12},{"damage":31,"enemies":"Book of Stabbing","floor":24,"turns":4}],"seed_played":"1513526682531330554","potions_obtained":[{"floor":4,"key":"PowerPotion"},{"floor":8,"key":"Regen Potion"},{"floor":22,"key":"Poison Potion"}],"is_trial":false,"path_per_floor":["M","?","?","M","?","E","R","E","T","M","R","$","?","$","R","B",null,"M","?","M","$","M","R","E"],"character_chosen":"DEFECT","items_purchased":["Doom and Gloom","Ball Lightning"],"campfire_rested":2,"item_purchase_floors":[12,12],"current_hp_per_floor":[64,64,40,40,33,33,33,5,5,5,26,26,26,26,47,31,61,42,42,36,36,29,29,0],"gold":31,"neow_bonus":"THREE_ENEMY_KILL","is_prod":false,"is_daily":false,"chose_seed":false,"campfire_upgraded":2,"win_rate":0,"timestamp":1557938219,"path_taken":["M","?","?","M","?","E","R","E","T","M","R","$","?","$","R","BOSS","M","?","M","$","M","R","E"],"build_version":"2019-05-07","purchased_purges":2,"victory":false,"max_hp_per_floor":[71,71,71,71,71,71,71,71,71,71,71,71,71,71,71,71,71,71,71,71,71,71,71,71],"card_choices":[{"not_picked":["Rebound","Cold Snap"],"picked":"Auto Shields","floor":1},{"not_picked":["Go for the Eyes","Rip and Tear"],"picked":"Coolheaded","floor":4},{"not_picked":["Tempest","Compile Driver"],"picked":"Sweeping Beam","floor":6},{"not_picked":["Leap","Streamline"],"picked":"Coolheaded","floor":8},{"not_picked":["Rebound","Heatsinks"],"picked":"Coolheaded","floor":10},{"not_picked":["Multi-Cast","Reboot"],"picked":"Core Surge","floor":16},{"not_picked":["Redo","Beam Cell"],"picked":"Undo","floor":18},{"not_picked":["Gash","Hologram","Turbo"],"picked":"SKIP","floor":20},{"not_picked":["BootSequence+1","Streamline+1"],"picked":"Recycle","floor":22}],"player_experience":1915627,"relics_obtained":[{"floor":6,"key":"Ice Cream"},{"floor":8,"key":"PreservedInsect"},{"floor":9,"key":"Torii"}],"event_choices":[{"damage_healed":0,"gold_gain":0,"player_choice":"Grow","damage_taken":0,"max_hp_gain":0,"max_hp_loss":0,"event_name":"Living Wall","floor":2,"gold_loss":0,"cards_upgraded":["Zap"]},{"damage_healed":0,"gold_gain":0,"player_choice":"Take Damage","damage_taken":24,"relics_obtained":["Golden Idol"],"max_hp_gain":0,"max_hp_loss":0,"event_name":"Golden Idol","floor":3,"gold_loss":0},{"cards_removed":["Strike_B"],"damage_healed":0,"gold_gain":0,"player_choice":"Card Removal","damage_taken":7,"max_hp_gain":0,"max_hp_loss":0,"event_name":"Golden Wing","floor":5,"gold_loss":0},{"damage_healed":0,"gold_gain":0,"player_choice":"Trade","damage_taken":0,"relics_obtained":["SsserpentHead"],"max_hp_gain":0,"max_hp_loss":0,"event_name":"FaceTrader","floor":13,"gold_loss":0},{"damage_healed":0,"gold_gain":0,"player_choice":"Obtained Relic","damage_taken":0,"relics_obtained":["Meat on the Bone"],"max_hp_gain":0,"max_hp_loss":0,"event_name":"Addict","floor":19,"gold_loss":85}],"is_beta":true,"boss_relics":[{"not_picked":["Eternal Feather","Lizard Tail"],"picked":"Inserter"}],"items_purged_floors":[12,21],"is_endless":false,"potions_floor_spawned":[4,8,22],"killed_by":"Book of Stabbing","ascension_level":20}