{"path_per_floor":["M","M","?","?","M","R","E","R","T","M","M","R","M","M","R","B",null,"M","?","M","?","M","R","M","R","T","M"],"character_chosen":"IRONCLAD","items_purchased":[],"gold_per_floor":[17,30,30,30,53,53,84,84,162,186,199,199,219,235,235,356,356,369,369,382,307,327,327,350,350,350,368],"floor_reached":28,"campfire_rested":0,"playtime":2452,"current_hp_per_floor":[80,80,60,60,66,66,68,68,68,76,87,87,92,92,92,62,92,74,74,61,61,79,79,81,81,81,75],"items_purged":[],"gold":368,"play_id":"f20aaac2-79f3-4de3-bd52-a89ab9225470","is_prod":false,"is_daily":false,"campfire_rituals":0,"campfire_upgraded":6,"is_hardmode":false,"path_taken":["M","M","?","?","M","R","E","R","T","?","M","R","?","M","R","BOSS","M","?","?","?","M","R","M","R","T","M","E"],"build_version":"2018-01-18-PROD4","purchased_purges":0,"victory":false,"master_deck":["Strike_R","Strike_R","Strike_R","Strike_R","Strike_R","Defend_R","Defend_R","Defend_R","Defend_R","Bash","Bludgeon","Warcry","Heavy Blade","Regret","Whirlwind","Feed","Flex","Headbutt","Anger","Metallicize","Offering","Clumsy","Injury","Flex","Armaments","Double Tap","Blood for Blood","Headbutt"],"max_hp_per_floor":[80,80,80,80,80,80,80,80,80,84,88,88,92,92,92,92,92,96,96,100,100,104,104,108,108,108,108],"relics":["Burning Blood","Golden Idol","Orichalcum","Magic Flower","Meat on the Bone","Calling Bell","Darkstone Periapt","Regal Pillow","Centennial Puzzle","Mercury Hourglass"],"campfire_meditates":0,"card_choices":[{"not_picked":["Brutality","Reaper"],"picked":"Bludgeon"},{"not_picked":["Twin Strike","Rage"],"picked":"Warcry"},{"not_picked":["Warcry","Clash"],"picked":"Heavy Blade"},{"not_picked":["Rupture","Fire Breathing"],"picked":"Whirlwind"},{"not_picked":["Clash","Flex"],"picked":"Feed"},{"not_picked":["Cleave","Thunderclap"],"picked":"Flex"},{"not_picked":["Shrug It Off","Clothesline"],"picked":"Headbutt"},{"not_picked":["Uppercut","Feel No Pain"],"picked":"Anger"},{"not_picked":["Body Slam","Twin Strike"],"picked":"Metallicize"},{"not_picked":["Juggernaut","Fiend Fire"],"picked":"Offering"},{"not_picked":["Blood for Blood","Whirlwind"],"picked":"Flex"},{"not_picked":["Warcry","Cleave"],"picked":"Armaments"},{"not_picked":["Flex","Feel No Pain"],"picked":"Double Tap"},{"not_picked":["Warcry","Cleave"],"picked":"Blood for Blood"},{"not_picked":["Bludgeon","Heavy Blade"],"picked":"Headbutt"}],"player_experience":18160,"potions_floor_usage":[7,10,16,16,28],"damage_taken":[{"damage":1,"enemies":"Cultist","floor":1,"turns":3},{"damage":0,"enemies":"Small Slimes","floor":2,"turns":3},{"damage":0,"enemies":"2 Louse","floor":5,"turns":2},{"damage":4,"enemies":"Gremlin Nob","floor":7,"turns":3},{"damage":7,"enemies":"Looter","floor":10,"turns":3},{"damage":4,"enemies":"Large Slime","floor":11,"turns":4},{"damage":6,"enemies":"Gremlin Gang","floor":13,"turns":4},{"damage":0,"enemies":"Lots of Slimes","floor":14,"turns":1},{"damage":57,"enemies":"Hexaghost","floor":16,"turns":11},{"damage":33,"enemies":"2 Thieves","floor":18,"turns":4},{"damage":28,"enemies":"Shell Parasite","floor":20,"turns":6},{"damage":15,"enemies":"Snecko","floor":22,"turns":3},{"damage":13,"enemies":"Centurion and Healer","floor":24,"turns":6},{"damage":33,"enemies":"Snake Plant","floor":27,"turns":4},{"damage":79,"enemies":"Gremlin Leader","floor":28,"turns":4}],"event_choices":[{"event_name":"Golden Idol","player_choice":"Take Damage","floor":3,"damage_taken":0},{"event_name":"Big Fish","player_choice":"Box","floor":4,"damage_taken":0},{"event_name":"The Woman in Blue","player_choice":"Bought 0 Potions","floor":19,"damage_taken":0},{"event_name":"Beggar","player_choice":"Gave Gold","floor":21,"damage_taken":0}],"boss_relics":[{"not_picked":["Runic Dome","Astrolabe"],"picked":"Calling Bell"}],"potions_floor_spawned":[2,7,13,14,20,22],"seed_played":"2975298016577023394","killed_by":"Gremlin Leader","is_trial":false}