{"gold_per_floor":[112,122,122,44,44,70,70,88,111,111,111,140,158,175,175,270,270,280,299,309,54,54,54,71,84,110,110],"floor_reached":27,"playtime":2099,"items_purged":[],"score":250,"play_id":"ee0f430e-1ebc-4df0-a1e9-7c5fe6a0f622","local_time":"20181024160823","is_ascension_mode":false,"campfire_choices":[{"data":"Consume","floor":7,"key":"SMITH"},{"data":"Double Energy","floor":10,"key":"SMITH"},{"floor":15,"key":"REST"},{"floor":23,"key":"REST"}],"neow_cost":"NONE","seed_source_timestamp":550392992267110,"circlet_count":0,"master_deck":["Strike_B","Strike_B","Strike_B","Defend_B","Defend_B","Defend_B","Defend_B","Zap","Dualcast","Barrage","Double Energy+1","Capacitor","Consume+1","Melter","BootSequence","Skim","Go for the Eyes","Rainbow","Conserve Battery","Streamline+1","Compile Driver+1","Glacier"],"relics":["Cracked Core","NeowsBlessing","Bird Faced Urn","Bag of Preparation","Regal Pillow","Anchor","Eternal Feather","Singing Bowl","Juzu Bracelet"],"potions_floor_usage":[19,24],"damage_taken":[{"damage":0,"enemies":"Cultist","floor":1,"turns":1},{"damage":0,"enemies":"Jaw Worm","floor":2,"turns":1},{"damage":0,"enemies":"Lagavulin","floor":6,"turns":1},{"damage":5,"enemies":"2 Louse","floor":8,"turns":2},{"damage":52,"enemies":"3 Sentries","floor":12,"turns":7},{"damage":0,"enemies":"Looter","floor":13,"turns":3},{"damage":1,"enemies":"3 Louse","floor":14,"turns":5},{"damage":27,"enemies":"Hexaghost","floor":16,"turns":9},{"damage":26,"enemies":"Spheric Guardian","floor":18,"turns":4},{"damage":13,"enemies":"2 Thieves","floor":19,"turns":4},{"damage":16,"enemies":"Snake Plant","floor":20,"turns":4},{"damage":19,"enemies":"Chosen and Byrds","floor":24,"turns":6},{"damage":23,"enemies":"Snecko","floor":25,"turns":6},{"damage":38,"enemies":"Masked Bandits","floor":27,"turns":3}],"seed_played":"-693530815988806759","potions_obtained":[{"floor":1,"key":"Dexterity Potion"},{"floor":8,"key":"SpeedPotion"},{"floor":12,"key":"SteroidPotion"},{"floor":19,"key":"SkillPotion"},{"floor":25,"key":"Strength Potion"}],"is_trial":false,"path_per_floor":["M","M","T","$","?","E","R","M","T","R","?","E","M","M","R","B",null,"M","M","M","$","?","R","M","M","T"],"character_chosen":"DEFECT","items_purchased":["Capacitor","Singing Bowl"],"campfire_rested":2,"item_purchase_floors":[4,21],"current_hp_per_floor":[75,75,75,75,75,75,75,72,72,72,72,22,22,21,58,33,75,49,38,24,24,24,73,58,37,37,0],"gold":110,"neow_bonus":"THREE_ENEMY_KILL","is_prod":false,"is_daily":false,"chose_seed":false,"campfire_upgraded":2,"win_rate":0.0,"timestamp":1540390103,"path_taken":["M","M","?","$","?","E","R","M","T","R","?","E","?","M","R","BOSS","M","M","M","$","?","R","M","M","T","?"],"build_version":"2018-10-18","purchased_purges":0,"victory":false,"max_hp_per_floor":[75,75,75,75,75,75,75,75,75,75,75,75,75,75,75,75,75,75,75,75,75,75,75,77,77,77,77],"card_choices":[{"not_picked":["Storm","Leap"],"picked":"Barrage","floor":1},{"not_picked":["Conserve Battery","Leap"],"picked":"Double Energy","floor":2},{"not_picked":["Gash","Auto Shields"],"picked":"Consume","floor":6},{"not_picked":["Go for the Eyes","Hologram"],"picked":"Melter","floor":8},{"not_picked":["Gash","Leap"],"picked":"BootSequence","floor":12},{"not_picked":["Compile Driver","Steam"],"picked":"Skim","floor":13},{"not_picked":["Compile Driver","Gash"],"picked":"Go for the Eyes","floor":14},{"not_picked":["Creative AI","Thunder Strike"],"picked":"Rainbow","floor":16},{"not_picked":["Hologram","Go for the Eyes+1"],"picked":"Conserve Battery","floor":18},{"not_picked":["Gash","Go for the Eyes"],"picked":"Streamline+1","floor":19},{"not_picked":["Conserve Battery+1","Ball Lightning"],"picked":"Compile Driver+1","floor":20},{"not_picked":["Streamline+1","Scrape","Conserve Battery"],"picked":"Singing Bowl","floor":24},{"not_picked":["Conserve Battery","Genetic Algorithm"],"picked":"Glacier","floor":25}],"player_experience":113178,"relics_obtained":[{"floor":3,"key":"Bird Faced Urn"},{"floor":6,"key":"Bag of Preparation"},{"floor":9,"key":"Regal Pillow"},{"floor":12,"key":"Anchor"},{"floor":26,"key":"Juzu Bracelet"}],"event_choices":[{"cards_removed":["Strike_B"],"damage_healed":0,"gold_gain":0,"player_choice":"Offered Basic","damage_taken":0,"max_hp_gain":0,"max_hp_loss":0,"event_name":"Bonfire Elementals","floor":5,"gold_loss":0},{"damage_healed":0,"gold_gain":0,"player_choice":"Searched \u00270\u0027 times","damage_taken":0,"max_hp_gain":0,"max_hp_loss":0,"event_name":"Dead Adventurer","floor":11,"gold_loss":0},{"damage_healed":0,"gold_gain":0,"player_choice":"Ignored","damage_taken":0,"max_hp_gain":0,"max_hp_loss":0,"event_name":"Beggar","floor":22,"gold_loss":0},{"damage_healed":0,"gold_gain":0,"player_choice":"Fought Bandits","damage_taken":0,"max_hp_gain":0,"max_hp_loss":0,"event_name":"Masked Bandits","floor":27,"gold_loss":0}],"is_beta":false,"boss_relics":[{"not_picked":["Coffee Dripper","Velvet Choker"],"picked":"Eternal Feather"}],"items_purged_floors":[],"is_endless":false,"potions_floor_spawned":[1,8,12,14,19,25],"killed_by":"Masked Bandits","ascension_level":0}