{"gold_per_floor":[111,111,36,36,36,70,70,87,87,121,136,148,148,165,165,242,242,262,262,0,11,30,30,64,64,64,64,64,74,74,74,74,74],"floor_reached":33,"playtime":1397,"items_purged":["Pain","Strike_G"],"score":596,"play_id":"5e012fca-2a99-4402-ad6b-ef0fb1363ed6","local_time":"20190519213123","is_ascension_mode":true,"campfire_choices":[{"data":"Endless Agony","floor":7,"key":"SMITH"},{"data":"Acrobatics","floor":15,"key":"SMITH"},{"data":"Bullet Time","floor":23,"key":"SMITH"},{"data":"Flechettes","floor":30,"key":"SMITH"},{"data":"Acrobatics","floor":32,"key":"SMITH"}],"neow_cost":"NONE","seed_source_timestamp":2444735437889502,"circlet_count":0,"master_deck":["AscendersBane","Defend_G","Defend_G","Defend_G","Defend_G","Defend_G","Strike_G","Survivor","Neutralize","Flechettes+1","Endless Agony+1","Acrobatics+1","Heel Hook","Blade Dance","Blade Dance","Noxious Fumes","Bullet Time+1","Crippling Poison","Escape Plan","Quick Slash","Acrobatics+1","Blade Dance","Ghostly","Ghostly","Ghostly"],"relics":["Ring of the Snake","NeowsBlessing","WarpedTongs","Meat on the Bone","Blue Candle","Bottled Lightning","Vajra","WristBlade","Oddly Smooth Stone","Mango","Calipers"],"potions_floor_usage":[10,24,33],"damage_taken":[{"damage":0,"enemies":"2 Louse","floor":1,"turns":1},{"damage":0,"enemies":"3 Sentries","floor":6,"turns":1},{"damage":0,"enemies":"Cultist","floor":8,"turns":1},{"damage":33,"enemies":"Lagavulin","floor":10,"turns":7},{"damage":0,"enemies":"Jaw Worm","floor":11,"turns":3},{"damage":8,"enemies":"Large Slime","floor":12,"turns":4},{"damage":0,"enemies":"Looter","floor":14,"turns":1},{"damage":26,"enemies":"The Guardian","floor":16,"turns":14},{"damage":33,"enemies":"3 Byrds","floor":18,"turns":6},{"damage":12,"enemies":"2 Thieves","floor":21,"turns":4},{"damage":13,"enemies":"Snake Plant","floor":22,"turns":5},{"damage":20,"enemies":"Slavers","floor":24,"turns":5},{"damage":12,"enemies":"Snecko","floor":29,"turns":5},{"damage":34,"enemies":"Champ","floor":33,"turns":9}],"seed_played":"3639749597394562964","potions_obtained":[{"floor":8,"key":"FearPotion"},{"floor":10,"key":"FearPotion"},{"floor":11,"key":"AttackPotion"},{"floor":29,"key":"Strength Potion"}],"is_trial":false,"path_per_floor":["M","?","$","T","$","E","R","M","T","E","M","M","?","M","R","B",null,"M","?","$","M","M","R","E","?","T","?","?","M","R","$","R","B"],"character_chosen":"THE_SILENT","items_purchased":["Oddly Smooth Stone"],"campfire_rested":0,"item_purchase_floors":[20],"current_hp_per_floor":[59,59,59,59,59,59,59,59,59,38,38,42,35,35,35,21,55,34,34,34,34,33,33,39,39,39,30,24,24,24,24,24,0],"gold":74,"neow_bonus":"THREE_ENEMY_KILL","is_prod":false,"is_daily":false,"chose_seed":false,"campfire_upgraded":5,"win_rate":0,"timestamp":1558294283,"path_taken":["M","?","$","?","$","E","R","M","T","E","M","?","?","M","R","BOSS","M","?","$","M","M","R","E","?","T","?","?","?","R","$","R","BOSS"],"build_version":"2019-05-07","purchased_purges":2,"victory":false,"max_hp_per_floor":[66,66,66,66,66,66,66,66,66,66,66,66,66,66,66,66,66,66,66,66,66,66,66,80,40,40,45,45,45,45,45,45,45],"card_choices":[{"not_picked":["Quick Slash","Blade Dance"],"picked":"Flechettes","floor":1},{"not_picked":["Prepared","Sucker Punch"],"picked":"Endless Agony","floor":6},{"not_picked":["Bane","Reflex"],"picked":"Acrobatics","floor":8},{"not_picked":["Bullet Time","Cloak And Dagger"],"picked":"Heel Hook","floor":10},{"not_picked":["Quick Slash","Masterful Stab"],"picked":"Blade Dance","floor":11},{"not_picked":["Heel Hook","Backflip"],"picked":"Blade Dance","floor":12},{"not_picked":["Bouncing Flask","Backflip"],"picked":"Noxious Fumes","floor":14},{"not_picked":["Night Terror","Doppelganger"],"picked":"Bullet Time","floor":16},{"not_picked":["Reflex","Flechettes"],"picked":"Crippling Poison","floor":18},{"not_picked":["Skewer","Bane","Outmaneuver"],"picked":"SKIP","floor":21},{"not_picked":["Bouncing Flask","Dagger Throw"],"picked":"Acrobatics","floor":22},{"not_picked":["Underhanded Strike","Eviscerate"],"picked":"Blade Dance","floor":24},{"not_picked":["Reflex","Dodge and Roll","Poisoned Stab"],"picked":"SKIP","floor":29}],"player_experience":2051314,"relics_obtained":[{"floor":4,"key":"Meat on the Bone"},{"floor":6,"key":"Blue Candle"},{"floor":9,"key":"Bottled Lightning"},{"floor":10,"key":"Vajra"},{"floor":24,"key":"Mango"},{"floor":26,"key":"Calipers"}],"event_choices":[{"damage_healed":0,"gold_gain":0,"player_choice":"Rummage","damage_taken":0,"relics_obtained":["WarpedTongs"],"max_hp_gain":0,"max_hp_loss":0,"event_name":"Accursed Blacksmith","floor":2,"gold_loss":0,"cards_obtained":["Pain"]},{"cards_removed":["Strike_G"],"damage_healed":0,"gold_gain":0,"player_choice":"Card Removal","damage_taken":7,"max_hp_gain":0,"max_hp_loss":0,"event_name":"Golden Wing","floor":13,"gold_loss":0},{"damage_healed":0,"gold_gain":0,"cards_transformed":["Strike_G","Strike_G"],"player_choice":"Became Test Subject","damage_taken":0,"max_hp_gain":0,"max_hp_loss":0,"event_name":"Drug Dealer","floor":19,"gold_loss":0,"cards_obtained":["Escape Plan","Quick Slash"]},{"damage_healed":0,"gold_gain":0,"player_choice":"Became a Ghost","damage_taken":0,"max_hp_gain":0,"max_hp_loss":40,"event_name":"Ghosts","floor":25,"gold_loss":0,"cards_obtained":["Ghostly","Ghostly","Ghostly"]},{"damage_healed":0,"gold_gain":0,"player_choice":"Shed Blood","damage_taken":14,"max_hp_gain":5,"max_hp_loss":0,"event_name":"Forgotten Altar","floor":27,"gold_loss":0},{"damage_healed":0,"gold_gain":0,"player_choice":"","damage_taken":6,"max_hp_gain":0,"max_hp_loss":0,"event_name":"Knowing Skull","floor":28,"potions_obtained":[],"gold_loss":0,"cards_obtained":[]}],"is_beta":true,"boss_relics":[{"not_picked":["Eternal Feather","Empty Cage"],"picked":"WristBlade"}],"items_purged_floors":[3,20],"is_endless":false,"potions_floor_spawned":[8,10,11,14,18,29],"killed_by":"Champ","ascension_level":20}