{"gold_per_floor":[117,192,3,23,198,198,231,311,311,311],"floor_reached":10,"playtime":207,"items_purged":[],"score":74,"play_id":"a70d13d8-8f84-460e-9670-d8380a5bad2f","local_time":"20190421143515","is_ascension_mode":true,"campfire_choices":[{"data":"Zap","floor":6,"key":"SMITH"}],"neow_cost":"NONE","seed_source_timestamp":1757840237399,"circlet_count":0,"master_deck":["Strike_B","Strike_B","Strike_B","Strike_B","Defend_B","Defend_B","Defend_B","Defend_B","Zap+1","Dualcast","Streamline","Electrodynamics","Leap","Doubt"],"relics":["Cracked Core","Juzu Bracelet","Kunai","WingedGreaves"],"potions_floor_usage":[10],"damage_taken":[{"damage":5,"enemies":"2 Louse","floor":1,"turns":2},{"damage":0,"enemies":"Cultist","floor":4,"turns":3},{"damage":60,"enemies":"Gremlin Nob","floor":7,"turns":6},{"damage":7,"enemies":"Small Slimes","floor":10,"turns":1}],"seed_played":"-4432444059552762503","potions_obtained":[{"floor":1,"key":"Strength Potion"},{"floor":7,"key":"PowerPotion"}],"is_trial":false,"path_per_floor":["M","?","$","M","?","R","E","?","T","M"],"character_chosen":"DEFECT","items_purchased":["Electrodynamics","Leap"],"campfire_rested":0,"item_purchase_floors":[3,3],"current_hp_per_floor":[70,63,63,63,63,63,3,3,3,0],"gold":311,"neow_bonus":"RANDOM_COMMON_RELIC","is_prod":false,"is_daily":false,"chose_seed":false,"campfire_upgraded":1,"win_rate":0,"timestamp":1555850115,"path_taken":["M","?","$","M","?","R","E","?","T","M"],"build_version":"2019-04-20","purchased_purges":0,"victory":false,"max_hp_per_floor":[75,75,75,75,75,75,75,75,75,75],"card_choices":[{"not_picked":["Chill","Turbo"],"picked":"Streamline","floor":1},{"not_picked":["Force Field","Gash","Stack"],"picked":"SKIP","floor":4},{"not_picked":["Compile Driver","Go for the Eyes","Rebound"],"picked":"SKIP","floor":7}],"player_experience":1139169,"relics_obtained":[{"floor":7,"key":"Kunai"},{"floor":9,"key":"WingedGreaves"}],"event_choices":[{"damage_healed":0,"gold_gain":75,"player_choice":"Touch","damage_taken":7,"max_hp_gain":0,"max_hp_loss":0,"event_name":"FaceTrader","floor":2,"gold_loss":0},{"damage_healed":0,"gold_gain":175,"player_choice":"AGREE","damage_taken":0,"max_hp_gain":0,"max_hp_loss":0,"event_name":"Liars Game","floor":5,"gold_loss":0,"cards_obtained":["Doubt"]},{"damage_healed":0,"gold_gain":80,"player_choice":"Gained Gold","damage_taken":0,"max_hp_gain":0,"max_hp_loss":0,"event_name":"Golden Wing","floor":8,"gold_loss":0}],"is_beta":true,"boss_relics":[],"items_purged_floors":[],"is_endless":false,"potions_floor_spawned":[1,7],"killed_by":"Small Slimes","ascension_level":3}