{"gold_per_floor":[10,27,38,38,49,84,102,102,102,112,187,16,44,44,44,148,148,162,181,106,106,106,106,56,56,79,79,93,106,106],"floor_reached":30,"playtime":1512,"items_purged":["Regret","Defend_R"],"score":289,"play_id":"4b32783a-25bd-4cca-a68f-cf1d29c4a721","local_time":"20180831221421","is_ascension_mode":true,"campfire_choices":[{"floor":8,"key":"REST"},{"floor":15,"key":"REST"},{"floor":23,"key":"REST"},{"data":"Armaments","floor":25,"key":"SMITH"},{"data":"Limit Break","floor":27,"key":"SMITH"}],"neow_cost":"NO_GOLD","seed_source_timestamp":79300389241268,"circlet_count":0,"master_deck":["Defend_R","Defend_R","Defend_R","Bash","Infernal Blade","Feel No Pain","Inflame","Shrug It Off","Limit Break","Ghostly Armor","Inflame","Armaments+1","Evolve","Limit Break+1","Heavy Blade","Bite","Bite","Bite","Bite","Bite","Fire Breathing"],"relics":["Burning Blood","Torii","Smiling Mask","Ice Cream","Matryoshka","Singing Bowl","Black Star","MutagenicStrength","Bottled Tornado","Orichalcum"],"potions_floor_usage":[16,16,16,18,30,30],"damage_taken":[{"damage":18,"enemies":"Jaw Worm","floor":1,"turns":4},{"damage":9,"enemies":"Small Slimes","floor":2,"turns":4},{"damage":1,"enemies":"2 Louse","floor":3,"turns":3},{"damage":19,"enemies":"Looter","floor":5,"turns":3},{"damage":36,"enemies":"Lagavulin","floor":6,"turns":8},{"damage":15,"enemies":"Red Slaver","floor":7,"turns":5},{"damage":11,"enemies":"Blue Slaver","floor":10,"turns":4},{"damage":11,"enemies":"3 Sentries","floor":13,"turns":9},{"damage":28,"enemies":"The Guardian","floor":16,"turns":11},{"damage":37,"enemies":"2 Thieves","floor":18,"turns":5},{"damage":17,"enemies":"Spheric Guardian","floor":19,"turns":6},{"damage":15,"enemies":"Snake Plant","floor":28,"turns":4},{"damage":20,"enemies":"Cultist and Chosen","floor":29,"turns":6},{"damage":55,"enemies":"Slavers","floor":30,"turns":4}],"seed_played":"-6324218397508418344","potions_obtained":[{"floor":3,"key":"Strength Potion"},{"floor":10,"key":"Swift Potion"},{"floor":13,"key":"LiquidBronze"},{"floor":16,"key":"Fire Potion"},{"floor":19,"key":"Dexterity Potion"},{"floor":29,"key":"Block Potion"}],"is_trial":false,"path_per_floor":["M","M","M","?","M","E","M","R","T","M","?","$","E","$","R","B",null,"M","M","?","?","?","R","$","R","T","R","M","M"],"character_chosen":"IRONCLAD","items_purchased":["Inflame","Armaments"],"campfire_rested":3,"item_purchase_floors":[12,12],"current_hp_per_floor":[68,65,70,70,57,27,18,42,42,37,29,29,24,24,48,26,80,51,40,40,40,40,57,57,57,57,57,54,50,0],"gold":106,"neow_bonus":"ONE_RARE_RELIC","is_prod":false,"is_daily":false,"chose_seed":false,"campfire_upgraded":2,"win_rate":0,"timestamp":1535768061,"path_taken":["M","M","M","?","M","E","M","R","T","M","?","$","E","$","R","BOSS","M","M","?","?","?","R","$","R","T","R","?","M","E"],"build_version":"2018-08-30","purchased_purges":2,"victory":false,"max_hp_per_floor":[80,80,80,80,80,80,80,80,80,80,80,80,80,80,80,80,80,82,82,82,57,57,57,57,57,57,57,59,59,59],"card_choices":[{"not_picked":["Havoc","Battle Trance"],"picked":"Infernal Blade","floor":1},{"not_picked":["Dual Wield","Havoc"],"picked":"Feel No Pain","floor":2},{"not_picked":["Anger","Shrug It Off"],"picked":"Inflame","floor":3},{"not_picked":["Perfected Strike","Thunderclap"],"picked":"Shrug It Off","floor":5},{"not_picked":["Fire Breathing","Feel No Pain"],"picked":"Limit Break","floor":6},{"not_picked":["Clash","Havoc"],"picked":"Ghostly Armor","floor":7},{"not_picked":["Rupture","Feel No Pain","Burning Pact"],"picked":"SKIP","floor":10},{"not_picked":["Perfected Strike","Entrench"],"picked":"Evolve","floor":13},{"not_picked":["Feed","Reaper"],"picked":"Limit Break","floor":16},{"not_picked":["Dropkick","Anger","Pummel"],"picked":"Singing Bowl","floor":18},{"not_picked":["Searing Blow","Intimidate"],"picked":"Heavy Blade","floor":19},{"not_picked":["Clothesline","Reckless Charge","Iron Wave"],"picked":"Singing Bowl","floor":28},{"not_picked":["Warcry+1","Havoc+1"],"picked":"Fire Breathing","floor":29}],"player_experience":704673,"relics_obtained":[{"floor":6,"key":"Ice Cream"},{"floor":9,"key":"Matryoshka"},{"floor":13,"key":"Singing Bowl"},{"floor":26,"key":"Bottled Tornado"},{"floor":26,"key":"Orichalcum"}],"event_choices":[{"event_name":"Big Fish","player_choice":"Box","floor":4,"damage_taken":0},{"event_name":"FaceTrader","player_choice":"Touch","floor":11,"damage_taken":0},{"event_name":"Beggar","player_choice":"Gave Gold","floor":20,"damage_taken":0},{"event_name":"Vampires","player_choice":"Became a vampire","floor":21,"damage_taken":0},{"event_name":"Drug Dealer","player_choice":"Inject Mutagens","floor":22,"damage_taken":0}],"is_beta":false,"boss_relics":[{"not_picked":["Velvet Choker","Lizard Tail"],"picked":"Black Star"}],"items_purged_floors":[12,24],"is_endless":false,"potions_floor_spawned":[3,10,13,16,19,29],"killed_by":"Slavers","ascension_level":2}