{"gold_per_floor":[113,63,80,155,165,165,228,228,228,241,241,257,21,51,51,128,128,147,147,160,135,147,147,176,176],"floor_reached":25,"playtime":1092,"items_purged":[],"score":348,"play_id":"04cef496-e807-4ebd-8658-76d6b9611647","local_time":"20190403235159","is_ascension_mode":true,"campfire_choices":[{"data":"Dualcast","floor":6,"key":"SMITH"},{"data":"Sunder","floor":8,"key":"SMITH"},{"floor":11,"key":"REST"},{"floor":15,"key":"REST"},{"floor":23,"key":"REST"}],"neow_cost":"TEN_PERCENT_HP_LOSS","seed_source_timestamp":104590856443100,"circlet_count":0,"master_deck":["AscendersBane","Strike_B","Strike_B","Defend_B","Defend_B","Defend_B","Defend_B","Zap","Dualcast+1","Deep Breath","Deep Breath","Compile Driver","Reinforced Body","Streamline","Sunder+1","Coolheaded","Buffer","Electrodynamics","Flash of Steel","Biased Cognition","Lockon","Chill","Streamline","Redo","Storm+1"],"relics":["Cracked Core","Shuriken","Bottled Flame","Tiny Chest","Nuclear Battery","Bottled Lightning"],"potions_floor_usage":[7,24,25],"damage_taken":[{"damage":3,"enemies":"2 Louse","floor":1,"turns":3},{"damage":8,"enemies":"Jaw Worm","floor":3,"turns":4},{"damage":1,"enemies":"Cultist","floor":5,"turns":4},{"damage":28,"enemies":"3 Sentries","floor":7,"turns":11},{"damage":15,"enemies":"Large Slime","floor":10,"turns":4},{"damage":4,"enemies":"2 Fungi Beasts","floor":12,"turns":2},{"damage":10,"enemies":"The Guardian","floor":16,"turns":15},{"damage":12,"enemies":"3 Byrds","floor":18,"turns":6},{"damage":4,"enemies":"Chosen","floor":20,"turns":4},{"damage":12,"enemies":"3 Cultists","floor":22,"turns":3},{"damage":49,"enemies":"Gremlin Leader","floor":24,"turns":8},{"damage":10,"enemies":"Centurion and Healer","floor":25,"turns":1}],"seed_played":"-4085132435770315868","potions_obtained":[{"floor":3,"key":"Block Potion"},{"floor":12,"key":"FearPotion"},{"floor":24,"key":"Strength Potion"}],"is_trial":false,"path_per_floor":["M","?","M","?","M","R","?","R","T","M","R","M","$","T","R","B",null,"M","?","M","$","M","R","E","M"],"character_chosen":"DEFECT","items_purchased":["Electrodynamics","Flash of Steel","Streamline"],"campfire_rested":3,"item_purchase_floors":[13,13,21],"current_hp_per_floor":[65,65,57,46,45,45,17,17,17,2,22,18,18,18,38,28,58,46,46,42,42,30,50,1,0],"gold":176,"neow_bonus":"RANDOM_COLORLESS_2","is_prod":false,"is_daily":false,"chose_seed":false,"campfire_upgraded":2,"win_rate":0,"timestamp":1554349919,"path_taken":["M","?","M","?","M","R","?","R","T","M","R","M","$","?","R","BOSS","M","?","M","$","?","R","E","M"],"build_version":"2019-01-23","purchased_purges":0,"victory":false,"max_hp_per_floor":[68,68,68,68,68,68,68,68,68,68,68,68,68,68,68,68,68,68,68,68,68,68,68,68,68],"card_choices":[{"not_picked":["Stack","Barrage"],"picked":"Compile Driver","floor":1},{"not_picked":["Stack","Force Field"],"picked":"Reinforced Body","floor":3},{"not_picked":["Compile Driver","Steam"],"picked":"Streamline","floor":5},{"not_picked":["Melter","Coolheaded"],"picked":"Sunder","floor":7},{"not_picked":["Redo","Cold Snap"],"picked":"Coolheaded","floor":10},{"not_picked":["Cold Snap","Barrage"],"picked":"Buffer","floor":12},{"not_picked":["Amplify","Core Surge"],"picked":"Biased Cognition","floor":16},{"not_picked":["Rebound","Rip and Tear"],"picked":"Lockon","floor":18},{"not_picked":["Melter","Sweeping Beam"],"picked":"Chill","floor":20},{"not_picked":["Doom and Gloom","Turbo"],"picked":"Redo","floor":22},{"not_picked":["Genetic Algorithm+1","Go for the Eyes"],"picked":"Storm+1","floor":24}],"player_experience":2581798,"relics_obtained":[{"floor":7,"key":"Shuriken"},{"floor":9,"key":"Bottled Flame"},{"floor":14,"key":"Tiny Chest"},{"floor":24,"key":"Bottled Lightning"}],"event_choices":[{"cards_removed":["Strike_B"],"damage_healed":0,"gold_gain":0,"player_choice":"Card Removal","damage_taken":0,"max_hp_gain":0,"max_hp_loss":0,"event_name":"The Cleric","floor":2,"gold_loss":50},{"damage_healed":0,"gold_gain":75,"player_choice":"Gather Gold","damage_taken":11,"max_hp_gain":0,"max_hp_loss":0,"event_name":"World of Goop","floor":4,"gold_loss":0},{"damage_healed":0,"gold_gain":0,"player_choice":"Searched \u00271\u0027 times","damage_taken":0,"max_hp_gain":0,"max_hp_loss":0,"event_name":"Dead Adventurer","floor":7,"gold_loss":0},{"cards_removed":["Strike_B"],"damage_healed":0,"gold_gain":0,"player_choice":"Offered Basic","damage_taken":0,"max_hp_gain":0,"max_hp_loss":0,"event_name":"Bonfire Elementals","floor":19,"gold_loss":0}],"is_beta":false,"boss_relics":[{"not_picked":["Empty Cage","FrozenCore"],"picked":"Nuclear Battery"}],"items_purged_floors":[],"is_endless":false,"potions_floor_spawned":[3,12,24],"killed_by":"Centurion and Healer","ascension_level":13}