{"gold_per_floor":[109,126,146,163,128,128,141,167,167,182,182,12,12,12,12,117,117,131,147,147,161,7,7,38,38,65,65,98,21,21,21,21,21],"floor_reached":33,"playtime":1688,"items_purged":["Strike_B"],"score":370,"play_id":"be64a8fd-9ad3-45d3-9b6f-781674a7445a","local_time":"20190423162955","is_ascension_mode":true,"campfire_choices":[{"data":"Defragment","floor":6,"key":"SMITH"},{"data":"Zap","floor":11,"key":"SMITH"},{"data":"Hologram","floor":13,"key":"SMITH"},{"data":"Hologram","floor":15,"key":"SMITH"},{"data":"Loop","floor":23,"key":"SMITH"},{"data":"Coolheaded","floor":27,"key":"SMITH"},{"data":"Capacitor","floor":30,"key":"SMITH"},{"data":"Doom and Gloom","floor":32,"key":"SMITH"}],"neow_cost":"NONE","seed_source_timestamp":179956807133071,"circlet_count":0,"master_deck":["Strike_B","Strike_B","Strike_B","Defend_B","Defend_B","Defend_B","Defend_B","Zap+1","Dualcast+1","Defragment+1","Go for the Eyes","Coolheaded+1","Doom and Gloom+1","Sweeping Beam","Hologram+1","Self Repair","Cold Snap+1","Hologram+1","Core Surge+1","Barrage+1","Self Repair+1","Loop+1","Self Repair+1","Undo","Capacitor+1"],"relics":["Cracked Core","Lantern","Molten Egg 2","Philosopher\u0027s Stone","Omamori","Oddly Smooth Stone","StoneCalendar"],"potions_floor_usage":[10,21,33],"damage_taken":[{"damage":0,"enemies":"Cultist","floor":1,"turns":3},{"damage":7,"enemies":"Jaw Worm","floor":2,"turns":4},{"damage":0,"enemies":"2 Louse","floor":3,"turns":3},{"damage":20,"enemies":"Gremlin Gang","floor":4,"turns":3},{"damage":0,"enemies":"Large Slime","floor":7,"turns":5},{"damage":35,"enemies":"3 Sentries","floor":8,"turns":6},{"damage":0,"enemies":"Exordium Wildlife","floor":10,"turns":2},{"damage":23,"enemies":"The Guardian","floor":16,"turns":12},{"damage":12,"enemies":"Shell Parasite","floor":18,"turns":4},{"damage":2,"enemies":"Chosen","floor":19,"turns":4},{"damage":15,"enemies":"Snake Plant","floor":21,"turns":3},{"damage":0,"enemies":"Gremlin Leader","floor":24,"turns":5},{"damage":35,"enemies":"Book of Stabbing","floor":28,"turns":6},{"damage":68,"enemies":"Automaton","floor":33,"turns":6}],"seed_played":"6376590782778389318","potions_obtained":[{"floor":1,"key":"Poison Potion"},{"floor":2,"key":"FearPotion"},{"floor":10,"key":"FearPotion"},{"floor":20,"key":"FocusPotion"},{"floor":20,"key":"Fire Potion"},{"floor":21,"key":"Regen Potion"}],"is_trial":false,"path_per_floor":["M","M","M","M","?","R","M","E","T","M","R","$","R","?","R","B",null,"M","M","?","M","$","R","E","?","T","R","E","$","R","$","R","B"],"character_chosen":"DEFECT","items_purchased":["Self Repair","Cold Snap+1","Hologram","Loop","Capacitor"],"campfire_rested":0,"item_purchase_floors":[12,12,12,22,29],"current_hp_per_floor":[75,68,68,48,66,66,66,31,31,31,31,31,31,31,31,15,75,70,75,75,67,67,67,75,75,75,75,57,57,57,57,57,0],"gold":21,"neow_bonus":"THREE_CARDS","is_prod":false,"is_daily":false,"chose_seed":false,"campfire_upgraded":8,"win_rate":0,"timestamp":1556029795,"path_taken":["M","M","M","M","?","R","M","E","T","M","R","$","R","?","R","BOSS","M","M","?","?","$","R","E","?","T","R","E","?","R","$","R","BOSS"],"build_version":"2019-04-21","purchased_purges":1,"victory":false,"max_hp_per_floor":[75,75,75,75,75,75,75,75,75,75,75,75,75,75,75,75,75,75,75,75,75,75,75,75,75,75,75,75,75,75,75,75,75],"card_choices":[{"not_picked":["Leap","Blizzard"],"picked":"Defragment","floor":0},{"not_picked":["Aggregate","Reprogram"],"picked":"Go for the Eyes","floor":1},{"not_picked":["Lockon","Steam Power"],"picked":"Coolheaded","floor":2},{"not_picked":["Hologram","Sweeping Beam"],"picked":"Doom and Gloom","floor":3},{"not_picked":["Barrage","Beam Cell"],"picked":"Sweeping Beam","floor":4},{"not_picked":["BootSequence","Coolheaded","Turbo"],"picked":"SKIP","floor":7},{"not_picked":["Melter","Static Discharge"],"picked":"Hologram","floor":8},{"not_picked":["Turbo","Rip and Tear+1","Fusion"],"picked":"SKIP","floor":10},{"not_picked":["Reboot","All For One+1"],"picked":"Core Surge+1","floor":16},{"not_picked":["Go for the Eyes+1","Storm","Stack"],"picked":"SKIP","floor":18},{"not_picked":["Doom and Gloom+1","Auto Shields"],"picked":"Barrage+1","floor":19},{"not_picked":["Stack","Go for the Eyes+1"],"picked":"Self Repair+1","floor":21},{"not_picked":["Static Discharge","Hologram"],"picked":"Self Repair+1","floor":24},{"not_picked":["Rebound+1","BootSequence","Cold Snap+1"],"picked":"SKIP","floor":28}],"player_experience":1168914,"relics_obtained":[{"floor":8,"key":"Lantern"},{"floor":9,"key":"Molten Egg 2"},{"floor":24,"key":"Omamori"},{"floor":26,"key":"Oddly Smooth Stone"},{"floor":28,"key":"StoneCalendar"}],"event_choices":[{"damage_healed":18,"gold_gain":0,"player_choice":"Healed","damage_taken":0,"max_hp_gain":0,"max_hp_loss":0,"event_name":"The Cleric","floor":5,"gold_loss":35},{"damage_healed":0,"gold_gain":0,"player_choice":"Grow","damage_taken":0,"max_hp_gain":0,"max_hp_loss":0,"event_name":"Living Wall","floor":14,"gold_loss":0,"cards_upgraded":["Dualcast"]},{"damage_healed":0,"gold_gain":0,"player_choice":"Got Potions","damage_taken":0,"max_hp_gain":0,"max_hp_loss":0,"event_name":"Lab","floor":20,"gold_loss":0},{"damage_healed":0,"gold_gain":0,"player_choice":"Read","damage_taken":0,"max_hp_gain":0,"max_hp_loss":0,"event_name":"The Library","floor":25,"gold_loss":0,"cards_obtained":["Undo"]}],"is_beta":true,"boss_relics":[{"not_picked":["Empty Cage","Tiny House"],"picked":"Philosopher\u0027s Stone"}],"items_purged_floors":[22],"is_endless":false,"potions_floor_spawned":[1,2,10,21,24],"killed_by":"Automaton","ascension_level":4}