{"path_per_floor":["M","M","$","?","M","E","R","E","T","E","?","M","?","E","R","B",null,"M","M","?","$","?","M","R","M","T","E","?","R","?","$","R"],"character_chosen":"IRONCLAD","items_purchased":["Heavy Blade","Paper Frog","Ancient Tea Set","Centennial Puzzle","Bandage Up"],"gold_per_floor":[110,127,29,29,40,67,67,93,118,152,152,170,170,195,195,291,291,309,325,775,28,28,41,41,52,109,134,134,134,134,33,33],"floor_reached":33,"campfire_rested":3,"playtime":1912,"current_hp_per_floor":[80,65,65,65,63,67,67,58,58,50,47,57,40,43,43,11,96,79,72,24,24,24,10,38,35,35,26,10,40,25,25,56],"items_purged":["Strike_R","Strike_R"],"gold":33,"play_id":"646c6842-597e-4ce3-b33e-7b88e20a9786","is_prod":false,"is_daily":false,"is_ascension_mode":true,"campfire_upgraded":2,"path_taken":["M","M","$","?","M","E","R","E","T","E","?","M","?","E","R","BOSS","M","M","?","$","?","M","R","M","T","E","?","R","?","$","R","BOSS"],"build_version":"2018-02-01-PROD3","purchased_purges":3,"victory":false,"master_deck":["Strike_R+1","Strike_R","Defend_R","Defend_R+1","Defend_R","Defend_R+1","Bash","Whirlwind","Wild Strike","Heavy Blade+1","Feed+1","Armaments","Exhume+1","Anger","Limit Break","Inflame","Disarm+1","Armaments+1","Ghostly Armor","Bandage Up"],"max_hp_per_floor":[80,80,80,80,80,80,80,84,84,84,84,88,88,96,96,96,96,96,96,96,96,96,96,96,100,100,100,100,100,105,105,105],"relics":["Burning Blood","War Paint","Juzu Bracelet","Bronze Scales","Sundial","Pen Nib","Darkstone Periapt","Velvet Choker","Paper Frog","Ancient Tea Set","Centennial Puzzle","Tiny Chest","Dream Catcher","Enchiridion"],"card_choices":[{"not_picked":["Infernal Blade","Havoc"],"picked":"Whirlwind"},{"not_picked":["Perfected Strike","Clothesline"],"picked":"Wild Strike"},{"not_picked":["Body Slam","Shockwave"],"picked":"Feed"},{"not_picked":["Wild Strike","Carnage"],"picked":"Armaments"},{"not_picked":["Thunderclap","Heavy Blade"],"picked":"Exhume"},{"not_picked":["Sword Boomerang","Infernal Blade"],"picked":"Anger"},{"not_picked":["Barricade","Dark Embrace"],"picked":"Limit Break"},{"not_picked":["Anger","Clothesline"],"picked":"Inflame"},{"not_picked":["Clothesline","True Grit"],"picked":"Disarm"},{"not_picked":["Rampage","Sentinel"],"picked":"Armaments"},{"not_picked":["Cleave","Shrug It Off"],"picked":"Ghostly Armor"}],"player_experience":365588,"potions_floor_usage":[6,6,6,10,16,18,27],"damage_taken":[{"damage":6,"enemies":"Cultist","floor":1,"turns":3},{"damage":21,"enemies":"Blue Slaver","floor":2,"turns":5},{"damage":8,"enemies":"Small Slimes","floor":5,"turns":2},{"damage":2,"enemies":"Gremlin Nob","floor":6,"turns":3},{"damage":19,"enemies":"3 Sentries","floor":8,"turns":7},{"damage":14,"enemies":"Gremlin Nob","floor":10,"turns":3},{"damage":0,"enemies":"2 Fungi Beasts","floor":12,"turns":2},{"damage":11,"enemies":"3 Sentries","floor":14,"turns":6},{"damage":38,"enemies":"Hexaghost","floor":16,"turns":8},{"damage":23,"enemies":"2 Thieves","floor":18,"turns":4},{"damage":13,"enemies":"3 Byrds","floor":19,"turns":5},{"damage":20,"enemies":"Sentry and Sphere","floor":23,"turns":4},{"damage":13,"enemies":"Slaver and Parasite","floor":25,"turns":3},{"damage":15,"enemies":"Gremlin Leader","floor":27,"turns":6},{"damage":73,"enemies":"Champ","floor":33,"turns":8}],"event_choices":[{"event_name":"The Lab","player_choice":"Got Potions","floor":4,"damage_taken":0},{"event_name":"Scrap Ooze","player_choice":"success","floor":11,"damage_taken":3},{"event_name":"Shining Light","player_choice":"Entered Light","floor":13,"damage_taken":0},{"event_name":"Knowing Skull","player_choice":"GOLD GOLD GOLD GOLD GOLD ","floor":20,"damage_taken":0},{"event_name":"Back to Basics","player_choice":"Elegance","floor":22,"damage_taken":0},{"event_name":"Cursed Tome","player_choice":"Obtained Book","floor":28,"damage_taken":0},{"event_name":"Forgotten Altar","player_choice":"Shed Blood","floor":30,"damage_taken":0}],"boss_relics":[{"not_picked":["Lizard Tail","Astrolabe"],"picked":"Velvet Choker"}],"potions_floor_spawned":[1,6,14,16,25],"seed_played":"-3691468426882663447","killed_by":"Champ","ascension_level":1,"is_trial":false}