{"gold_per_floor":[109,126,145,156,156,156,187,187,266,292,249,249,268,268,268,268],"floor_reached":16,"playtime":375,"items_purged":[],"score":127,"play_id":"0c7e216e-2530-4267-b495-43e35f3c9f35","local_time":"20190421145433","is_ascension_mode":true,"campfire_choices":[{"data":"Darkness","floor":6,"key":"SMITH"},{"data":"Zap","floor":8,"key":"SMITH"},{"floor":15,"key":"REST"}],"neow_cost":"NONE","seed_source_timestamp":2747526850665,"circlet_count":0,"master_deck":["Strike_B+1","Strike_B","Strike_B","Defend_B+1","Defend_B","Defend_B+1","Defend_B","Zap+1","Dualcast","Darkness+1","Cold Snap","Streamline+1","Ball Lightning","Coolheaded"],"relics":["Cracked Core","WingedGreaves","Blue Candle","War Paint","Golden Idol"],"potions_floor_usage":[],"damage_taken":[{"damage":7,"enemies":"Jaw Worm","floor":1,"turns":3},{"damage":0,"enemies":"2 Louse","floor":2,"turns":2},{"damage":0,"enemies":"Small Slimes","floor":3,"turns":3},{"damage":14,"enemies":"Blue Slaver","floor":4,"turns":3},{"damage":6,"enemies":"Gremlin Nob","floor":7,"turns":3},{"damage":20,"enemies":"Lagavulin","floor":10,"turns":5},{"damage":0,"enemies":"2 Fungi Beasts","floor":13,"turns":3},{"damage":30,"enemies":"The Guardian","floor":16,"turns":7}],"seed_played":"-9127089665173481710","potions_obtained":[{"floor":1,"key":"Fire Potion"},{"floor":7,"key":"Energy Potion"}],"is_trial":false,"path_per_floor":["M","M","M","M","?","R","E","R","T","E","?","?","M","?","R","B"],"character_chosen":"DEFECT","items_purchased":[],"campfire_rested":1,"item_purchase_floors":[],"current_hp_per_floor":[68,68,68,54,39,39,33,33,33,13,13,10,10,10,30,0],"gold":268,"neow_bonus":"REMOVE_CARD","is_prod":false,"is_daily":false,"chose_seed":false,"campfire_upgraded":2,"win_rate":0,"timestamp":1555851273,"path_taken":["M","M","M","M","?","R","E","R","T","E","?","?","M","?","R","BOSS"],"build_version":"2019-04-20","purchased_purges":0,"victory":false,"max_hp_per_floor":[75,75,75,75,75,75,75,75,75,75,75,75,75,69,69,69],"card_choices":[{"not_picked":["Reprogram","Leap"],"picked":"Darkness","floor":1},{"not_picked":["Reprogram","Force Field"],"picked":"Cold Snap","floor":2},{"not_picked":["Hologram","Lockon"],"picked":"Streamline","floor":3},{"not_picked":["Go for the Eyes","Steam Power","Gash"],"picked":"SKIP","floor":4},{"not_picked":["Cold Snap","Meteor Strike"],"picked":"Ball Lightning","floor":7},{"not_picked":["Recycle","Sunder","Force Field"],"picked":"SKIP","floor":10},{"not_picked":["Streamline","Steam"],"picked":"Coolheaded","floor":13}],"player_experience":1140132,"relics_obtained":[{"floor":7,"key":"WingedGreaves"},{"floor":9,"key":"Blue Candle"},{"floor":10,"key":"War Paint"}],"event_choices":[{"damage_healed":0,"gold_gain":0,"player_choice":"Entered Light","damage_taken":15,"max_hp_gain":0,"max_hp_loss":0,"event_name":"Shining Light","floor":5,"gold_loss":0,"cards_upgraded":["Streamline","Strike_B"]},{"damage_healed":0,"gold_gain":0,"player_choice":"Left Gold","damage_taken":0,"max_hp_gain":0,"max_hp_loss":0,"event_name":"World of Goop","floor":11,"gold_loss":43},{"damage_healed":0,"gold_gain":0,"player_choice":"Fled","damage_taken":3,"max_hp_gain":0,"max_hp_loss":0,"event_name":"Scrap Ooze","floor":12,"gold_loss":0},{"damage_healed":0,"gold_gain":0,"player_choice":"Lose Max HP","damage_taken":0,"relics_obtained":["Golden Idol"],"max_hp_gain":0,"max_hp_loss":6,"event_name":"Golden Idol","floor":14,"gold_loss":0}],"is_beta":true,"boss_relics":[],"items_purged_floors":[],"is_endless":false,"potions_floor_spawned":[1,7],"killed_by":"The Guardian","ascension_level":3}