{"gold_per_floor":[111,111,111,111,111,111,132,132,132,147,147,188,188,208,208,343,355,355,17,17,17,17,17,17,17,17,17,17,17,17,17,17,17,17,17,17,17,17,17,17,17,17,17,17,17,17,17,17,17,17],"floor_reached":50,"playtime":2559,"items_purged":["Strike_B"],"score":673,"play_id":"0fd41379-566e-4d57-9b1c-c19823c5e48c","local_time":"20190426190343","is_ascension_mode":true,"campfire_choices":[{"data":"Zap","floor":6,"key":"SMITH"},{"data":"Coolheaded","floor":8,"key":"SMITH"},{"data":"Dualcast","floor":11,"key":"SMITH"},{"floor":13,"key":"DIG"},{"floor":15,"key":"DIG"},{"data":"Redo","floor":24,"key":"SMITH"},{"floor":27,"key":"DIG"},{"floor":29,"key":"DIG"},{"floor":32,"key":"REST"},{"floor":40,"key":"REST"},{"floor":42,"key":"REST"},{"floor":49,"key":"REST"}],"neow_cost":"NONE","seed_source_timestamp":447513114129018,"circlet_count":0,"master_deck":["Strike_B","Strike_B","Defend_B+1","Defend_B","Defend_B+1","Defend_B","Zap+1","Dualcast+1","Cold Snap","Coolheaded+1","Gash","Streamline","Electrodynamics+1","Redo+1","Hologram","Conserve Battery","Compile Driver","RitualDagger","Go for the Eyes","Ball Lightning","Biased Cognition+1","Ball Lightning+1","Parasite","Redo+1","Parasite","White Noise+1","Loop+1"],"relics":["Cracked Core","Bronze Scales","Golden Idol","Frozen Egg 2","Shovel","Orichalcum","MawBank","Ectoplasm","Pantograph","MutagenicStrength","Pen Nib","Bottled Lightning","Mercury Hourglass","Bottled Tornado","Ornamental Fan","Inserter","SsserpentHead","Darkstone Periapt"],"potions_floor_usage":[16,16,23,28,39,50,50],"damage_taken":[{"damage":7,"enemies":"Small Slimes","floor":1,"turns":3},{"damage":0,"enemies":"Jaw Worm","floor":7,"turns":3},{"damage":0,"enemies":"2 Louse","floor":10,"turns":3},{"damage":24,"enemies":"Gremlin Nob","floor":12,"turns":5},{"damage":6,"enemies":"Large Slime","floor":14,"turns":5},{"damage":10,"enemies":"Hexaghost","floor":16,"turns":9},{"damage":0,"enemies":"Chosen","floor":18,"turns":4},{"damage":7,"enemies":"3 Byrds","floor":21,"turns":2},{"damage":19,"enemies":"Gremlin Leader","floor":23,"turns":6},{"damage":0,"enemies":"Snake Plant","floor":28,"turns":2},{"damage":6,"enemies":"Cultist and Chosen","floor":31,"turns":3},{"damage":46,"enemies":"Champ","floor":33,"turns":11},{"damage":8,"enemies":"Orb Walker","floor":35,"turns":3},{"damage":22,"enemies":"3 Darklings","floor":37,"turns":2},{"damage":15,"enemies":"Writhing Mass","floor":38,"turns":5},{"damage":12,"enemies":"Spire Growth","floor":39,"turns":4},{"damage":9,"enemies":"Transient","floor":41,"turns":5},{"damage":12,"enemies":"4 Shapes","floor":44,"turns":2},{"damage":11,"enemies":"Writhing Mass","floor":45,"turns":4},{"damage":7,"enemies":"Maw","floor":47,"turns":6},{"damage":8,"enemies":"3 Darklings","floor":48,"turns":2},{"damage":70,"enemies":"Time Eater","floor":50,"turns":4}],"seed_played":"3842906519866123977","potions_obtained":[{"floor":1,"key":"PowerPotion"},{"floor":5,"key":"AttackPotion"},{"floor":5,"key":"FairyPotion"},{"floor":16,"key":"Fire Potion"},{"floor":18,"key":"Weak Potion"},{"floor":33,"key":"Fire Potion"},{"floor":41,"key":"SpeedPotion"},{"floor":44,"key":"SmokeBomb"},{"floor":45,"key":"Dexterity Potion"}],"is_trial":false,"path_per_floor":["M","?","?","?","?","R","M","R","T","M","R","E","R","M","R","B",null,"M","$","?","M","?","E","R","?","T","R","M","R","$","M","R","B",null,"M","?","M","M","M","R","M","R","T","M","M","?","M","M","R","B"],"character_chosen":"DEFECT","items_purchased":["Pantograph","Hologram"],"campfire_rested":4,"item_purchase_floors":[19,19],"current_hp_per_floor":[61,46,46,51,51,51,51,51,51,51,51,27,27,21,21,11,58,58,58,58,51,51,32,32,26,26,26,26,26,26,20,42,21,61,53,53,31,16,4,26,17,39,39,27,22,22,15,7,31,0],"gold":17,"neow_bonus":"RANDOM_COMMON_RELIC","is_prod":false,"is_daily":false,"chose_seed":false,"campfire_upgraded":4,"win_rate":0,"timestamp":1556298223,"path_taken":["M","?","?","?","?","R","?","R","T","M","R","E","R","M","R","BOSS","M","$","?","M","?","E","R","?","T","R","M","R","?","M","R","BOSS","M","?","?","M","M","R","M","R","T","M","?","?","M","M","R","BOSS"],"build_version":"2019-04-23","purchased_purges":1,"victory":false,"max_hp_per_floor":[75,75,69,74,74,74,74,74,74,74,74,74,74,74,74,74,74,74,74,74,74,74,74,74,74,74,74,74,74,74,74,74,74,74,74,74,74,74,74,74,74,74,74,74,80,80,80,80,80,80],"card_choices":[{"not_picked":["Undo","Coolheaded"],"picked":"Cold Snap","floor":1},{"not_picked":["Steam","Storm"],"picked":"Coolheaded","floor":7},{"not_picked":["Beam Cell","Hologram"],"picked":"Gash","floor":10},{"not_picked":["Tempest","Reprogram","Coolheaded"],"picked":"SKIP","floor":12},{"not_picked":["Storm+1","Rebound"],"picked":"Streamline","floor":14},{"not_picked":["Core Surge","Buffer+1"],"picked":"Electrodynamics+1","floor":16},{"not_picked":["Sweeping Beam","Darkness"],"picked":"Redo","floor":18},{"not_picked":["Stack","Static Discharge+1"],"picked":"Conserve Battery","floor":21},{"not_picked":["Recycle","Barrage+1"],"picked":"Compile Driver","floor":23},{"not_picked":["Conserve Battery","Coolheaded"],"picked":"Go for the Eyes","floor":28},{"not_picked":["Gash","Tempest"],"picked":"Ball Lightning","floor":31},{"not_picked":["Hyperbeam","Seek"],"picked":"Biased Cognition+1","floor":33},{"not_picked":["Turbo","Scrape+1"],"picked":"Ball Lightning+1","floor":35},{"not_picked":["Undo","Sweeping Beam","Leap+1"],"picked":"SKIP","floor":37},{"not_picked":["Sunder+1","Fusion","Coolheaded+1"],"picked":"SKIP","floor":38},{"not_picked":["Conserve Battery","Tempest+1","Rebound"],"picked":"SKIP","floor":39},{"not_picked":["Sweeping Beam","Steam Power"],"picked":"Redo+1","floor":41},{"not_picked":["Coolheaded","Heatsinks+1","Undo"],"picked":"SKIP","floor":44},{"not_picked":["Compile Driver+1","Gash"],"picked":"White Noise+1","floor":45},{"not_picked":["Fusion+1","Steam+1"],"picked":"Loop+1","floor":47},{"not_picked":["Turbo+1","Compile Driver","Machine Learning+1"],"picked":"SKIP","floor":48}],"player_experience":1250480,"relics_obtained":[{"floor":9,"key":"Frozen Egg 2"},{"floor":12,"key":"Shovel"},{"floor":13,"key":"Orichalcum"},{"floor":15,"key":"MawBank"},{"floor":23,"key":"Bottled Lightning"},{"floor":26,"key":"Mercury Hourglass"},{"floor":27,"key":"Bottled Tornado"},{"floor":29,"key":"Ornamental Fan"},{"floor":43,"key":"Darkstone Periapt"}],"event_choices":[{"damage_healed":0,"gold_gain":0,"player_choice":"Entered Light","damage_taken":15,"max_hp_gain":0,"max_hp_loss":0,"event_name":"Shining Light","floor":2,"gold_loss":0,"cards_upgraded":["Defend_B","Defend_B"]},{"damage_healed":0,"gold_gain":0,"player_choice":"Lose Max HP","damage_taken":0,"relics_obtained":["Golden Idol"],"max_hp_gain":0,"max_hp_loss":6,"event_name":"Golden Idol","floor":3,"gold_loss":0},{"damage_healed":0,"gold_gain":0,"player_choice":"Donut","damage_taken":0,"max_hp_gain":5,"max_hp_loss":0,"event_name":"Big Fish","floor":4,"gold_loss":0},{"damage_healed":0,"gold_gain":0,"player_choice":"Got Potions","damage_taken":0,"max_hp_gain":0,"max_hp_loss":0,"event_name":"Lab","floor":5,"gold_loss":0},{"damage_healed":0,"gold_gain":0,"player_choice":"Inject Mutagens","damage_taken":0,"relics_obtained":["MutagenicStrength"],"max_hp_gain":0,"max_hp_loss":0,"event_name":"Drug Dealer","floor":20,"gold_loss":0},{"damage_healed":0,"gold_gain":0,"player_choice":"Opened","damage_taken":0,"relics_obtained":["Pen Nib"],"max_hp_gain":0,"max_hp_loss":0,"event_name":"The Mausoleum","floor":22,"gold_loss":0},{"damage_healed":0,"gold_gain":0,"player_choice":"Joined the Cult","damage_taken":6,"max_hp_gain":0,"max_hp_loss":0,"event_name":"Nest","floor":25,"gold_loss":0,"cards_obtained":["RitualDagger"]},{"damage_healed":0,"gold_gain":0,"player_choice":"Trade","damage_taken":0,"relics_obtained":["SsserpentHead"],"max_hp_gain":0,"max_hp_loss":0,"event_name":"FaceTrader","floor":36,"gold_loss":0},{"cards_removed":["Strike_B"],"damage_healed":0,"gold_gain":0,"player_choice":"Removed Attack","damage_taken":0,"max_hp_gain":0,"max_hp_loss":0,"event_name":"Falling","floor":46,"gold_loss":0}],"is_beta":true,"boss_relics":[{"not_picked":["FrozenCore","White Beast Statue"],"picked":"Ectoplasm"},{"not_picked":["Philosopher\u0027s Stone","Snecko Eye"],"picked":"Inserter"}],"items_purged_floors":[19],"is_endless":false,"potions_floor_spawned":[1,7,16,18,33,41,44,45,47],"killed_by":"Time Eater","ascension_level":9}