{"gold_per_floor":[109,109,34,34,51,82,95,130,130,30,46,46,63,34,34,108,108,120,120,138,99,116,116],"floor_reached":23,"playtime":941,"items_purged":["Pain","Strike_G"],"score":429,"play_id":"bbc594c8-1122-4891-a0ad-6ef3db730733","local_time":"20190508111015","is_ascension_mode":true,"campfire_choices":[{"floor":12,"key":"REST"},{"data":"Predator","floor":15,"key":"SMITH"}],"neow_cost":"NONE","seed_source_timestamp":1457523325347862,"circlet_count":0,"master_deck":["AscendersBane","Defend_G","Defend_G+1","Defend_G","Defend_G","Defend_G","Strike_G","Strike_G+1","Strike_G","Strike_G","Survivor","Neutralize","Cloak And Dagger","Predator+1","Well Laid Plans","Sucker Punch","Escape Plan","Dodge and Roll","Acrobatics","Flying Knee","Corpse Explosion","Backflip+1","PiercingWail","Escape Plan","Backstab"],"relics":["Ring of the Snake","NeowsBlessing","WarpedTongs","Blood Vial","Pear","Regal Pillow","Cursed Key"],"potions_floor_usage":[8,8,16,16,23,23],"damage_taken":[{"damage":0,"enemies":"Jaw Worm","floor":1,"turns":1},{"damage":0,"enemies":"Cultist","floor":5,"turns":1},{"damage":0,"enemies":"Gremlin Nob","floor":6,"turns":1},{"damage":6,"enemies":"Small Slimes","floor":7,"turns":3},{"damage":25,"enemies":"Lagavulin","floor":8,"turns":6},{"damage":3,"enemies":"Exordium Wildlife","floor":11,"turns":4},{"damage":0,"enemies":"2 Fungi Beasts","floor":13,"turns":3},{"damage":12,"enemies":"The Guardian","floor":16,"turns":14},{"damage":10,"enemies":"Shell Parasite","floor":18,"turns":7},{"damage":19,"enemies":"2 Thieves","floor":20,"turns":2},{"damage":23,"enemies":"3 Cultists","floor":22,"turns":4},{"damage":5,"enemies":"Book of Stabbing","floor":23,"turns":5}],"seed_played":"5962975015268641213","potions_obtained":[{"floor":6,"key":"SkillPotion"},{"floor":7,"key":"Weak Potion"},{"floor":11,"key":"EntropicBrew"},{"floor":22,"key":"Poison Potion"}],"is_trial":false,"path_per_floor":["M","?","$","?","M","E","M","E","T","$","M","R","M","$","R","B",null,"M","?","M","$","M","E"],"character_chosen":"THE_SILENT","items_purchased":["Flying Knee","Escape Plan"],"campfire_rested":1,"item_purchase_floors":[14,21],"current_hp_per_floor":[59,59,59,39,39,39,35,22,22,22,21,58,60,60,60,50,70,62,40,23,23,2,0],"gold":116,"neow_bonus":"THREE_ENEMY_KILL","is_prod":false,"is_daily":false,"chose_seed":false,"campfire_upgraded":1,"win_rate":0,"timestamp":1557306615,"path_taken":["M","?","?","?","M","E","M","E","T","?","M","R","?","$","R","BOSS","M","?","M","$","M","E"],"build_version":"2019-05-07","purchased_purges":2,"victory":false,"max_hp_per_floor":[66,66,66,66,66,66,66,76,76,76,76,76,76,76,76,76,76,76,81,81,81,81,81],"card_choices":[{"not_picked":["Deadly Poison","Blade Dance"],"picked":"Cloak And Dagger","floor":1},{"not_picked":["Terror","Deflect"],"picked":"Predator","floor":5},{"not_picked":["Deflect","Escape Plan"],"picked":"Well Laid Plans","floor":6},{"not_picked":["Tactician","Deflect"],"picked":"Sucker Punch","floor":7},{"not_picked":["Grand Finale","Skewer"],"picked":"Escape Plan","floor":8},{"not_picked":["Blade Dance","Bane"],"picked":"Dodge and Roll","floor":11},{"not_picked":["Flying Knee","Sucker Punch"],"picked":"Acrobatics","floor":13},{"not_picked":["Unload","Storm of Steel"],"picked":"Corpse Explosion","floor":16},{"not_picked":["Acrobatics","Choke"],"picked":"Backflip+1","floor":18},{"not_picked":["Flechettes","Flying Knee"],"picked":"PiercingWail","floor":20},{"not_picked":["Dagger Throw","Well Laid Plans"],"picked":"Backstab","floor":22}],"player_experience":1582273,"relics_obtained":[{"floor":6,"key":"Blood Vial"},{"floor":8,"key":"Pear"},{"floor":9,"key":"Regal Pillow"}],"event_choices":[{"damage_healed":0,"gold_gain":0,"player_choice":"Rummage","damage_taken":0,"relics_obtained":["WarpedTongs"],"max_hp_gain":0,"max_hp_loss":0,"event_name":"Accursed Blacksmith","floor":2,"gold_loss":0,"cards_obtained":["Pain"]},{"damage_healed":0,"gold_gain":0,"player_choice":"Entered Light","damage_taken":20,"max_hp_gain":0,"max_hp_loss":0,"event_name":"Shining Light","floor":4,"gold_loss":0,"cards_upgraded":["Strike_G","Defend_G"]},{"damage_healed":0,"gold_gain":0,"player_choice":"Shed Blood","damage_taken":27,"max_hp_gain":5,"max_hp_loss":0,"event_name":"Forgotten Altar","floor":19,"gold_loss":0}],"is_beta":true,"boss_relics":[{"not_picked":["Tiny House","Busted Crown"],"picked":"Cursed Key"}],"items_purged_floors":[3,10],"is_endless":false,"potions_floor_spawned":[6,7,11,22],"killed_by":"Book of Stabbing","ascension_level":18}