{"gold_per_floor":[115,190,208,208,219,219,244,258,258,286,233,233],"floor_reached":12,"playtime":511,"items_purged":[],"score":172,"play_id":"c0fa4a9b-6137-4a08-9373-bea462d4dbaa","local_time":"20190511100935","is_ascension_mode":true,"campfire_choices":[{"data":"Bash","floor":6,"key":"SMITH"}],"neow_cost":"NONE","seed_source_timestamp":1713513557211641,"circlet_count":0,"master_deck":["AscendersBane","Strike_R","Strike_R","Strike_R","Strike_R","Strike_R","Defend_R","Defend_R","Defend_R","Defend_R","Bash+1","Shrug It Off","Flame Barrier","Iron Wave","Battle Trance","True Grit","Dropkick"],"relics":["Burning Blood","Lantern","GremlinMask","Dream Catcher","Bag of Preparation","Frozen Egg 2","Dead Branch"],"potions_floor_usage":[7,10],"damage_taken":[{"damage":3,"enemies":"2 Louse","floor":1,"turns":4},{"damage":4,"enemies":"Jaw Worm","floor":3,"turns":6},{"damage":1,"enemies":"Cultist","floor":5,"turns":5},{"damage":15,"enemies":"3 Sentries","floor":7,"turns":15},{"damage":3,"enemies":"3 Louse","floor":8,"turns":4},{"damage":50,"enemies":"Lagavulin","floor":10,"turns":7},{"damage":27,"enemies":"Gremlin Nob","floor":12,"turns":3}],"seed_played":"-2629931815894543623","potions_obtained":[{"floor":1,"key":"Weak Potion"},{"floor":3,"key":"Dexterity Potion"}],"is_trial":false,"path_per_floor":["M","?","M","?","M","R","E","M","T","E","?","E"],"character_chosen":"IRONCLAD","items_purchased":[],"campfire_rested":0,"item_purchase_floors":[],"current_hp_per_floor":[71,60,62,62,67,67,58,61,61,17,17,0],"gold":233,"neow_bonus":"RANDOM_COMMON_RELIC","is_prod":false,"is_daily":false,"chose_seed":false,"campfire_upgraded":1,"win_rate":0,"timestamp":1557562175,"path_taken":["M","?","M","?","?","R","E","M","T","E","?","E"],"build_version":"2019-05-07","purchased_purges":0,"victory":false,"max_hp_per_floor":[75,75,75,75,75,75,75,75,75,75,75,75],"card_choices":[{"not_picked":["Dual Wield","Fire Breathing"],"picked":"Shrug It Off","floor":1},{"not_picked":["Flex","Anger"],"picked":"Flame Barrier","floor":3},{"not_picked":["Perfected Strike","Battle Trance"],"picked":"Iron Wave","floor":5},{"not_picked":["True Grit","Hemokinesis"],"picked":"Battle Trance","floor":7},{"not_picked":["Twin Strike","Evolve"],"picked":"True Grit","floor":8},{"not_picked":["Intimidate","Armaments"],"picked":"Dropkick","floor":10}],"player_experience":1771501,"relics_obtained":[{"floor":7,"key":"Dream Catcher"},{"floor":9,"key":"Bag of Preparation"},{"floor":10,"key":"Frozen Egg 2"}],"event_choices":[{"damage_healed":0,"gold_gain":75,"player_choice":"Gather Gold","damage_taken":11,"max_hp_gain":0,"max_hp_loss":0,"event_name":"World of Goop","floor":2,"gold_loss":0},{"damage_healed":0,"gold_gain":0,"player_choice":"Trade","damage_taken":0,"relics_obtained":["GremlinMask"],"max_hp_gain":0,"max_hp_loss":0,"event_name":"FaceTrader","floor":4,"gold_loss":0},{"damage_healed":0,"gold_gain":0,"player_choice":"Paid Gold","damage_taken":0,"relics_obtained":["Dead Branch"],"max_hp_gain":0,"max_hp_loss":0,"event_name":"WeMeetAgain","floor":11,"gold_loss":53}],"is_beta":true,"boss_relics":[],"items_purged_floors":[],"is_endless":false,"potions_floor_spawned":[1,3],"killed_by":"Gremlin Nob","ascension_level":19}