{"gold_per_floor":[112,112,112,6,19,52,64,110,201,213,235,247,259],"floor_reached":13,"playtime":309,"items_purged":[],"score":232,"play_id":"cd2462be-32de-4088-98eb-2b3efd0c9c17","local_time":"20190515174752","is_ascension_mode":true,"campfire_choices":[{"data":"Coolheaded","floor":7,"key":"SMITH"},{"data":"Double Energy","floor":10,"key":"SMITH"},{"data":"Zap","floor":12,"key":"SMITH"}],"neow_cost":"NONE","seed_source_timestamp":2086812787157519,"circlet_count":0,"master_deck":["AscendersBane","Strike_B","Strike_B","Strike_B","Defend_B","Defend_B","Defend_B","Defend_B","Zap+1","Dualcast","Sweeping Beam+1","Double Energy+1","Compile Driver","Coolheaded+1","White Noise","Compile Driver","Steam"],"relics":["Cracked Core","NeowsBlessing","MawBank","Bag of Preparation","Bottled Flame"],"potions_floor_usage":[13,13],"damage_taken":[{"damage":0,"enemies":"Jaw Worm","floor":1,"turns":1},{"damage":0,"enemies":"Small Slimes","floor":5,"turns":1},{"damage":0,"enemies":"Gremlin Nob","floor":6,"turns":1},{"damage":39,"enemies":"Lagavulin","floor":8,"turns":7},{"damage":0,"enemies":"Cultist","floor":11,"turns":3},{"damage":52,"enemies":"Gremlin Nob","floor":13,"turns":3}],"seed_played":"-3209879174982903950","potions_obtained":[{"floor":8,"key":"SteroidPotion"},{"floor":11,"key":"SkillPotion"}],"is_trial":false,"path_per_floor":["M","?","?","$","M","E","R","E","T","R","M","R","E"],"character_chosen":"DEFECT","items_purchased":["Compile Driver","Coolheaded"],"campfire_rested":0,"item_purchase_floors":[4,4],"current_hp_per_floor":[64,64,64,64,64,64,64,25,25,25,25,25,0],"gold":259,"neow_bonus":"THREE_ENEMY_KILL","is_prod":false,"is_daily":false,"chose_seed":false,"campfire_upgraded":3,"win_rate":0,"timestamp":1557935272,"path_taken":["M","?","?","$","M","E","R","E","T","R","M","R","E"],"build_version":"2019-05-07","purchased_purges":0,"victory":false,"max_hp_per_floor":[71,71,71,71,71,71,71,71,71,71,71,71,71],"card_choices":[{"not_picked":["Beam Cell","Steam Power"],"picked":"Sweeping Beam","floor":1},{"not_picked":["Barrage","Streamline"],"picked":"White Noise","floor":5},{"not_picked":["Undo","Cold Snap"],"picked":"Compile Driver","floor":6},{"not_picked":["Barrage","Machine Learning"],"picked":"Steam","floor":8},{"not_picked":["Cold Snap","Stack","Melter"],"picked":"SKIP","floor":11}],"player_experience":1913530,"relics_obtained":[{"floor":6,"key":"MawBank"},{"floor":8,"key":"Bag of Preparation"},{"floor":9,"key":"Bottled Flame"}],"event_choices":[{"damage_healed":0,"gold_gain":0,"player_choice":"Grow","damage_taken":0,"max_hp_gain":0,"max_hp_loss":0,"event_name":"Living Wall","floor":2,"gold_loss":0,"cards_upgraded":["Sweeping Beam"]},{"damage_healed":0,"gold_gain":0,"cards_transformed":["Strike_B"],"player_choice":"Transformed","damage_taken":0,"max_hp_gain":0,"max_hp_loss":0,"event_name":"Transmorgrifier","floor":3,"gold_loss":0,"cards_obtained":["Double Energy"]}],"is_beta":true,"boss_relics":[],"items_purged_floors":[],"is_endless":false,"potions_floor_spawned":[8,11],"killed_by":"Gremlin Nob","ascension_level":20}