{"gold_per_floor":[114,127,144,158,170,170,189,222,222,249,249,280,293,325,325,429,429,443,455,144,243,27,44,69,69,137,137,152,152],"floor_reached":29,"playtime":1209,"items_purged":["Rainbow","Chaos"],"score":332,"play_id":"39e56181-5978-411f-b5ae-9cbd3bcf3c91","local_time":"20190422135339","is_ascension_mode":true,"campfire_choices":[{"data":"Zap","floor":6,"key":"SMITH"},{"floor":15,"key":"REST"},{"floor":25,"key":"REST"},{"data":"Darkness","floor":27,"key":"SMITH"}],"neow_cost":"NONE","seed_source_timestamp":84658195606243,"circlet_count":0,"master_deck":["Zap+1","Dualcast","Cold Snap","Ball Lightning","Undo+1","Redo+1","FTL","Steam","Streamline","Echo Form+1","Seek","Seek","Reinforced Body","Force Field","Doom and Gloom","Gash","Self Repair+1","Darkness+1","Gash","Sweeping Beam","Gash+1","Defragment+1"],"relics":["Cracked Core","War Paint","The Courier","Cables","Letter Opener","Frozen Egg 2","Pandora\u0027s Box","Question Card","Dream Catcher","Darkstone Periapt","Symbiotic Virus"],"potions_floor_usage":[10,24,24],"damage_taken":[{"damage":0,"enemies":"Small Slimes","floor":1,"turns":3},{"damage":2,"enemies":"Jaw Worm","floor":2,"turns":3},{"damage":0,"enemies":"2 Louse","floor":3,"turns":3},{"damage":12,"enemies":"2 Fungi Beasts","floor":4,"turns":3},{"damage":9,"enemies":"Exordium Thugs","floor":5,"turns":4},{"damage":0,"enemies":"3 Louse","floor":7,"turns":3},{"damage":13,"enemies":"Lagavulin","floor":8,"turns":6},{"damage":14,"enemies":"3 Sentries","floor":10,"turns":7},{"damage":18,"enemies":"Gremlin Nob","floor":12,"turns":3},{"damage":0,"enemies":"Blue Slaver","floor":13,"turns":2},{"damage":4,"enemies":"Lagavulin","floor":14,"turns":4},{"damage":19,"enemies":"Slime Boss","floor":16,"turns":8},{"damage":20,"enemies":"Shell Parasite","floor":18,"turns":4},{"damage":0,"enemies":"Chosen","floor":19,"turns":4},{"damage":25,"enemies":"Snecko","floor":23,"turns":5},{"damage":41,"enemies":"Slavers","floor":24,"turns":5},{"damage":48,"enemies":"Snake Plant","floor":28,"turns":3},{"damage":30,"enemies":"Gremlin Leader","floor":29,"turns":3}],"seed_played":"5592070383896019138","potions_obtained":[{"floor":4,"key":"SteroidPotion"},{"floor":7,"key":"GamblersBrew"},{"floor":8,"key":"Regen Potion"},{"floor":10,"key":"SmokeBomb"},{"floor":14,"key":"FocusPotion"},{"floor":23,"key":"Regen Potion"},{"floor":24,"key":"LiquidBronze"}],"is_trial":false,"path_per_floor":["M","M","M","M","M","R","M","E","T","E","?","E","M","E","R","B",null,"M","M","$","?","$","M","E","R","T","R","M","E"],"character_chosen":"DEFECT","items_purchased":["Gash","Question Card","Sweeping Beam","Dream Catcher"],"campfire_rested":2,"item_purchase_floors":[20,20,22,22],"current_hp_per_floor":[82,80,80,68,59,59,59,46,46,47,47,29,29,25,49,30,82,62,72,72,72,72,57,40,64,64,64,26,0],"gold":152,"neow_bonus":"TEN_PERCENT_HP_BONUS","is_prod":false,"is_daily":false,"chose_seed":false,"campfire_upgraded":2,"win_rate":0,"timestamp":1555934019,"path_taken":["M","M","M","M","M","R","M","E","T","E","?","E","M","E","R","BOSS","M","M","$","?","$","M","E","R","T","R","M","E"],"build_version":"2019-04-21","purchased_purges":2,"victory":false,"max_hp_per_floor":[82,82,82,82,82,82,82,82,82,82,82,82,82,82,82,82,82,82,82,82,82,82,82,82,82,82,82,82,82],"card_choices":[{"not_picked":["Beam Cell","Turbo"],"picked":"Cold Snap","floor":1},{"not_picked":["Cold Snap","Compile Driver"],"picked":"Ball Lightning","floor":2},{"not_picked":["Steam Power","Static Discharge"],"picked":"Undo","floor":3},{"not_picked":["Beam Cell","Steam Power","All For One"],"picked":"SKIP","floor":4},{"not_picked":["Go for the Eyes","Beam Cell","Cold Snap"],"picked":"SKIP","floor":5},{"not_picked":["Conserve Battery","Hologram"],"picked":"Redo","floor":7},{"not_picked":["Coolheaded","Chill"],"picked":"FTL","floor":8},{"not_picked":["Beam Cell","Chaos","Recycle"],"picked":"SKIP","floor":10},{"not_picked":["Compile Driver","Cold Snap","Melter"],"picked":"SKIP","floor":12},{"not_picked":["Rainbow","Gash"],"picked":"Steam","floor":13},{"not_picked":["Gash","Steam"],"picked":"Streamline","floor":14},{"not_picked":["Meteor Strike","Multi-Cast"],"picked":"Echo Form+1","floor":16},{"not_picked":["Sweeping Beam","FTL"],"picked":"Self Repair+1","floor":18},{"not_picked":["Ball Lightning","Streamline"],"picked":"Darkness","floor":19},{"not_picked":["Undo","Rebound","Reinforced Body+1"],"picked":"Gash+1","floor":23},{"not_picked":["Barrage","Gash","Tempest"],"picked":"Defragment+1","floor":24},{"not_picked":["Fission","Fusion+1","Rebound","Sunder"],"picked":"SKIP","floor":28}],"player_experience":1160437,"relics_obtained":[{"floor":8,"key":"War Paint"},{"floor":9,"key":"The Courier"},{"floor":10,"key":"Cables"},{"floor":12,"key":"Letter Opener"},{"floor":14,"key":"Frozen Egg 2"},{"floor":24,"key":"Darkstone Periapt"},{"floor":26,"key":"Symbiotic Virus"}],"event_choices":[{"damage_healed":0,"gold_gain":0,"player_choice":"Grow","damage_taken":0,"max_hp_gain":0,"max_hp_loss":0,"event_name":"Living Wall","floor":11,"gold_loss":0,"cards_upgraded":["Redo"]},{"damage_healed":0,"gold_gain":99,"player_choice":"Stole From Cult","damage_taken":0,"max_hp_gain":0,"max_hp_loss":0,"event_name":"Nest","floor":21,"gold_loss":0}],"is_beta":true,"boss_relics":[{"not_picked":["Runic Dome","Astrolabe"],"picked":"Pandora\u0027s Box"}],"items_purged_floors":[20,22],"is_endless":false,"potions_floor_spawned":[4,7,8,10,14,23,24],"killed_by":"Gremlin Leader","ascension_level":4}