{"gold_per_floor":[118,118,132,307,257,286,286,58,104,104,138,154,154,169,169,245,245,257,64,64,64,64,64,82,94,94,94,94,94,107,118,118,192,192,210,221,27,44,98,124,124,153,153,153,153,153,170,186,186,186],"floor_reached":51,"playtime":2507,"items_purged":["Strike_R"],"score":1210,"play_id":"bba75f85-8b78-4904-b4e0-788ae6985072","local_time":"20190118014524","is_ascension_mode":true,"campfire_choices":[{"floor":10,"key":"REST"},{"floor":13,"key":"REST"},{"data":"Uppercut","floor":15,"key":"SMITH"},{"data":"Armaments","floor":23,"key":"SMITH"},{"data":"Bludgeon","floor":28,"key":"SMITH"},{"floor":32,"key":"REST"},{"floor":41,"key":"REST"},{"floor":44,"key":"REST"},{"floor":49,"key":"REST"}],"neow_cost":"TEN_PERCENT_HP_LOSS","seed_source_timestamp":138343311317699,"circlet_count":0,"master_deck":["AscendersBane","Strike_R","Strike_R","Strike_R","Defend_R","Defend_R+1","Defend_R","Defend_R","Bash","Double Tap+1","Uppercut+1","Dropkick","Battle Trance","Burning Pact","Bludgeon+1","Dual Wield+1","Armaments+1","Parasite","Parasite","Heavy Blade+1","Dark Embrace","Feel No Pain","Panache","Feel No Pain","Shrug It Off","Parasite","Madness","Trip","Shrug It Off","Anger+1"],"relics":["Burning Blood","Pen Nib","Gremlin Horn","Vajra","Blood Vial","War Paint","Cursed Key","PreservedInsect","MutagenicStrength","Du-Vu Doll","Dodecahedron","Runic Pyramid","Incense Burner","Oddly Smooth Stone","Orichalcum","Bottled Tornado"],"potions_floor_usage":[30,33,38,39,50,50],"damage_taken":[{"damage":11,"enemies":"Small Slimes","floor":1,"turns":3},{"damage":1,"enemies":"2 Louse","floor":3,"turns":3},{"damage":50,"enemies":"3 Sentries","floor":6,"turns":9},{"damage":25,"enemies":"Lagavulin","floor":11,"turns":6},{"damage":1,"enemies":"Cultist","floor":12,"turns":3},{"damage":9,"enemies":"Looter","floor":14,"turns":3},{"damage":34,"enemies":"The Guardian","floor":16,"turns":10},{"damage":13,"enemies":"Spheric Guardian","floor":18,"turns":4},{"damage":28,"enemies":"2 Thieves","floor":24,"turns":4},{"damage":7,"enemies":"3 Cultists","floor":25,"turns":4},{"damage":22,"enemies":"Sentry and Sphere","floor":30,"turns":4},{"damage":41,"enemies":"Centurion and Healer","floor":31,"turns":4},{"damage":28,"enemies":"Collector","floor":33,"turns":6},{"damage":24,"enemies":"3 Darklings","floor":35,"turns":5},{"damage":0,"enemies":"3 Shapes","floor":36,"turns":3},{"damage":0,"enemies":"Jaw Worm Horde","floor":38,"turns":2},{"damage":22,"enemies":"2 Orb Walkers","floor":39,"turns":3},{"damage":38,"enemies":"Nemesis","floor":40,"turns":5},{"damage":23,"enemies":"Giant Head","floor":42,"turns":6},{"damage":0,"enemies":"Transient","floor":47,"turns":5},{"damage":8,"enemies":"Sphere and 2 Shapes","floor":48,"turns":4},{"damage":50,"enemies":"Time Eater","floor":50,"turns":8}],"seed_played":"2895782015819508822","potions_obtained":[{"floor":1,"key":"GamblersBrew"},{"floor":11,"key":"Weak Potion"},{"floor":30,"key":"SteroidPotion"},{"floor":33,"key":"Energy Potion"},{"floor":47,"key":"Energy Potion"},{"floor":48,"key":"PowerPotion"}],"is_trial":false,"path_per_floor":["M","?","M","?","?","E","?","$","T","R","E","M","R","M","R","B",null,"M","$","?","?","T","R","M","M","T","?","R","?","M","M","R","B",null,"M","M","$","M","?","E","R","E","T","R","?","?","M","M","R","B",null],"character_chosen":"IRONCLAD","items_purchased":["Vajra","PreservedInsect","Armaments","Panache"],"campfire_rested":6,"item_purchase_floors":[8,19,19,37],"current_hp_per_floor":[67,60,65,65,65,21,14,14,14,35,18,25,46,45,45,19,59,54,54,54,54,54,54,34,35,35,59,59,59,45,12,33,13,57,41,49,49,57,43,13,34,19,19,40,40,35,43,43,64,22],"gold":186,"neow_bonus":"THREE_RARE_CARDS","is_prod":false,"is_daily":false,"chose_seed":false,"campfire_upgraded":3,"win_rate":0,"timestamp":1547793924,"path_taken":["M","?","M","?","?","E","?","?","T","R","E","?","R","M","R","BOSS","M","$","?","?","?","R","?","M","T","?","R","?","M","M","R","BOSS","M","M","$","M","?","E","R","E","T","R","?","?","M","M","R","BOSS"],"build_version":"2019-01-17","purchased_purges":1,"victory":true,"max_hp_per_floor":[72,72,72,72,72,72,72,72,72,72,72,72,72,72,72,72,72,72,72,72,72,72,72,72,72,72,72,72,72,72,72,72,72,72,72,72,72,72,72,72,72,72,72,72,72,72,72,72,72,72],"card_choices":[{"not_picked":["Fiend Fire","Exhume"],"picked":"Double Tap","floor":0},{"not_picked":["Seeing Red","Anger"],"picked":"Uppercut","floor":1},{"not_picked":["Perfected Strike","Searing Blow"],"picked":"Dropkick","floor":3},{"not_picked":["Fire Breathing","Body Slam"],"picked":"Inflame","floor":6},{"not_picked":["Warcry","Clothesline"],"picked":"Battle Trance","floor":11},{"not_picked":["Dual Wield","True Grit","Clash"],"picked":"SKIP","floor":12},{"not_picked":["Searing Blow","True Grit"],"picked":"Burning Pact","floor":14},{"not_picked":["Berserk","Double Tap"],"picked":"Bludgeon","floor":16},{"not_picked":["Sentinel","Cleave"],"picked":"Dual Wield+1","floor":18},{"not_picked":["Rampage","True Grit","Havoc"],"picked":"SKIP","floor":24},{"not_picked":["Anger","Blood for Blood+1","Clothesline"],"picked":"SKIP","floor":25},{"not_picked":["Perfected Strike","Armaments","Reckless Charge"],"picked":"SKIP","floor":30},{"not_picked":["Wild Strike","Iron Wave+1"],"picked":"Heavy Blade+1","floor":31},{"not_picked":["Immolate","Bludgeon"],"picked":"Dark Embrace","floor":33},{"not_picked":["Twin Strike+1","Pommel Strike","Entrench"],"picked":"SKIP","floor":35},{"not_picked":["Combust+1","Clothesline"],"picked":"Feel No Pain","floor":36},{"not_picked":["Heavy Blade","Anger","Pummel+1"],"picked":"SKIP","floor":38},{"not_picked":["Cleave","Hemokinesis"],"picked":"Feel No Pain","floor":39},{"not_picked":["Metallicize","Body Slam+1","Whirlwind+1"],"picked":"SKIP","floor":40},{"not_picked":["Carnage","Body Slam+1"],"picked":"Shrug It Off","floor":42},{"not_picked":["Transmutation","Mind Blast"],"picked":"Madness","floor":46},{"not_picked":["Mind Blast","Dramatic Entrance"],"picked":"Trip","floor":46},{"not_picked":["Disarm","Iron Wave"],"picked":"Shrug It Off","floor":47},{"not_picked":["True Grit","Second Wind"],"picked":"Anger+1","floor":48}],"player_experience":1788152,"relics_obtained":[{"floor":6,"key":"Pen Nib"},{"floor":9,"key":"Blood Vial"},{"floor":11,"key":"War Paint"},{"floor":22,"key":"Du-Vu Doll"},{"floor":26,"key":"Dodecahedron"},{"floor":39,"key":"Incense Burner"},{"floor":40,"key":"Oddly Smooth Stone"},{"floor":42,"key":"Orichalcum"},{"floor":43,"key":"Bottled Tornado"}],"event_choices":[{"cards_removed":["Strike_R"],"damage_healed":0,"gold_gain":0,"player_choice":"Card Removal","damage_taken":7,"max_hp_gain":0,"max_hp_loss":0,"event_name":"Golden Wing","floor":2,"gold_loss":0},{"damage_healed":0,"gold_gain":175,"player_choice":"AGREE","damage_taken":0,"max_hp_gain":0,"max_hp_loss":0,"event_name":"Liars Game","floor":4,"gold_loss":0,"cards_obtained":["Doubt"]},{"cards_removed":["Doubt"],"damage_healed":0,"gold_gain":0,"player_choice":"Card Removal","damage_taken":0,"max_hp_gain":0,"max_hp_loss":0,"event_name":"The Cleric","floor":5,"gold_loss":50},{"damage_healed":0,"gold_gain":0,"player_choice":"Success","damage_taken":7,"relics_obtained":["Gremlin Horn"],"max_hp_gain":0,"max_hp_loss":0,"event_name":"Scrap Ooze","floor":7,"gold_loss":0},{"damage_healed":0,"gold_gain":0,"player_choice":"Inject Mutagens","damage_taken":0,"relics_obtained":["MutagenicStrength"],"max_hp_gain":0,"max_hp_loss":0,"event_name":"Drug Dealer","floor":20,"gold_loss":0},{"damage_healed":0,"gold_gain":0,"player_choice":"Ignored","damage_taken":0,"max_hp_gain":0,"max_hp_loss":0,"event_name":"Beggar","floor":21,"gold_loss":0},{"damage_healed":24,"gold_gain":0,"player_choice":"Heal","damage_taken":0,"max_hp_gain":0,"max_hp_loss":0,"event_name":"The Library","floor":27,"gold_loss":0},{"damage_healed":0,"gold_gain":0,"player_choice":"Ignored","damage_taken":0,"max_hp_gain":0,"max_hp_loss":0,"event_name":"Fountain of Cleansing","floor":29,"gold_loss":0},{"damage_healed":0,"gold_gain":0,"player_choice":"Fight","damage_taken":0,"max_hp_gain":0,"max_hp_loss":0,"event_name":"Mysterious Sphere","floor":39,"gold_loss":0},{"cards_removed":["Inflame"],"damage_healed":0,"gold_gain":0,"player_choice":"Removed Power","damage_taken":0,"max_hp_gain":0,"max_hp_loss":0,"event_name":"Falling","floor":45,"gold_loss":0},{"damage_healed":0,"gold_gain":0,"player_choice":"Memory 2","damage_taken":5,"max_hp_gain":0,"max_hp_loss":0,"event_name":"SensoryStone","floor":46,"gold_loss":0}],"is_beta":false,"boss_relics":[{"not_picked":["Pandora\u0027s Box","Eternal Feather"],"picked":"Cursed Key"},{"not_picked":["Philosopher\u0027s Stone","Orrery"],"picked":"Runic Pyramid"}],"items_purged_floors":[8],"is_endless":false,"potions_floor_spawned":[1,11,16,18,30,33,36,47,48],"ascension_level":13}