{"gold_per_floor":[114,114,39,51,63,96,96,126,195,195,208,208,228,228,228,327,327,346,346,140,153,168,198,215,215],"floor_reached":25,"playtime":1883,"items_purged":["Regret"],"score":283,"play_id":"f1b0ae23-6958-444a-89c4-ab4769cad2b0","local_time":"20180716232431","is_ascension_mode":false,"campfire_choices":[{"data":"Corruption","floor":7,"key":"SMITH"},{"data":"Rage","floor":10,"key":"SMITH"},{"data":"Cleave","floor":12,"key":"SMITH"},{"data":"Fire Breathing","floor":15,"key":"SMITH"}],"neow_cost":"FIFTY_PERCENT_DAMAGE","seed_source_timestamp":836037011266103,"circlet_count":0,"master_deck":["Strike_R","Strike_R","Strike_R","Strike_R","Strike_R","Defend_R","Defend_R","Defend_R","Defend_R","Bash","Cleave+1","True Grit","Corruption+1","Rage+1","Fire Breathing+1","Barricade","Flex","Havoc","Inflame+1","Second Wind","Entrench","Dark Embrace"],"relics":["Burning Blood","Gambling Chip","Dead Branch","Omamori","Bag of Preparation","Bottled Lightning","Mercury Hourglass","Mark of Pain","Bag of Marbles","Calipers"],"potions_floor_usage":[8,11,16,16,22,24],"damage_taken":[{"damage":0,"enemies":"2 Louse","floor":1,"turns":3},{"damage":1,"enemies":"Jaw Worm","floor":4,"turns":3},{"damage":1,"enemies":"Cultist","floor":5,"turns":3},{"damage":3,"enemies":"3 Sentries","floor":6,"turns":4},{"damage":13,"enemies":"Lagavulin","floor":8,"turns":4},{"damage":0,"enemies":"Large Slime","floor":11,"turns":4},{"damage":10,"enemies":"Exordium Thugs","floor":13,"turns":4},{"damage":3,"enemies":"Slime Boss","floor":16,"turns":7},{"damage":27,"enemies":"Spheric Guardian","floor":18,"turns":6},{"damage":3,"enemies":"Chosen","floor":21,"turns":4},{"damage":35,"enemies":"Centurion and Healer","floor":22,"turns":5},{"damage":22,"enemies":"Book of Stabbing","floor":23,"turns":3},{"damage":1,"enemies":"Chosen and Byrds","floor":24,"turns":4},{"damage":27,"enemies":"Slaver and Parasite","floor":25,"turns":2}],"seed_played":"-3526514070428799923","potions_obtained":[{"floor":1,"key":"AttackPotion"},{"floor":4,"key":"Explosive Potion"},{"floor":11,"key":"FearPotion"},{"floor":13,"key":"AttackPotion"},{"floor":18,"key":"Poison Potion"},{"floor":23,"key":"AttackPotion"}],"is_trial":false,"path_per_floor":["M","?","$","M","M","E","R","E","T","R","M","R","M","T","R","B",null,"M","?","$","M","M","E","M"],"character_chosen":"IRONCLAD","items_purchased":["Havoc","Bag of Marbles"],"campfire_rested":0,"item_purchase_floors":[20,20],"current_hp_per_floor":[46,46,46,51,56,59,59,52,52,52,61,61,57,57,57,60,83,62,46,46,49,32,16,21,0],"gold":215,"neow_bonus":"ONE_RARE_RELIC","is_prod":false,"is_daily":false,"chose_seed":false,"campfire_upgraded":4,"win_rate":0,"timestamp":1531797871,"path_taken":["M","?","$","M","M","E","R","E","T","R","M","R","M","?","R","BOSS","M","?","$","M","?","E","M","M"],"build_version":"2018-07-12","purchased_purges":1,"victory":false,"max_hp_per_floor":[80,80,80,80,80,80,80,80,80,80,83,83,83,83,83,83,83,83,88,88,88,88,88,88,88],"card_choices":[{"not_picked":["Ghostly Armor","Perfected Strike"],"picked":"Cleave","floor":1},{"not_picked":["Perfected Strike","Clothesline"],"picked":"True Grit","floor":4},{"not_picked":["Wild Strike","Rampage"],"picked":"Corruption","floor":5},{"not_picked":["True Grit","Pommel Strike"],"picked":"Rage","floor":6},{"not_picked":["Bloodletting","Headbutt","Sword Boomerang"],"picked":"SKIP","floor":8},{"not_picked":["Anger","Havoc","Clothesline"],"picked":"SKIP","floor":11},{"not_picked":["Headbutt","Rage"],"picked":"Fire Breathing","floor":13},{"not_picked":["Limit Break","Immolate"],"picked":"Barricade","floor":16},{"not_picked":["Iron Wave","Thunderclap"],"picked":"Flex","floor":18},{"not_picked":["Havoc+1","Rampage"],"picked":"Inflame+1","floor":21},{"not_picked":["Rupture","Shrug It Off"],"picked":"Second Wind","floor":22},{"not_picked":["Combust","Body Slam+1"],"picked":"Entrench","floor":23},{"not_picked":["Searing Blow","Cleave"],"picked":"Dark Embrace","floor":24}],"player_experience":301625,"relics_obtained":[{"floor":6,"key":"Omamori"},{"floor":8,"key":"Bag of Preparation"},{"floor":9,"key":"Bottled Lightning"},{"floor":14,"key":"Mercury Hourglass"},{"floor":23,"key":"Calipers"}],"event_choices":[{"event_name":"Big Fish","player_choice":"Box","floor":2,"damage_taken":0},{"event_name":"Forgotten Altar","player_choice":"Shed Blood","floor":19,"damage_taken":0}],"boss_relics":[{"not_picked":["Runic Cube","Velvet Choker"],"picked":"Mark of Pain"}],"items_purged_floors":[3],"is_endless":false,"potions_floor_spawned":[1,4,11,13,18,23],"killed_by":"Slaver and Parasite","ascension_level":0}