{"gold_per_floor":[110,260,274,199,199,232,232,267,290,16,31,31,49,49],"floor_reached":14,"playtime":310,"items_purged":[],"score":246,"play_id":"6b3731df-09ee-4c40-8435-d87488ffdd55","local_time":"20190515174010","is_ascension_mode":true,"campfire_choices":[{"data":"Zap","floor":7,"key":"SMITH"},{"floor":12,"key":"REST"}],"neow_cost":"NONE","seed_source_timestamp":2086349064275400,"circlet_count":0,"master_deck":["AscendersBane","Strike_B","Strike_B","Strike_B","Strike_B","Defend_B","Defend_B","Defend_B","Defend_B","Zap+1","Dualcast","Genetic Algorithm","Capacitor+1","Capacitor","Skim","Barrage","Go for the Eyes"],"relics":["Cracked Core","NeowsBlessing","Potion Belt","Vajra","Happy Flower","Membership Card"],"potions_floor_usage":[8,14],"damage_taken":[{"damage":0,"enemies":"Cultist","floor":1,"turns":1},{"damage":0,"enemies":"2 Louse","floor":3,"turns":1},{"damage":0,"enemies":"Gremlin Nob","floor":6,"turns":1},{"damage":44,"enemies":"3 Sentries","floor":8,"turns":8},{"damage":7,"enemies":"Small Slimes","floor":11,"turns":4},{"damage":16,"enemies":"Blue Slaver","floor":13,"turns":5},{"damage":18,"enemies":"Red Slaver","floor":14,"turns":3}],"seed_played":"2512323771206020472","potions_obtained":[{"floor":6,"key":"AttackPotion"},{"floor":8,"key":"PowerPotion"}],"is_trial":false,"path_per_floor":["M","?","M","?","?","E","R","E","T","$","M","R","M","M"],"character_chosen":"DEFECT","items_purchased":["Membership Card","Skim"],"campfire_rested":1,"item_purchase_floors":[10,10],"current_hp_per_floor":[64,64,64,64,64,64,64,20,20,20,13,34,18,0],"gold":49,"neow_bonus":"THREE_ENEMY_KILL","is_prod":false,"is_daily":false,"chose_seed":false,"campfire_upgraded":1,"win_rate":0,"timestamp":1557934810,"path_taken":["M","?","M","?","?","E","R","E","T","?","M","R","M","M"],"build_version":"2019-05-07","purchased_purges":0,"victory":false,"max_hp_per_floor":[71,71,71,71,71,71,71,71,71,71,71,71,71,71],"card_choices":[{"not_picked":["Gash","Hologram"],"picked":"Genetic Algorithm","floor":1},{"not_picked":["Go for the Eyes","Stack"],"picked":"Capacitor","floor":3},{"not_picked":["Machine Learning","Storm","Stack"],"picked":"SKIP","floor":6},{"not_picked":["Steam","Tempest"],"picked":"Capacitor","floor":8},{"not_picked":["Rebound","BootSequence"],"picked":"Barrage","floor":11},{"not_picked":["Force Field","Beam Cell"],"picked":"Go for the Eyes","floor":13}],"player_experience":1913220,"relics_obtained":[{"floor":6,"key":"Potion Belt"},{"floor":8,"key":"Vajra"},{"floor":9,"key":"Happy Flower"}],"event_choices":[{"damage_healed":0,"gold_gain":150,"player_choice":"AGREE","damage_taken":0,"max_hp_gain":0,"max_hp_loss":0,"event_name":"Liars Game","floor":2,"gold_loss":0,"cards_obtained":["Doubt"]},{"cards_removed":["Doubt"],"damage_healed":0,"gold_gain":0,"player_choice":"Card Removal","damage_taken":0,"max_hp_gain":0,"max_hp_loss":0,"event_name":"The Cleric","floor":4,"gold_loss":75},{"damage_healed":0,"gold_gain":0,"player_choice":"Grow","damage_taken":0,"max_hp_gain":0,"max_hp_loss":0,"event_name":"Living Wall","floor":5,"gold_loss":0,"cards_upgraded":["Capacitor"]}],"is_beta":true,"boss_relics":[],"items_purged_floors":[],"is_endless":false,"potions_floor_spawned":[6,8],"killed_by":"Red Slaver","ascension_level":20}