{"gold_per_floor":[113,60,60,235,254,271,68,18,18,52,52,63,63,75,75,172,172,97,108,108,108,123,123,123,148,197,122,140,140,154,174,174,274,274,284,35,35,35,47,82,82,111,163,192,202,218,218,70,70,70],"floor_reached":50,"playtime":3128,"items_purged":["Writhe","Strike_B"],"score":683,"play_id":"60423cbc-a801-4f26-8f8a-3388fb6c08da","local_time":"20180914235452","is_ascension_mode":true,"campfire_choices":[{"floor":11.0,"key":"REST"},{"floor":15.0,"key":"REST"},{"floor":23.0,"key":"REST"},{"floor":29.0,"key":"REST"},{"data":"Apotheosis","floor":32.0,"key":"SMITH"},{"floor":41,"key":"REST"},{"floor":49,"key":"REST"}],"neow_cost":"PERCENT_DAMAGE","seed_source_timestamp":0,"circlet_count":0,"master_deck":["Strike_B","Strike_B+1","Defend_B","Defend_B+1","Defend_B","Zap","Dualcast","Steam","Streamline","Redo","Storm","Apotheosis+1","Leap","Loop","Amplify","FTL","Streamline+1","Undo","White Noise","Heatsinks","Self Repair","Doom and Gloom","Leap+1","Madness","Madness","Conserve Battery","Leap+1","Electrodynamics","Chaos","Steam+1","Buffer"],"special_seed":0,"relics":["Cracked Core","Bottled Flame","Orichalcum","Sozu","Bag of Preparation","Enchiridion","Bronze Scales","Lantern","Eternal Feather","PreservedInsect","Question Card","Bottled Tornado","Oddly Smooth Stone","Centennial Puzzle"],"potions_floor_usage":[50],"damage_taken":[{"damage":1.0,"enemies":"Cultist","floor":1.0,"turns":4.0},{"damage":3.0,"enemies":"Small Slimes","floor":5.0,"turns":3.0},{"damage":9.0,"enemies":"Jaw Worm","floor":6.0,"turns":3.0},{"damage":24.0,"enemies":"Gremlin Nob","floor":10.0,"turns":4.0},{"damage":0.0,"enemies":"Large Slime","floor":12.0,"turns":5.0},{"damage":1.0,"enemies":"Blue Slaver","floor":14.0,"turns":3.0},{"damage":34.0,"enemies":"Slime Boss","floor":16.0,"turns":12.0},{"damage":16.0,"enemies":"2 Thieves","floor":18.0,"turns":5.0},{"damage":5.0,"enemies":"Spheric Guardian","floor":19.0,"turns":3.0},{"damage":20.0,"enemies":"Snake Plant","floor":22.0,"turns":3.0},{"damage":12.0,"enemies":"Gremlin Leader","floor":25.0,"turns":4.0},{"damage":21.0,"enemies":"Sentry and Sphere","floor":28.0,"turns":3.0},{"damage":0.0,"enemies":"Snecko","floor":30.0,"turns":3.0},{"damage":0.0,"enemies":"3 Cultists","floor":31.0,"turns":3.0},{"damage":92.0,"enemies":"Champ","floor":33.0,"turns":9.0},{"damage":21.0,"enemies":"3 Darklings","floor":35.0,"turns":4.0},{"damage":0,"enemies":"3 Shapes","floor":39,"turns":3},{"damage":42,"enemies":"Giant Head","floor":40,"turns":7},{"damage":53,"enemies":"Nemesis","floor":42,"turns":7},{"damage":36,"enemies":"2 Orb Walkers","floor":44,"turns":3},{"damage":17,"enemies":"Reptomancer","floor":45,"turns":5},{"damage":16,"enemies":"3 Darklings","floor":46,"turns":3},{"damage":52,"enemies":"Donu and Deca","floor":50,"turns":6}],"seed_played":"834716799913354440","potions_obtained":[{"floor":6.0,"key":"Strength Potion"},{"floor":10.0,"key":"Weak Potion"},{"floor":14.0,"key":"Dexterity Potion"}],"is_trial":false,"path_per_floor":["M","$","?","?","M","M","$","?","T","E","R","M","?","M","R","B",null,"M","M","?","?","M","R","?","E","T","$","M","R","M","M","R","B",null,"M","$","?","$","M","E","R","E","T","E","M","M","?","$","R"],"character_chosen":"DEFECT","items_purchased":["Streamline","Apotheosis","PreservedInsect","Buffer"],"campfire_rested":6,"item_purchase_floors":[2,7,36,48],"current_hp_per_floor":[64,64,46,46,43,34,34,34,34,10,36,36,41,40,68,34,94,78,73,73,73,53,81,65,63,63,63,52,80,90,94,94,22,94,83,83,71,71,78,46,89,50,50,21,18,2,2,2,48,0],"gold":70,"neow_bonus":"TWENTY_PERCENT_HP_BONUS","is_prod":false,"is_daily":false,"chose_seed":false,"campfire_upgraded":1,"win_rate":0,"timestamp":1536983692,"path_taken":["M","?","?","?","?","M","$","?","T","E","R","M","?","M","R","BOSS","M","?","?","?","M","R","?","E","T","$","?","R","M","M","R","BOSS","M","$","?","?","M","E","R","E","T","E","M","M","?","$","R","BOSS"],"build_version":"2018-09-06","purchased_purges":2,"victory":false,"max_hp_per_floor":[89,89,89,89,89,89,89,89,89,89,89,89,94,94,94,94,94,94,94,94,94,94,94,94,94,94,94,94,94,94,94,94,94,94,94,94,94,94,94,94,94,94,94,94,94,94,94,94,94,94],"card_choices":[{"not_picked":["Cold Snap","Compile Driver"],"picked":"Steam","floor":1.0},{"not_picked":["Hologram","Streamline"],"picked":"Redo","floor":5.0},{"not_picked":["Steam","Tempest"],"picked":"Storm","floor":6.0},{"not_picked":["Reprogram","Cold Snap"],"picked":"Leap","floor":10.0},{"not_picked":["Rebound","Stack"],"picked":"Loop","floor":12.0},{"not_picked":["Steam","Stack"],"picked":"Amplify","floor":14.0},{"not_picked":["All For One","Rainbow"],"picked":"Fission","floor":16.0},{"not_picked":["Steam","Redo"],"picked":"FTL","floor":18.0},{"not_picked":["Rip and Tear","Stack"],"picked":"Streamline+1","floor":19.0},{"not_picked":["Machine Learning","Turbo"],"picked":"Self Repair","floor":22.0},{"not_picked":["Cold Snap","Ball Lightning+1"],"picked":"Doom and Gloom","floor":25.0},{"not_picked":["Ball Lightning","Steam"],"picked":"Leap+1","floor":28.0},{"not_picked":["Leap","Stack","Cold Snap"],"picked":"SKIP","floor":30.0},{"not_picked":["Rip and Tear+1","Compile Driver+1","Turbo"],"picked":"SKIP","floor":31.0},{"not_picked":["Hyperbeam","Reboot"],"picked":"Core Surge","floor":33.0},{"not_picked":["Gash","Leap","Sweeping Beam+1"],"picked":"SKIP","floor":35.0},{"not_picked":["BootSequence","Redo+1"],"picked":"Conserve Battery","floor":39},{"not_picked":["Streamline+1","Sweeping Beam+1"],"picked":"Leap+1","floor":40},{"not_picked":["White Noise","Auto Shields+1","Ball Lightning+1"],"picked":"Electrodynamics","floor":42},{"not_picked":["Self Repair+1","Undo+1","Beam Cell+1"],"picked":"Chaos","floor":44},{"not_picked":["Stack","Cold Snap+1","Undo"],"picked":"Steam+1","floor":45},{"not_picked":["Hologram","Barrage","Heatsinks","Compile Driver"],"picked":"SKIP","floor":46}],"player_experience":808916,"relics_obtained":[{"floor":9.0,"key":"Bottled Flame"},{"floor":10.0,"key":"Orichalcum"},{"floor":24.0,"key":"Enchiridion"},{"floor":25.0,"key":"Bronze Scales"},{"floor":26.0,"key":"Lantern"},{"floor":40,"key":"Question Card"},{"floor":42,"key":"Bottled Tornado"},{"floor":43,"key":"Oddly Smooth Stone"},{"floor":44,"key":"Centennial Puzzle"}],"event_choices":[{"event_name":"Shining Light","player_choice":"Entered Light","floor":3.0,"damage_taken":0.0},{"event_name":"Liars Game","player_choice":"agreed","floor":4.0,"damage_taken":0.0},{"event_name":"The Cleric","player_choice":"Card Removal","floor":8.0,"damage_taken":0.0},{"event_name":"Big Fish","player_choice":"Donut","floor":13.0,"damage_taken":0.0},{"event_name":"The Mausoleum","player_choice":"Yes","floor":20.0,"damage_taken":0.0},{"event_name":"Drug Dealer","player_choice":"Became Test Subject","floor":21.0,"damage_taken":0.0},{"event_name":"Cursed Tome","player_choice":"Obtained Book","floor":24.0,"damage_taken":0.0},{"event_name":"Winding Halls","player_choice":"Embrace Madness","floor":37.0,"damage_taken":0.0},{"event_name":"Falling","player_choice":"Removed Attack","floor":47,"damage_taken":0}],"is_beta":false,"boss_relics":[{"not_picked":["Snecko Eye","Pandora\u0027s Box"],"picked":"Sozu"},{"not_picked":["Coffee Dripper","White Beast Statue"],"picked":"Eternal Feather"}],"items_purged_floors":[27,36],"is_endless":false,"potions_floor_spawned":[6,10,14,19,28,33,42,45],"killed_by":"Donu and Deca","ascension_level":4}