{"path_per_floor":["M","M","M","M","$","R","E","M","T","$","?","M","R","?","R","B",null,"M","M","M"],"character_chosen":"IRONCLAD","items_purchased":["Block Potion"],"gold_per_floor":[117,128,141,159,32,32,66,79,106,6,81,97,97,97,97,201,201,213,223,233],"floor_reached":21,"campfire_rested":1,"playtime":871,"current_hp_per_floor":[69,67,75,68,68,68,34,36,36,36,25,23,47,47,47,27,67,69,47,16],"items_purged":["Defend_R","Strike_R"],"gold":233,"score":229,"play_id":"eaacec34-8330-4354-9502-8bf1d177c6aa","is_prod":false,"is_daily":false,"is_ascension_mode":true,"campfire_upgraded":2,"path_taken":["M","M","M","M","?","R","E","M","T","$","?","M","R","?","R","BOSS","M","M","M","M"],"build_version":"2018-02-08-PROD1","purchased_purges":2,"victory":false,"master_deck":["Strike_R","Strike_R","Strike_R","Defend_R","Defend_R","Defend_R","Bash+1","Whirlwind+1","Disarm","Iron Wave","Ghostly Armor","Infernal Blade","Clothesline+1","Thunderclap","Offering","Normality","Injury","Injury","Armaments+1","Pommel Strike+1","Bloodletting"],"max_hp_per_floor":[80,80,80,80,80,80,80,80,80,80,80,80,80,80,80,80,80,80,80,80],"relics":["Burning Blood","Bird Faced Urn","Vajra","Calling Bell","Molten Egg 2","Pantograph","Dead Branch"],"card_choices":[{"not_picked":["Twin Strike","Armaments"],"picked":"Whirlwind"},{"not_picked":["Armaments","Burning Pact"],"picked":"Disarm"},{"not_picked":["Inflame","Whirlwind"],"picked":"Iron Wave"},{"not_picked":["Rupture","Wild Strike"],"picked":"Ghostly Armor"},{"not_picked":["Combust","Whirlwind"],"picked":"Infernal Blade"},{"not_picked":["Disarm","Havoc"],"picked":"Clothesline"},{"not_picked":["Fire Breathing","Spot Weakness"],"picked":"Thunderclap"},{"not_picked":["Fiend Fire","Reaper"],"picked":"Offering"},{"not_picked":["Inflame","Bloodletting"],"picked":"Armaments"},{"not_picked":["Searing Blow","Thunderclap"],"picked":"Pommel Strike"},{"not_picked":["Armaments","Pommel Strike"],"picked":"Bloodletting"}],"player_experience":508211,"potions_floor_usage":[3,7,16,16,19,20,21],"damage_taken":[{"damage":17,"enemies":"Blue Slaver","floor":1,"turns":6},{"damage":8,"enemies":"2 Louse","floor":2,"turns":2},{"damage":13,"enemies":"Cultist","floor":3,"turns":6},{"damage":13,"enemies":"2 Fungi Beasts","floor":4,"turns":4},{"damage":40,"enemies":"Lagavulin","floor":7,"turns":6},{"damage":4,"enemies":"Red Slaver","floor":8,"turns":5},{"damage":8,"enemies":"3 Louse","floor":12,"turns":2},{"damage":26,"enemies":"Hexaghost","floor":16,"turns":9},{"damage":4,"enemies":"3 Byrds","floor":18,"turns":3},{"damage":28,"enemies":"2 Thieves","floor":19,"turns":3},{"damage":37,"enemies":"Snake Plant","floor":20,"turns":5},{"damage":32,"enemies":"3 Cultists","floor":21,"turns":4}],"event_choices":[{"event_name":"World of Goop","player_choice":"Gather Gold","floor":11,"damage_taken":0},{"event_name":"Purifier","player_choice":"One Purge","floor":14,"damage_taken":0}],"boss_relics":[{"not_picked":["Tiny House","Runic Dome"],"picked":"Calling Bell"}],"potions_floor_spawned":[1,8,12,16,19,20],"seed_played":"-1051542055735406702","killed_by":"3 Cultists","ascension_level":5,"is_trial":false}