{"gold_per_floor":[113,130,206,226,238,238,257,257,283,283,294,294,319,160,160,233,233,244,261,279,52,52,52,70,70,70,70,100,120,120,131,131,208,208,228,277,297,297,307,307,307],"floor_reached":41,"playtime":1511,"items_purged":["Strike_B","Strike_B"],"score":791,"play_id":"c265308f-b497-45c9-9942-3d0766a8fa92","local_time":"20190410230637","is_ascension_mode":true,"campfire_choices":[{"data":"Zap","floor":6,"key":"SMITH"},{"data":"Chaos","floor":8,"key":"SMITH"},{"data":"Conserve Battery","floor":10,"key":"SMITH"},{"data":"Defragment","floor":15,"key":"SMITH"},{"floor":23,"key":"REST"},{"floor":25,"key":"REST"},{"floor":32,"key":"REST"},{"floor":40,"key":"REST"}],"neow_cost":"NONE","seed_source_timestamp":391640801807100,"circlet_count":0,"master_deck":["AscendersBane","Defend_B","Defend_B","Zap+1","Dualcast+1","Undo","Conserve Battery+1","Ball Lightning+1","Barrage+1","Chaos+1","Static Discharge","BootSequence","Defragment+1","Gash+1","All For One+1","Gash+1","Machine Learning","Go for the Eyes+1","FTL+1","Go for the Eyes+1","Rebound+1","Electrodynamics","Compile Driver+1","Beam Cell+1","Ball Lightning+1","All For One+1","Static Discharge","Gash+1","Defragment","Defragment+1","Scrape+1","Redo"],"relics":["Cracked Core","Molten Egg 2","Pen Nib","Vajra","White Beast Statue","MutagenicStrength","Symbiotic Virus","Dream Catcher","Bag of Preparation","Empty Cage","Prayer Wheel"],"potions_floor_usage":[16,20,29,33,33,41,41],"damage_taken":[{"damage":1,"enemies":"Cultist","floor":1,"turns":3},{"damage":3,"enemies":"Small Slimes","floor":2,"turns":3},{"damage":9,"enemies":"2 Louse","floor":4,"turns":2},{"damage":9,"enemies":"Red Slaver","floor":5,"turns":3},{"damage":0,"enemies":"Looter","floor":7,"turns":3},{"damage":3,"enemies":"Blue Slaver","floor":11,"turns":4},{"damage":18,"enemies":"3 Sentries","floor":13,"turns":5},{"damage":0,"enemies":"Slime Boss","floor":16,"turns":7},{"damage":12,"enemies":"3 Byrds","floor":18,"turns":4},{"damage":21,"enemies":"Spheric Guardian","floor":19,"turns":4},{"damage":11,"enemies":"Snake Plant","floor":20,"turns":4},{"damage":17,"enemies":"3 Cultists","floor":24,"turns":5},{"damage":6,"enemies":"Gremlin Leader","floor":28,"turns":5},{"damage":13,"enemies":"Snecko","floor":29,"turns":3},{"damage":0,"enemies":"Cultist and Chosen","floor":31,"turns":3},{"damage":21,"enemies":"Champ","floor":33,"turns":6},{"damage":4,"enemies":"3 Shapes","floor":35,"turns":3},{"damage":17,"enemies":"2 Orb Walkers","floor":36,"turns":3},{"damage":0,"enemies":"Orb Walker","floor":37,"turns":2},{"damage":26,"enemies":"3 Darklings","floor":39,"turns":3},{"damage":45,"enemies":"Giant Head","floor":41,"turns":5}],"seed_played":"3406328214775575740","potions_obtained":[{"floor":1,"key":"EssenceOfSteel"},{"floor":5,"key":"Poison Potion"},{"floor":18,"key":"Explosive Potion"},{"floor":19,"key":"SkillPotion"},{"floor":20,"key":"FearPotion"},{"floor":24,"key":"Energy Potion"},{"floor":28,"key":"Strength Potion"},{"floor":29,"key":"SpeedPotion"},{"floor":31,"key":"FocusPotion"},{"floor":33,"key":"SpeedPotion"},{"floor":35,"key":"EssenceOfSteel"},{"floor":36,"key":"Fire Potion"}],"is_trial":false,"path_per_floor":["M","M","T","M","M","R","M","R","T","R","M","?","E","$","R","B",null,"M","M","M","$","?","R","M","R","T","?","E","M","?","M","R","B",null,"M","?","M","?","M","R","E"],"character_chosen":"DEFECT","items_purchased":["Defragment","Gash+1","FTL+1","Go for the Eyes+1"],"campfire_rested":4,"item_purchase_floors":[14,14,21,21],"current_hp_per_floor":[63,60,60,51,42,42,42,42,42,42,39,39,21,21,21,21,59,47,26,15,15,15,36,19,40,40,40,34,21,21,21,42,21,59,55,38,38,38,12,33,0],"gold":307,"neow_bonus":"UPGRADE_CARD","is_prod":false,"is_daily":false,"chose_seed":false,"campfire_upgraded":4,"win_rate":0,"timestamp":1554951997,"path_taken":["M","M","?","M","M","R","M","R","T","R","M","?","E","$","R","BOSS","M","M","?","$","?","R","M","R","T","?","E","?","?","M","R","BOSS","M","?","M","?","M","R","E"],"build_version":"2019-01-23","purchased_purges":2,"victory":false,"max_hp_per_floor":[71,71,71,71,71,71,71,71,71,71,71,71,71,71,71,71,71,71,71,71,71,71,71,71,71,71,71,71,71,71,71,71,71,71,71,71,71,71,71,71,71],"card_choices":[{"not_picked":["Leap","Hologram"],"picked":"Undo","floor":1},{"not_picked":["Auto Shields","Barrage"],"picked":"Conserve Battery","floor":2},{"not_picked":["Aggregate","Barrage+1"],"picked":"Ball Lightning+1","floor":4},{"not_picked":["Conserve Battery","Cold Snap+1"],"picked":"Barrage+1","floor":5},{"not_picked":["Leap","Steam Power"],"picked":"Chaos","floor":7},{"not_picked":["Redo","White Noise"],"picked":"Static Discharge","floor":11},{"not_picked":["Undo","Tempest"],"picked":"BootSequence","floor":13},{"not_picked":["Buffer","Hyperbeam+1"],"picked":"All For One+1","floor":16},{"not_picked":["Go for the Eyes+1","Steam"],"picked":"Gash+1","floor":18},{"not_picked":["Darkness","Coolheaded"],"picked":"Machine Learning","floor":19},{"not_picked":["Ball Lightning+1","Sweeping Beam+1"],"picked":"Go for the Eyes+1","floor":20},{"not_picked":["Hologram","Rip and Tear+1"],"picked":"Rebound+1","floor":24},{"not_picked":["Conserve Battery","Redo"],"picked":"Electrodynamics","floor":28},{"not_picked":["Coolheaded","Cold Snap+1"],"picked":"Compile Driver+1","floor":29},{"not_picked":["Barrage+1","Ball Lightning+1"],"picked":"Beam Cell+1","floor":31},{"not_picked":["Coolheaded","Hologram"],"picked":"Ball Lightning+1","floor":32},{"not_picked":["Seek","Fission"],"picked":"All For One+1","floor":33},{"not_picked":["Conserve Battery","Stack"],"picked":"Static Discharge","floor":35},{"not_picked":["Leap","Rebound+1"],"picked":"Gash+1","floor":36},{"not_picked":["Hello World+1","Hologram"],"picked":"Defragment","floor":37},{"not_picked":["Sunder+1","Stack"],"picked":"Defragment+1","floor":37},{"not_picked":["Steam Power","Steam"],"picked":"Scrape+1","floor":39},{"not_picked":["Steam Power","Sweeping Beam+1","Turbo"],"picked":"SKIP","floor":39},{"not_picked":["Coolheaded","Genetic Algorithm+1"],"picked":"Redo","floor":40}],"player_experience":2633991,"relics_obtained":[{"floor":3,"key":"Molten Egg 2"},{"floor":9,"key":"Pen Nib"},{"floor":13,"key":"Vajra"},{"floor":26,"key":"Symbiotic Virus"},{"floor":28,"key":"Dream Catcher"},{"floor":36,"key":"Prayer Wheel"}],"event_choices":[{"cards_removed":["Strike_B"],"damage_healed":0,"gold_gain":0,"player_choice":"Purged","damage_taken":0,"max_hp_gain":0,"max_hp_loss":0,"event_name":"Purifier","floor":12,"gold_loss":0},{"damage_healed":0,"gold_gain":0,"player_choice":"Inject Mutagens","damage_taken":0,"relics_obtained":["MutagenicStrength"],"max_hp_gain":0,"max_hp_loss":0,"event_name":"Drug Dealer","floor":22,"gold_loss":0},{"damage_healed":0,"gold_gain":0,"player_choice":"Bought 0 Potions","damage_taken":0,"max_hp_gain":0,"max_hp_loss":0,"event_name":"The Woman in Blue","floor":27,"gold_loss":0},{"damage_healed":0,"gold_gain":0,"player_choice":"Opened","damage_taken":0,"relics_obtained":["Bag of Preparation"],"max_hp_gain":0,"max_hp_loss":0,"event_name":"The Mausoleum","floor":30,"gold_loss":0},{"damage_healed":0,"gold_gain":0,"player_choice":"Fight","damage_taken":0,"max_hp_gain":0,"max_hp_loss":0,"event_name":"Mysterious Sphere","floor":36,"gold_loss":0},{"cards_removed":["Defend_B"],"damage_healed":0,"gold_gain":0,"player_choice":"Removed Skill","damage_taken":0,"max_hp_gain":0,"max_hp_loss":0,"event_name":"Falling","floor":38,"gold_loss":0}],"is_beta":false,"boss_relics":[{"not_picked":["Pandora\u0027s Box","Sozu"],"picked":"White Beast Statue"},{"not_picked":["Orrery","Astrolabe"],"picked":"Empty Cage"}],"items_purged_floors":[14,21],"is_endless":false,"potions_floor_spawned":[1,5,18,19,20,24,28,29,31,33,35,36,37,39],"killed_by":"Giant Head","ascension_level":14}