{"gold_per_floor":[369,115,115,125,145,145,173,173,173,190,190],"floor_reached":11,"playtime":304,"items_purged":["Strike_B"],"score":135,"play_id":"024e2511-898c-464e-b2cd-df0e1bc16013","local_time":"20190502221402","is_ascension_mode":true,"campfire_choices":[{"data":"Zap","floor":6,"key":"SMITH"}],"neow_cost":"TEN_PERCENT_HP_LOSS","seed_source_timestamp":979587796114947,"circlet_count":0,"master_deck":["AscendersBane","Strike_B","Strike_B","Strike_B","Defend_B","Defend_B","Defend_B","Defend_B","Zap+1","Dualcast","Cold Snap","Defragment+1","Gash","White Noise","Ball Lightning","Defragment","Hologram"],"relics":["Cracked Core","Peace Pipe","Turnip"],"potions_floor_usage":[11],"damage_taken":[{"damage":2,"enemies":"Jaw Worm","floor":1,"turns":3},{"damage":1,"enemies":"Cultist","floor":4,"turns":3},{"damage":9,"enemies":"Small Slimes","floor":5,"turns":3},{"damage":31,"enemies":"Lagavulin","floor":7,"turns":5},{"damage":5,"enemies":"Gremlin Gang","floor":10,"turns":3},{"damage":25,"enemies":"Gremlin Nob","floor":11,"turns":3}],"seed_played":"8859219712283854746","potions_obtained":[{"floor":4,"key":"Explosive Potion"},{"floor":10,"key":"FearPotion"}],"is_trial":false,"path_per_floor":["M","$","?","M","M","R","E","?","T","M","E"],"character_chosen":"DEFECT","items_purchased":["Defragment","Gash","White Noise"],"campfire_rested":0,"item_purchase_floors":[2,2,2],"current_hp_per_floor":[62,62,62,61,52,52,21,21,21,16,0],"gold":190,"neow_bonus":"TWO_FIFTY_GOLD","is_prod":false,"is_daily":false,"chose_seed":false,"campfire_upgraded":1,"win_rate":0,"timestamp":1556828042,"path_taken":["M","$","?","M","?","R","E","?","T","M","E"],"build_version":"2019-04-23","purchased_purges":1,"victory":false,"max_hp_per_floor":[64,64,64,64,64,64,64,64,64,64,64],"card_choices":[{"not_picked":["Rebound","Turbo"],"picked":"Cold Snap","floor":1},{"not_picked":["Darkness","Streamline"],"picked":"Ball Lightning","floor":4},{"not_picked":["Sunder","Streamline","Recycle"],"picked":"SKIP","floor":5},{"not_picked":["FTL","Reinforced Body"],"picked":"Defragment","floor":7},{"not_picked":["Ball Lightning","Conserve Battery"],"picked":"Hologram","floor":10}],"player_experience":1446884,"relics_obtained":[{"floor":7,"key":"Peace Pipe"},{"floor":9,"key":"Turnip"}],"event_choices":[{"damage_healed":0,"gold_gain":0,"player_choice":"Upgraded","damage_taken":0,"max_hp_gain":0,"max_hp_loss":0,"event_name":"Upgrade Shrine","floor":3,"gold_loss":0,"cards_upgraded":["Defragment"]},{"damage_healed":0,"gold_gain":0,"player_choice":"0 cards matched","damage_taken":0,"max_hp_gain":0,"max_hp_loss":0,"event_name":"Match and Keep!","floor":8,"gold_loss":0,"cards_obtained":[]}],"is_beta":true,"boss_relics":[],"items_purged_floors":[2],"is_endless":false,"potions_floor_spawned":[4,10],"killed_by":"Gremlin Nob","ascension_level":17}