{"gold_per_floor":[115,89,103,25,42,42,42,52,77,112,123,123,143,158,158,233,233,253,328,133,150,150],"floor_reached":22,"playtime":4425,"items_purged":[],"score":310,"play_id":"222ddf5f-0ca6-490c-9a69-44d256bb3e52","local_time":"20190403221350","is_ascension_mode":true,"campfire_choices":[{"floor":6,"key":"REST"},{"data":"Darkness","floor":12,"key":"SMITH"},{"data":"Defragment","floor":15,"key":"SMITH"}],"neow_cost":"NONE","seed_source_timestamp":95368907458400,"circlet_count":0,"master_deck":["AscendersBane","Strike_B","Strike_B","Strike_B","Defend_B","Defend_B","Defend_B","Defend_B","Zap+1","Dualcast","Doom and Gloom","Hologram+1","Steam","Darkness+1","Storm","Reinforced Body","Conserve Battery","Beam Cell","Defragment+1","Lockon","Redo","Amplify","Leap","Apotheosis","Coolheaded"],"relics":["Cracked Core","Art of War","War Paint","Inserter"],"potions_floor_usage":[11,11,18],"damage_taken":[{"damage":2,"enemies":"Jaw Worm","floor":1,"turns":3},{"damage":0,"enemies":"Cultist","floor":3,"turns":3},{"damage":7,"enemies":"Small Slimes","floor":5,"turns":4},{"damage":1,"enemies":"Exordium Wildlife","floor":8,"turns":5},{"damage":16,"enemies":"3 Sentries","floor":10,"turns":12},{"damage":10,"enemies":"Gremlin Gang","floor":11,"turns":4},{"damage":8,"enemies":"Blue Slaver","floor":13,"turns":3},{"damage":9,"enemies":"Exordium Wildlife","floor":14,"turns":4},{"damage":25,"enemies":"The Guardian","floor":16,"turns":7},{"damage":7,"enemies":"3 Byrds","floor":18,"turns":4},{"damage":26,"enemies":"Spheric Guardian","floor":21,"turns":4},{"damage":27,"enemies":"Snake Plant","floor":22,"turns":4}],"seed_played":"8707482836277183736","potions_obtained":[{"floor":1,"key":"Dexterity Potion"},{"floor":3,"key":"Dexterity Potion"},{"floor":13,"key":"Fire Potion"}],"is_trial":false,"path_per_floor":["M","$","M","$","M","R","?","M","T","E","M","R","M","M","R","B",null,"M","?","$","M","M"],"character_chosen":"DEFECT","items_purchased":["Hologram","Darkness","Apotheosis"],"campfire_rested":1,"item_purchase_floors":[2,4,20],"current_hp_per_floor":[73,73,73,73,66,82,82,81,81,65,55,55,47,38,38,13,65,58,50,50,24,0],"gold":150,"neow_bonus":"TEN_PERCENT_HP_BONUS","is_prod":false,"is_daily":false,"chose_seed":false,"campfire_upgraded":2,"win_rate":0,"timestamp":1554344030,"path_taken":["M","$","M","$","M","R","?","M","T","E","M","R","M","M","R","BOSS","M","?","$","?","M"],"build_version":"2019-01-23","purchased_purges":0,"victory":false,"max_hp_per_floor":[82,82,82,82,82,82,82,82,82,82,82,82,82,82,82,82,82,82,82,82,82,82],"card_choices":[{"not_picked":["Scrape","Coolheaded"],"picked":"Doom and Gloom","floor":1},{"not_picked":["Undo","Sweeping Beam"],"picked":"Steam","floor":3},{"not_picked":["Turbo","Beam Cell"],"picked":"Storm","floor":5},{"not_picked":["Sweeping Beam","Coolheaded"],"picked":"Conserve Battery","floor":8},{"not_picked":["Gash","Conserve Battery"],"picked":"Beam Cell","floor":10},{"not_picked":["Capacitor","Gash"],"picked":"Defragment","floor":11},{"not_picked":["Conserve Battery","Consume"],"picked":"Lockon","floor":13},{"not_picked":["Stack","Ball Lightning"],"picked":"Redo","floor":14},{"not_picked":["Machine Learning","Reboot"],"picked":"Amplify","floor":16},{"not_picked":["Compile Driver","Rebound+1"],"picked":"Leap","floor":18},{"not_picked":["Rip and Tear","Steam"],"picked":"Coolheaded","floor":21}],"player_experience":2576207,"relics_obtained":[{"floor":9,"key":"Art of War"},{"floor":10,"key":"War Paint"}],"event_choices":[{"damage_healed":0,"gold_gain":0,"cards_transformed":["Strike_B"],"player_choice":"Change","damage_taken":0,"max_hp_gain":0,"max_hp_loss":0,"event_name":"Living Wall","floor":7,"gold_loss":0,"cards_obtained":["Reinforced Body"]},{"damage_healed":0,"gold_gain":75,"player_choice":"Touch","damage_taken":8,"max_hp_gain":0,"max_hp_loss":0,"event_name":"FaceTrader","floor":19,"gold_loss":0}],"is_beta":false,"boss_relics":[{"not_picked":["Runic Dome","Calling Bell"],"picked":"Inserter"}],"items_purged_floors":[],"is_endless":false,"potions_floor_spawned":[1,3,5,13],"killed_by":"Snake Plant","ascension_level":13}