{"gold_per_floor":[114,131,131,147,159,159,159,159,213,288,316,336,336,349,349,349],"floor_reached":16,"playtime":508,"items_purged":[],"score":148,"play_id":"26379d9f-3956-46e4-97c6-43bc4b3cc980","local_time":"20190102040215","is_ascension_mode":true,"campfire_choices":[{"floor":6,"key":"REST"},{"data":"Armaments","floor":8,"key":"SMITH"},{"data":"Whirlwind","floor":15,"key":"SMITH"}],"neow_cost":"PERCENT_DAMAGE","seed_source_timestamp":192264677361400,"circlet_count":0,"master_deck":["Strike_R+1","Strike_R","Strike_R","Defend_R","Defend_R","Defend_R+1","Bash","Pommel Strike","Spot Weakness","Sentinel","Corruption","Armaments+1","Whirlwind+1","Pommel Strike","Inflame","Hemokinesis","Infernal Blade"],"relics":["Burning Blood","Potion Belt","Art of War"],"potions_floor_usage":[5,11],"damage_taken":[{"damage":7,"enemies":"2 Louse","floor":1,"turns":3},{"damage":10,"enemies":"Small Slimes","floor":2,"turns":4},{"damage":1,"enemies":"Cultist","floor":4,"turns":3},{"damage":16,"enemies":"3 Louse","floor":5,"turns":5},{"damage":19,"enemies":"3 Sentries","floor":11,"turns":6},{"damage":10,"enemies":"Red Slaver","floor":12,"turns":3},{"damage":10,"enemies":"2 Fungi Beasts","floor":14,"turns":4},{"damage":42,"enemies":"Hexaghost","floor":16,"turns":7}],"seed_played":"6577244834125571368","potions_obtained":[{"floor":1,"key":"BloodPotion"},{"floor":2,"key":"Regen Potion"}],"is_trial":false,"path_per_floor":["M","M","?","M","M","R","?","R","T","?","E","M","?","M","R","B"],"character_chosen":"IRONCLAD","items_purchased":[],"campfire_rested":1,"item_purchase_floors":[],"current_hp_per_floor":[50,46,30,35,33,57,57,57,57,49,48,44,44,40,40,0],"gold":349,"neow_bonus":"TRANSFORM_TWO_CARDS","is_prod":false,"is_daily":false,"chose_seed":false,"campfire_upgraded":2,"win_rate":0,"timestamp":1546419735,"path_taken":["M","M","?","M","M","R","?","R","T","?","E","?","?","M","R","BOSS"],"build_version":"2018-12-20","purchased_purges":0,"victory":false,"max_hp_per_floor":[80,80,80,80,80,80,80,80,80,80,80,80,80,80,80,80],"card_choices":[{"not_picked":["Intimidate","Warcry"],"picked":"Sentinel","floor":1},{"not_picked":["Warcry","Pommel Strike"],"picked":"Corruption","floor":2},{"not_picked":["Pommel Strike","Second Wind"],"picked":"Armaments","floor":4},{"not_picked":["Shrug It Off","Carnage"],"picked":"Whirlwind","floor":5},{"not_picked":["Blood for Blood","Entrench"],"picked":"Pommel Strike","floor":11},{"not_picked":["Rage","Dropkick"],"picked":"Inflame","floor":12},{"not_picked":["Iron Wave","True Grit"],"picked":"Infernal Blade","floor":14}],"player_experience":1645190,"relics_obtained":[{"floor":9,"key":"Potion Belt"},{"floor":11,"key":"Art of War"}],"event_choices":[{"damage_healed":0,"gold_gain":0,"player_choice":"Entered Light","damage_taken":16,"max_hp_gain":0,"max_hp_loss":0,"event_name":"Shining Light","floor":3,"gold_loss":0,"cards_upgraded":["Strike_R","Defend_R"]},{"damage_healed":0,"gold_gain":0,"player_choice":"Ignored","damage_taken":0,"max_hp_gain":0,"max_hp_loss":0,"event_name":"Golden Idol","floor":7,"gold_loss":0},{"damage_healed":0,"gold_gain":75,"player_choice":"Touch","damage_taken":8,"max_hp_gain":0,"max_hp_loss":0,"event_name":"FaceTrader","floor":10,"gold_loss":0},{"damage_healed":0,"gold_gain":0,"cards_transformed":["Defend_R"],"player_choice":"Transformed","damage_taken":0,"max_hp_gain":0,"max_hp_loss":0,"event_name":"Transmorgrifier","floor":13,"gold_loss":0,"cards_obtained":["Hemokinesis"]}],"is_beta":false,"boss_relics":[],"items_purged_floors":[],"is_endless":false,"potions_floor_spawned":[1,2],"killed_by":"Hexaghost","ascension_level":9}