{"gold_per_floor":[111,122,142,159,179,179,196,196,273,273,300,300,300,325,325,402,402,420,433,35,49,49,49,84,84,84,84,84,94,120,138,138,215,215,229,189,200,200,210,237,237,270,270,270],"floor_reached":44,"playtime":2201,"items_purged":[],"score":1032,"play_id":"914abd21-5264-424a-bbec-15e127dfe214","local_time":"20190508213056","is_ascension_mode":true,"campfire_choices":[{"data":"Dash","floor":6,"key":"SMITH"},{"data":"Acrobatics","floor":8,"key":"SMITH"},{"data":"Leg Sweep","floor":10,"key":"SMITH"},{"data":"Noxious Fumes","floor":12,"key":"SMITH"},{"data":"Bouncing Flask","floor":15,"key":"SMITH"},{"data":"Footwork","floor":23,"key":"SMITH"},{"floor":25,"key":"REST"},{"data":"Caltrops","floor":27,"key":"SMITH"},{"data":"Blur","floor":32,"key":"SMITH"},{"floor":41,"key":"REST"}],"neow_cost":"NONE","seed_source_timestamp":1493503441383359,"circlet_count":0,"master_deck":["AscendersBane","Defend_G","Defend_G","Defend_G","Defend_G","Defend_G","Strike_G","Strike_G","Strike_G","Strike_G","Strike_G","Survivor","Neutralize+1","Blur+1","Dash+1","Leg Sweep+1","Riddle With Holes","PiercingWail","Acrobatics+1","Noxious Fumes+1","Bouncing Flask+1","PiercingWail+1","Caltrops+1","Footwork+1","Backflip+1","All Out Attack+1","Blur+1","Wraith Form v2","Footwork","Wraith Form v2","Noxious Fumes"],"relics":["Ring of the Snake","Gremlin Horn","Potion Belt","Nunchaku","Cursed Key","PreservedInsect","OrangePellets","Pen Nib","Orichalcum","Fusion Hammer","Ancient Tea Set","Smiling Mask"],"potions_floor_usage":[7,11,16,24,24,30,30,40,40],"damage_taken":[{"damage":1,"enemies":"Cultist","floor":1,"turns":4},{"damage":10,"enemies":"Jaw Worm","floor":2,"turns":11},{"damage":0,"enemies":"2 Louse","floor":3,"turns":3},{"damage":13,"enemies":"2 Fungi Beasts","floor":4,"turns":6},{"damage":13,"enemies":"Large Slime","floor":5,"turns":9},{"damage":0,"enemies":"Red Slaver","floor":7,"turns":7},{"damage":0,"enemies":"Gremlin Nob","floor":11,"turns":3},{"damage":12,"enemies":"3 Sentries","floor":14,"turns":7},{"damage":4,"enemies":"Hexaghost","floor":16,"turns":8},{"damage":2,"enemies":"Chosen","floor":18,"turns":5},{"damage":0,"enemies":"Shell Parasite","floor":19,"turns":6},{"damage":0,"enemies":"Snake Plant","floor":21,"turns":5},{"damage":9,"enemies":"Book of Stabbing","floor":24,"turns":4},{"damage":1,"enemies":"Centurion and Healer","floor":29,"turns":6},{"damage":21,"enemies":"Slavers","floor":30,"turns":6},{"damage":2,"enemies":"3 Cultists","floor":31,"turns":5},{"damage":20,"enemies":"Champ","floor":33,"turns":15},{"damage":16,"enemies":"3 Darklings","floor":35,"turns":7},{"damage":0,"enemies":"3 Shapes","floor":37,"turns":6},{"damage":0,"enemies":"Maw","floor":39,"turns":9},{"damage":18,"enemies":"Reptomancer","floor":40,"turns":6},{"damage":19,"enemies":"Nemesis","floor":42,"turns":9},{"damage":44,"enemies":"Giant Head","floor":44,"turns":10}],"seed_played":"-3895568749536080512","potions_obtained":[{"floor":1,"key":"SteroidPotion"},{"floor":4,"key":"Regen Potion"},{"floor":11,"key":"Poison Potion"},{"floor":14,"key":"SpeedPotion"},{"floor":18,"key":"SpeedPotion"},{"floor":21,"key":"EssenceOfSteel"},{"floor":24,"key":"Weak Potion"},{"floor":36,"key":"FairyPotion"},{"floor":36,"key":"Block Potion"},{"floor":36,"key":"Energy Potion"},{"floor":37,"key":"Poison Potion"},{"floor":39,"key":"Energy Potion"},{"floor":42,"key":"LiquidBronze"}],"is_trial":false,"path_per_floor":["M","M","M","M","M","R","M","R","T","R","E","R","?","E","R","B",null,"M","M","$","M","?","R","E","R","T","R","?","M","E","M","R","B",null,"M","?","M","?","M","E","R","E","T","E"],"character_chosen":"THE_SILENT","items_purchased":["PreservedInsect","OrangePellets"],"campfire_rested":2,"item_purchase_floors":[20,20],"current_hp_per_floor":[58,48,48,35,22,22,37,37,37,37,37,37,37,25,25,21,55,53,53,53,53,35,35,26,47,47,47,61,60,39,37,37,17,58,42,42,42,42,42,24,45,26,26,0],"gold":270,"neow_bonus":"UPGRADE_CARD","is_prod":false,"is_daily":false,"chose_seed":false,"campfire_upgraded":8,"win_rate":0,"timestamp":1557343856,"path_taken":["M","M","?","M","M","R","M","R","T","R","E","R","?","E","R","BOSS","M","M","$","M","?","R","E","R","T","R","?","M","E","M","R","BOSS","M","?","?","?","?","E","R","E","T","E"],"build_version":"2019-05-07","purchased_purges":0,"victory":false,"max_hp_per_floor":[66,66,66,66,66,66,66,66,66,66,66,66,66,66,66,66,66,66,66,66,66,71,71,71,71,71,71,71,71,71,71,71,71,71,71,71,71,71,71,71,71,71,71,71],"card_choices":[{"not_picked":["Backstab","Quick Slash"],"picked":"Blur","floor":1},{"not_picked":["Finisher","Predator"],"picked":"Dash","floor":2},{"not_picked":["Cloak And Dagger","Outmaneuver"],"picked":"Leg Sweep","floor":3},{"not_picked":["Outmaneuver","Deflect"],"picked":"Riddle With Holes","floor":4},{"not_picked":["Deadly Poison","All Out Attack"],"picked":"PiercingWail","floor":5},{"not_picked":["Bane","Deflect"],"picked":"Acrobatics","floor":7},{"not_picked":["Choke","Footwork"],"picked":"Noxious Fumes","floor":11},{"not_picked":["Bane","Wraith Form v2"],"picked":"Bouncing Flask","floor":14},{"not_picked":["Deadly Poison","Finisher"],"picked":"PiercingWail+1","floor":18},{"not_picked":["Distraction","Infinite Blades"],"picked":"Caltrops","floor":19},{"not_picked":["Infinite Blades","Bouncing Flask"],"picked":"Footwork","floor":21},{"not_picked":["Backstab","Catalyst"],"picked":"Backflip+1","floor":24},{"not_picked":["Endless Agony","Underhanded Strike+1"],"picked":"All Out Attack+1","floor":29},{"not_picked":["Reflex+1","Finisher"],"picked":"Blur","floor":30},{"not_picked":["Prepared","Slice","Flechettes"],"picked":"SKIP","floor":31},{"not_picked":["Phantasmal Killer","Venomology"],"picked":"Wraith Form v2","floor":33},{"not_picked":["Deflect","Slice+1","Reflex"],"picked":"SKIP","floor":35},{"not_picked":["Prepared","Backflip+1"],"picked":"Footwork","floor":37},{"not_picked":["Tactician+1","Deadly Poison","Distraction+1"],"picked":"SKIP","floor":39},{"not_picked":["Doppelganger","Poisoned Stab"],"picked":"Noxious Fumes","floor":40},{"not_picked":["PiercingWail","Backflip","Finisher"],"picked":"SKIP","floor":42}],"player_experience":1607161,"relics_obtained":[{"floor":9,"key":"Gremlin Horn"},{"floor":11,"key":"Potion Belt"},{"floor":14,"key":"Nunchaku"},{"floor":24,"key":"Pen Nib"},{"floor":30,"key":"Orichalcum"},{"floor":40,"key":"Ancient Tea Set"},{"floor":42,"key":"Smiling Mask"}],"event_choices":[{"damage_healed":0,"gold_gain":0,"player_choice":"Grow","damage_taken":0,"max_hp_gain":0,"max_hp_loss":0,"event_name":"Living Wall","floor":13,"gold_loss":0,"cards_upgraded":["Blur"]},{"damage_healed":0,"gold_gain":0,"player_choice":"Shed Blood","damage_taken":23,"max_hp_gain":5,"max_hp_loss":0,"event_name":"Forgotten Altar","floor":22,"gold_loss":0},{"damage_healed":14,"gold_gain":0,"player_choice":"Heal","damage_taken":0,"max_hp_gain":0,"max_hp_loss":0,"event_name":"The Library","floor":28,"gold_loss":0},{"damage_healed":0,"gold_gain":0,"player_choice":"Bought 3 Potions","damage_taken":0,"max_hp_gain":0,"max_hp_loss":0,"event_name":"The Woman in Blue","floor":36,"gold_loss":0},{"damage_healed":0,"gold_gain":0,"player_choice":"Copied","damage_taken":0,"max_hp_gain":0,"max_hp_loss":0,"event_name":"Duplicator","floor":38,"gold_loss":0,"cards_obtained":["Wraith Form v2"]}],"is_beta":true,"boss_relics":[{"not_picked":["Pandora\u0027s Box","HoveringKite"],"picked":"Cursed Key"},{"not_picked":["Snecko Eye","Runic Dome"],"picked":"Fusion Hammer"}],"items_purged_floors":[],"is_endless":false,"potions_floor_spawned":[1,4,11,14,18,21,24,37,39,42],"killed_by":"Giant Head","ascension_level":18}