{"gold_per_floor":[109,119,131,150,100,100,100,100,100,114,124,139,35,67,67,165,165,175,175,90,109,129,129,148,148,148,148,148,166,23,41,41,41],"floor_reached":33,"playtime":1171,"items_purged":["Strike_B"],"score":377,"play_id":"9dfe9189-fe17-47c1-a93d-1236d80a4cd7","local_time":"20190318224304","is_ascension_mode":true,"campfire_choices":[{"data":"Dualcast","floor":6,"key":"SMITH"},{"data":"Lockon","floor":8,"key":"SMITH"},{"floor":15,"key":"REST"},{"floor":23,"key":"REST"},{"floor":25,"key":"REST"},{"floor":27,"key":"REST"},{"floor":32,"key":"REST"}],"neow_cost":"CURSE","seed_source_timestamp":445085562319100,"circlet_count":0,"master_deck":["AscendersBane","Strike_B","Strike_B","Strike_B","Defend_B","Defend_B","Defend_B","Defend_B","Zap","Dualcast+1","Electrodynamics","Lockon+1","Leap","Chaos","Force Field","Conserve Battery","Capacitor","Cold Snap","Storm","Leap","Reboot","Amplify","Force Field","Decay","Reinforced Body","Defragment","Static Discharge","Barrage+1","Melter","Chill"],"relics":["Cracked Core","Du-Vu Doll","Mummified Hand","Pear","Velvet Choker","Unceasing Top","Lantern"],"potions_floor_usage":[24,33],"damage_taken":[{"damage":17,"enemies":"Small Slimes","floor":1,"turns":3},{"damage":6,"enemies":"Jaw Worm","floor":2,"turns":4},{"damage":8,"enemies":"Cultist","floor":3,"turns":3},{"damage":5,"enemies":"2 Fungi Beasts","floor":4,"turns":3},{"damage":13,"enemies":"Large Slime","floor":10,"turns":3},{"damage":2,"enemies":"Looter","floor":11,"turns":3},{"damage":9,"enemies":"Exordium Wildlife","floor":12,"turns":2},{"damage":7,"enemies":"3 Sentries","floor":14,"turns":3},{"damage":2,"enemies":"Slime Boss","floor":16,"turns":6},{"damage":6,"enemies":"Shell Parasite","floor":18,"turns":4},{"damage":19,"enemies":"2 Thieves","floor":21,"turns":3},{"damage":17,"enemies":"Centurion and Healer","floor":22,"turns":6},{"damage":47,"enemies":"Snecko","floor":24,"turns":6},{"damage":22,"enemies":"Snake Plant","floor":29,"turns":5},{"damage":10,"enemies":"Shelled Parasite and Fungi","floor":31,"turns":3},{"damage":57,"enemies":"Collector","floor":33,"turns":7}],"seed_played":"6960438100716989312","potions_obtained":[{"floor":3,"key":"Strength Potion"},{"floor":11,"key":"SteroidPotion"},{"floor":14,"key":"FearPotion"},{"floor":24,"key":"FearPotion"},{"floor":28,"key":"Explosive Potion"}],"is_trial":false,"path_per_floor":["M","M","M","M","?","R","?","R","T","M","M","M","$","E","R","B",null,"M","?","?","M","M","R","M","R","T","R","?","M","$","M","R","B"],"character_chosen":"DEFECT","items_purchased":["Storm","Leap","Melter"],"campfire_rested":5,"item_purchase_floors":[13,13,30],"current_hp_per_floor":[51,45,37,32,32,32,32,32,32,19,17,8,8,11,36,34,72,66,66,66,47,30,55,8,33,33,58,58,36,36,26,51,0],"gold":41,"neow_bonus":"THREE_RARE_CARDS","is_prod":false,"is_daily":false,"chose_seed":false,"campfire_upgraded":2,"win_rate":0,"timestamp":1552963384,"path_taken":["M","M","M","M","?","R","?","R","T","M","M","M","?","E","R","BOSS","M","?","?","M","M","R","M","R","T","R","?","M","$","M","R","BOSS"],"build_version":"2019-01-23","purchased_purges":1,"victory":false,"max_hp_per_floor":[75,75,75,75,75,75,75,75,75,75,75,75,75,85,85,85,85,85,85,85,85,85,85,85,85,85,85,85,85,85,85,85,85],"card_choices":[{"not_picked":["Thunder Strike","Core Surge"],"picked":"Electrodynamics","floor":0},{"not_picked":["Turbo","Go for the Eyes"],"picked":"Lockon","floor":1},{"not_picked":["Stack","Aggregate"],"picked":"Leap","floor":2},{"not_picked":["Gash","Go for the Eyes"],"picked":"Chaos","floor":3},{"not_picked":["Streamline","Sweeping Beam"],"picked":"Force Field","floor":4},{"not_picked":["Rebound","Steam"],"picked":"Conserve Battery","floor":10},{"not_picked":["Chill","Glacier"],"picked":"Capacitor","floor":11},{"not_picked":["Streamline","Darkness"],"picked":"Cold Snap","floor":12},{"not_picked":["FTL","Sweeping Beam"],"picked":"Reboot","floor":14},{"not_picked":["Machine Learning","Buffer"],"picked":"Amplify","floor":16},{"not_picked":["Tempest","Ball Lightning"],"picked":"Force Field","floor":18},{"not_picked":["Steam Power+1","Steam+1"],"picked":"Reinforced Body","floor":21},{"not_picked":["Scrape","Rip and Tear+1"],"picked":"Defragment","floor":22},{"not_picked":["Rebound","Turbo"],"picked":"Static Discharge","floor":24},{"not_picked":["Sunder","Consume+1"],"picked":"Barrage+1","floor":29},{"not_picked":["Beam Cell+1","Blizzard"],"picked":"Chill","floor":31}],"player_experience":2497288,"relics_obtained":[{"floor":9,"key":"Mummified Hand"},{"floor":14,"key":"Pear"},{"floor":26,"key":"Lantern"}],"event_choices":[{"cards_removed":["Pain"],"damage_healed":0,"gold_gain":0,"player_choice":"Card Removal","damage_taken":0,"max_hp_gain":0,"max_hp_loss":0,"event_name":"The Cleric","floor":5,"gold_loss":50},{"damage_healed":0,"gold_gain":0,"player_choice":"Searched \u00272\u0027 times","damage_taken":0,"relics_obtained":["Du-Vu Doll"],"max_hp_gain":0,"max_hp_loss":0,"event_name":"Dead Adventurer","floor":7,"gold_loss":0},{"damage_healed":0,"gold_gain":0,"player_choice":"Smashed Altar","damage_taken":0,"max_hp_gain":0,"max_hp_loss":0,"event_name":"Forgotten Altar","floor":19,"gold_loss":0,"cards_obtained":["Decay"]},{"damage_healed":0,"gold_gain":0,"player_choice":"Obtained Relic","damage_taken":0,"relics_obtained":["Unceasing Top"],"max_hp_gain":0,"max_hp_loss":0,"event_name":"Addict","floor":20,"gold_loss":85},{"damage_healed":0,"gold_gain":0,"player_choice":"Got Potions","damage_taken":0,"max_hp_gain":0,"max_hp_loss":0,"event_name":"Lab","floor":28,"gold_loss":0}],"is_beta":false,"boss_relics":[{"not_picked":["Cursed Key","Fusion Hammer"],"picked":"Velvet Choker"}],"items_purged_floors":[30],"is_endless":false,"potions_floor_spawned":[3,11,14,22,24,31],"killed_by":"Collector","ascension_level":10}