{"gold_per_floor":[115,127,77,94,104,104,133,146,196,228,240,260,271,285,285,380,380,396,409,354,366,383,383],"floor_reached":23,"playtime":1217,"items_purged":[],"score":232,"play_id":"b815e30e-2b39-4aad-9058-c7cef4b22780","local_time":"20180901031459","is_ascension_mode":true,"campfire_choices":[{"data":"Anger","floor":6,"key":"SMITH"},{"floor":15,"key":"REST"}],"neow_cost":"PERCENT_DAMAGE","seed_source_timestamp":97632759569682,"circlet_count":0,"master_deck":["Strike_R","Strike_R","Defend_R","Defend_R","Defend_R","Defend_R","Bash","Anger+1","Heavy Blade","Rupture","Thunderclap","Flex","Ghostly Armor","Evolve","Heavy Blade","Offering","Inflame+1","Corruption+1","Fire Breathing"],"relics":["Black Blood","Anchor","Boot","Matryoshka","Tiny Chest"],"potions_floor_usage":[7,16,16,16,22,23],"damage_taken":[{"damage":8,"enemies":"Small Slimes","floor":1,"turns":4},{"damage":0,"enemies":"Cultist","floor":2,"turns":3},{"damage":2,"enemies":"Jaw Worm","floor":4,"turns":3},{"damage":12,"enemies":"Looter","floor":5,"turns":3},{"damage":22,"enemies":"Gremlin Nob","floor":7,"turns":4},{"damage":4,"enemies":"2 Fungi Beasts","floor":8,"turns":3},{"damage":26,"enemies":"Lagavulin","floor":10,"turns":5},{"damage":0,"enemies":"Red Slaver","floor":11,"turns":4},{"damage":0,"enemies":"Large Slime","floor":12,"turns":6},{"damage":13,"enemies":"Blue Slaver","floor":13,"turns":3},{"damage":3,"enemies":"Exordium Wildlife","floor":14,"turns":5},{"damage":51,"enemies":"Slime Boss","floor":16,"turns":9},{"damage":49,"enemies":"3 Byrds","floor":18,"turns":6},{"damage":7,"enemies":"Spheric Guardian","floor":19,"turns":3},{"damage":33,"enemies":"Snecko","floor":21,"turns":4},{"damage":18,"enemies":"Centurion and Healer","floor":22,"turns":7},{"damage":15,"enemies":"Slavers","floor":23,"turns":2}],"seed_played":"7689081135818047191","potions_obtained":[{"floor":2,"key":"Dexterity Potion"},{"floor":4,"key":"Energy Potion"},{"floor":5,"key":"Ancient Potion"},{"floor":11,"key":"SpeedPotion"},{"floor":12,"key":"Energy Potion"},{"floor":19,"key":"SteroidPotion"},{"floor":21,"key":"Energy Potion"},{"floor":22,"key":"Block Potion"}],"is_trial":false,"path_per_floor":["M","M","?","M","M","R","E","M","T","E","M","M","M","M","R","B",null,"M","M","?","M","M"],"character_chosen":"IRONCLAD","items_purchased":[],"campfire_rested":1,"item_purchase_floors":[],"current_hp_per_floor":[54,60,60,64,58,58,42,44,44,24,30,36,29,32,56,11,80,41,44,44,21,13,0],"gold":383,"neow_bonus":"REMOVE_TWO","is_prod":false,"is_daily":false,"chose_seed":false,"campfire_upgraded":1,"win_rate":0,"timestamp":1535786099,"path_taken":["M","M","?","?","M","R","E","M","T","E","M","M","M","M","R","BOSS","M","M","?","M","M","E"],"build_version":"2018-08-30","purchased_purges":0,"victory":false,"max_hp_per_floor":[80,80,80,80,80,80,80,80,80,80,80,80,80,80,80,80,80,80,80,80,80,80,80],"card_choices":[{"not_picked":["True Grit","Ghostly Armor"],"picked":"Anger","floor":1},{"not_picked":["Carnage","Anger"],"picked":"Heavy Blade","floor":2},{"not_picked":["Headbutt","Second Wind"],"picked":"Rupture","floor":4},{"not_picked":["Warcry","Dual Wield"],"picked":"Thunderclap","floor":5},{"not_picked":["Heavy Blade","Combust"],"picked":"Flex","floor":7},{"not_picked":["Disarm","True Grit"],"picked":"Ghostly Armor","floor":8},{"not_picked":["Rupture","Twin Strike","Clothesline"],"picked":"SKIP","floor":10},{"not_picked":["Shockwave","Battle Trance","True Grit"],"picked":"SKIP","floor":11},{"not_picked":["Warcry","Headbutt"],"picked":"Evolve","floor":12},{"not_picked":["Cleave","Headbutt","True Grit"],"picked":"SKIP","floor":13},{"not_picked":["Immolate","Anger"],"picked":"Heavy Blade","floor":14},{"not_picked":["Dark Embrace","Exhume"],"picked":"Offering","floor":16},{"not_picked":["Warcry+1","Flame Barrier"],"picked":"Inflame+1","floor":18},{"not_picked":["Perfected Strike","Pommel Strike"],"picked":"Corruption+1","floor":19},{"not_picked":["Sentinel","Wild Strike"],"picked":"Fire Breathing","floor":21},{"not_picked":["Clothesline","Body Slam","Perfected Strike"],"picked":"SKIP","floor":22}],"player_experience":707656,"relics_obtained":[{"floor":7,"key":"Anchor"},{"floor":9,"key":"Boot"},{"floor":10,"key":"Matryoshka"}],"event_choices":[{"event_name":"The Cleric","player_choice":"Card Removal","floor":3,"damage_taken":0},{"event_name":"Addict","player_choice":"Obtained Relic","floor":20,"damage_taken":0}],"is_beta":false,"boss_relics":[{"not_picked":["Tiny House","Cursed Key"],"picked":"Black Blood"}],"items_purged_floors":[],"is_endless":false,"potions_floor_spawned":[2,4,5,11,12,14,19,21,22],"killed_by":"Slavers","ascension_level":2}