{"gold_per_floor":[16,31,31,46,9,9,38,52,52,62,62,12,12,29,29,128,128,141,141,153,6,23,23,48,74,74,74,74],"floor_reached":28,"playtime":1471,"items_purged":[],"score":262,"play_id":"4481973e-1e0c-413f-a69c-b6f688a30d77","local_time":"20180831223905","is_ascension_mode":true,"campfire_choices":[{"data":"Limit Break","floor":6,"key":"SMITH"},{"floor":11,"key":"REST"},{"data":"Flex","floor":13,"key":"SMITH"},{"data":"Flex","floor":15,"key":"SMITH"},{"floor":23,"key":"REST"},{"floor":27,"key":"REST"}],"neow_cost":"NO_GOLD","seed_source_timestamp":80825775396962,"circlet_count":0,"master_deck":["Strike_R","Strike_R","Strike_R+1","Strike_R","Defend_R","Defend_R+1","Defend_R","Defend_R","Bash","Limit Break+1","Wild Strike","Rupture","Power Through","Sever Soul","Flex+1","Flex+1","Ghostly Armor","Shrug It Off","Impervious","Pummel+1","Intimidate","Twin Strike","Warcry+1","Entrench"],"relics":["Burning Blood","Art of War","Ornamental Fan","Sozu","Strawberry","Ice Cream","Bronze Scales","Paper Frog"],"potions_floor_usage":[8,16,18],"damage_taken":[{"damage":6,"enemies":"Jaw Worm","floor":1,"turns":6},{"damage":6,"enemies":"2 Louse","floor":2,"turns":3},{"damage":6,"enemies":"Cultist","floor":4,"turns":3},{"damage":36,"enemies":"3 Sentries","floor":7,"turns":9},{"damage":13,"enemies":"Exordium Wildlife","floor":8,"turns":4},{"damage":7,"enemies":"Looter","floor":10,"turns":2},{"damage":0,"enemies":"2 Fungi Beasts","floor":14,"turns":2},{"damage":45,"enemies":"Hexaghost","floor":16,"turns":12},{"damage":56,"enemies":"3 Byrds","floor":18,"turns":9},{"damage":29,"enemies":"Spheric Guardian","floor":20,"turns":5},{"damage":0,"enemies":"Centurion and Healer","floor":22,"turns":8},{"damage":36,"enemies":"Slavers","floor":24,"turns":7},{"damage":51,"enemies":"Snecko","floor":28,"turns":7}],"seed_played":"4731838642551736253","potions_obtained":[{"floor":2,"key":"Poison Potion"},{"floor":14,"key":"PowerPotion"},{"floor":16,"key":"Poison Potion"}],"is_trial":false,"path_per_floor":["M","M","?","M","$","R","E","M","T","M","R","?","R","M","R","B",null,"M","?","M","$","M","R","E","T","T","R"],"character_chosen":"IRONCLAD","items_purchased":["Sever Soul","Strawberry"],"campfire_rested":3,"item_purchase_floors":[5,21],"current_hp_per_floor":[80,80,64,64,64,64,34,27,27,26,50,50,50,56,56,17,80,30,30,7,14,20,46,16,16,16,42,0],"gold":74,"neow_bonus":"THREE_RARE_CARDS","is_prod":false,"is_daily":false,"chose_seed":false,"campfire_upgraded":3,"win_rate":0,"timestamp":1535769545,"path_taken":["M","M","?","M","$","R","E","M","T","M","R","?","R","M","R","BOSS","M","?","M","$","M","R","E","?","T","R","M"],"build_version":"2018-08-30","purchased_purges":0,"victory":false,"max_hp_per_floor":[80,80,80,80,80,80,80,80,80,80,80,80,80,80,80,80,80,80,80,80,87,87,87,87,87,87,87,87],"card_choices":[{"not_picked":["Immolate","Feed"],"picked":"Limit Break","floor":0},{"not_picked":["Clothesline","Twin Strike"],"picked":"Wild Strike","floor":1},{"not_picked":["Infernal Blade","Warcry"],"picked":"Rupture","floor":2},{"not_picked":["Twin Strike","Shockwave"],"picked":"Power Through","floor":4},{"not_picked":["Intimidate","Second Wind"],"picked":"Flex","floor":7},{"not_picked":["Havoc","Shockwave"],"picked":"Flex","floor":8},{"not_picked":["Carnage","Shockwave"],"picked":"Ghostly Armor","floor":10},{"not_picked":["Headbutt","Carnage"],"picked":"Shrug It Off","floor":14},{"not_picked":["Dark Embrace","Double Tap"],"picked":"Impervious","floor":16},{"not_picked":["Warcry","Sever Soul+1"],"picked":"Pummel+1","floor":18},{"not_picked":["Uppercut+1","Clash"],"picked":"Twin Strike","floor":20},{"not_picked":["Wild Strike","Iron Wave"],"picked":"Warcry+1","floor":22},{"not_picked":["Rupture","True Grit+1"],"picked":"Entrench","floor":24}],"player_experience":706185,"relics_obtained":[{"floor":7,"key":"Art of War"},{"floor":9,"key":"Ornamental Fan"},{"floor":24,"key":"Ice Cream"},{"floor":25,"key":"Bronze Scales"},{"floor":26,"key":"Paper Frog"}],"event_choices":[{"event_name":"Shining Light","player_choice":"Entered Light","floor":3,"damage_taken":0},{"event_name":"The Cleric","player_choice":"Card Removal","floor":12,"damage_taken":0},{"event_name":"Match and Keep!","player_choice":"1 cards matched","floor":19,"damage_taken":0}],"is_beta":false,"boss_relics":[{"not_picked":["Fusion Hammer","Runic Pyramid"],"picked":"Sozu"}],"items_purged_floors":[],"is_endless":false,"potions_floor_spawned":[2,14,16,18,22,24],"killed_by":"Snecko","ascension_level":2}