{"gold_per_floor":[113,26,40,40,40,65,65,84,84,9,9,284,314,329,329,431,431,443,443,443,2,22,22,22],"floor_reached":24,"playtime":1934,"items_purged":["Strike_B","Strike_B"],"score":318,"play_id":"a3f182d2-654f-497a-b1c8-4d1acd5bd811","local_time":"20190425191042","is_ascension_mode":true,"campfire_choices":[{"data":"Zap","floor":7,"key":"SMITH"},{"data":"Defragment","floor":11,"key":"SMITH"},{"data":"Conserve Battery","floor":15,"key":"SMITH"},{"floor":23,"key":"REST"}],"neow_cost":"NONE","seed_source_timestamp":362158213388237,"circlet_count":0,"master_deck":["Strike_B","Strike_B+1","Defend_B","Defend_B","Defend_B","Defend_B","Zap+1","Dualcast","Cold Snap","Compile Driver","Self Repair+1","Conserve Battery+1","Streamline","Defragment+1","Undo","Ball Lightning","Defragment","Redo","Hologram"],"relics":["Cracked Core","NeowsBlessing","Sundial","Omamori","Darkstone Periapt","Letter Opener","Inserter","Lantern","Anchor"],"potions_floor_usage":[24,24],"damage_taken":[{"damage":0,"enemies":"Jaw Worm","floor":1,"turns":1},{"damage":0,"enemies":"Cultist","floor":3,"turns":1},{"damage":0,"enemies":"Gremlin Nob","floor":6,"turns":1},{"damage":1,"enemies":"2 Louse","floor":8,"turns":2},{"damage":27,"enemies":"3 Sentries","floor":13,"turns":6},{"damage":0,"enemies":"2 Fungi Beasts","floor":14,"turns":3},{"damage":13,"enemies":"Hexaghost","floor":16,"turns":9},{"damage":18,"enemies":"Spheric Guardian","floor":18,"turns":4},{"damage":18,"enemies":"2 Thieves","floor":22,"turns":4},{"damage":67,"enemies":"Gremlin Leader","floor":24,"turns":6}],"seed_played":"6710207854155852936","potions_obtained":[{"floor":3,"key":"FocusPotion"},{"floor":8,"key":"FearPotion"},{"floor":13,"key":"Ancient Potion"}],"is_trial":false,"path_per_floor":["M","$","M","?","?","E","R","M","T","$","R","?","E","M","R","B",null,"M","?","?","$","M","R","E"],"character_chosen":"DEFECT","items_purchased":["Compile Driver","Self Repair","Lantern","Anchor","Redo"],"campfire_rested":1,"item_purchase_floors":[2,2,21,21,21],"current_hp_per_floor":[68,68,68,53,50,50,50,49,49,49,49,49,32,42,42,39,66,58,42,42,42,34,56,0],"gold":22,"neow_bonus":"THREE_ENEMY_KILL","is_prod":false,"is_daily":false,"chose_seed":false,"campfire_upgraded":3,"win_rate":0,"timestamp":1556212242,"path_taken":["M","$","M","?","?","E","R","M","T","$","R","?","E","M","R","BOSS","M","?","?","$","M","R","E"],"build_version":"2019-04-23","purchased_purges":2,"victory":false,"max_hp_per_floor":[75,75,75,75,75,75,75,75,75,75,75,75,75,75,75,75,75,75,75,75,75,75,75,75],"card_choices":[{"not_picked":["Barrage","Scrape"],"picked":"Cold Snap","floor":1},{"not_picked":["Leap","Consume"],"picked":"Conserve Battery","floor":3},{"not_picked":["Compile Driver","Conserve Battery"],"picked":"Streamline","floor":6},{"not_picked":["Steam","Rip and Tear"],"picked":"Defragment","floor":8},{"not_picked":["Tempest","BootSequence"],"picked":"Undo","floor":13},{"not_picked":["Skim","Coolheaded"],"picked":"Ball Lightning","floor":14},{"not_picked":["White Noise","Conserve Battery"],"picked":"Defragment","floor":18},{"not_picked":["Rip and Tear","Loop"],"picked":"Hologram","floor":22}],"player_experience":1231744,"relics_obtained":[{"floor":6,"key":"Omamori"},{"floor":9,"key":"Darkstone Periapt"},{"floor":13,"key":"Letter Opener"}],"event_choices":[{"damage_healed":0,"gold_gain":0,"player_choice":"Entered Light","damage_taken":15,"max_hp_gain":0,"max_hp_loss":0,"event_name":"Shining Light","floor":4,"gold_loss":0,"cards_upgraded":["Self Repair","Strike_B"]},{"damage_healed":0,"gold_gain":0,"player_choice":"Success","damage_taken":3,"relics_obtained":["Sundial"],"max_hp_gain":0,"max_hp_loss":0,"event_name":"Scrap Ooze","floor":5,"gold_loss":0},{"damage_healed":0,"gold_gain":275,"player_choice":"Desecrate","damage_taken":0,"max_hp_gain":0,"max_hp_loss":0,"event_name":"Golden Shrine","floor":12,"gold_loss":0,"cards_obtained":["Regret"]},{"damage_healed":0,"gold_gain":0,"player_choice":"Obtained Book","damage_taken":16,"max_hp_gain":0,"max_hp_loss":0,"event_name":"Cursed Tome","floor":19,"gold_loss":0},{"damage_healed":0,"gold_gain":0,"player_choice":"Ignored","damage_taken":0,"max_hp_gain":0,"max_hp_loss":0,"event_name":"Ghosts","floor":20,"gold_loss":0}],"is_beta":true,"boss_relics":[{"not_picked":["Coffee Dripper","Empty Cage"],"picked":"Inserter"}],"items_purged_floors":[10,21],"is_endless":false,"potions_floor_spawned":[3,8,13,18,22],"killed_by":"Gremlin Leader","ascension_level":8}