{"gold_per_floor":[114,114,128,128,143,143,143,202,202,216,231,15,34,34,34,107,107,117,117,91,291,301,301,301,301,301,301,317,335,335],"floor_reached":30,"playtime":3897,"items_purged":["Strike_G"],"score":460,"play_id":"94142504-1f05-433d-b362-da80a13339f5","local_time":"20190508202129","is_ascension_mode":true,"campfire_choices":[{"data":"Dagger Spray","floor":6,"key":"SMITH"},{"floor":15,"key":"REST"},{"floor":23,"key":"REST"},{"floor":25,"key":"REST"},{"floor":27,"key":"REST"}],"neow_cost":"NONE","seed_source_timestamp":1487638742224173,"circlet_count":0,"master_deck":["AscendersBane","Defend_G","Defend_G","Defend_G","Defend_G","Defend_G","Strike_G","Strike_G+1","Strike_G","Strike_G","Survivor","Neutralize","Deadly Poison+1","Sucker Punch+1","Dagger Spray+1","All Out Attack","Deadly Poison","Poisoned Stab","Noxious Fumes","Cloak And Dagger","Cloak And Dagger","Tools of the Trade","Acrobatics","Necronomicurse","Crippling Poison","Terror","PiercingWail","Heel Hook"],"relics":["Ring of the Snake","Bag of Preparation","Question Card","Dodecahedron","Fusion Hammer","Necronomicon","Matryoshka"],"potions_floor_usage":[8,10,16,20,24,24],"damage_taken":[{"damage":0,"enemies":"Jaw Worm","floor":1,"turns":4},{"damage":2,"enemies":"Cultist","floor":3,"turns":4},{"damage":0,"enemies":"2 Louse","floor":5,"turns":2},{"damage":30,"enemies":"Lagavulin Event","floor":8,"turns":5},{"damage":11,"enemies":"Large Slime","floor":10,"turns":7},{"damage":0,"enemies":"Blue Slaver","floor":11,"turns":4},{"damage":6,"enemies":"3 Louse","floor":13,"turns":2},{"damage":9,"enemies":"The Guardian","floor":16,"turns":9},{"damage":0,"enemies":"Chosen","floor":18,"turns":5},{"damage":10,"enemies":"2 Thieves","floor":20,"turns":4},{"damage":18,"enemies":"3 Cultists","floor":22,"turns":5},{"damage":0,"enemies":"Gremlin Leader","floor":24,"turns":2},{"damage":27,"enemies":"Snake Plant","floor":28,"turns":4},{"damage":3,"enemies":"Snecko","floor":29,"turns":4},{"damage":31,"enemies":"Book of Stabbing","floor":30,"turns":5}],"seed_played":"-2975333936327671893","potions_obtained":[{"floor":3,"key":"GamblersBrew"},{"floor":8,"key":"Regen Potion"},{"floor":10,"key":"Block Potion"},{"floor":13,"key":"Block Potion"},{"floor":20,"key":"SmokeBomb"},{"floor":22,"key":"GamblersBrew"}],"is_trial":false,"path_per_floor":["M","?","M","?","M","R","?","?","T","M","M","$","M","$","R","B",null,"M","?","M","?","M","R","E","R","T","R","M","M","E"],"character_chosen":"THE_SILENT","items_purchased":["Noxious Fumes","Cloak And Dagger"],"campfire_rested":4,"item_purchase_floors":[12,12],"current_hp_per_floor":[59,59,57,57,57,57,37,7,7,11,11,11,5,5,24,15,53,53,32,22,22,4,23,23,42,42,61,34,31,0],"gold":335,"neow_bonus":"ONE_RANDOM_RARE_CARD","is_prod":false,"is_daily":false,"chose_seed":false,"campfire_upgraded":1,"win_rate":0,"timestamp":1557339689,"path_taken":["M","?","?","?","M","R","?","?","T","M","M","$","M","$","R","BOSS","M","?","M","?","M","R","E","R","T","R","?","M","E"],"build_version":"2019-05-07","purchased_purges":1,"victory":false,"max_hp_per_floor":[66,66,66,66,66,66,66,66,66,66,66,66,66,66,66,66,66,66,66,66,66,66,66,66,66,66,66,66,66,66],"card_choices":[{"not_picked":["Dagger Throw","Backflip"],"picked":"Deadly Poison","floor":1},{"not_picked":["Deflect","Die Die Die"],"picked":"Sucker Punch","floor":3},{"not_picked":["Prepared","Flying Knee"],"picked":"Dagger Spray","floor":5},{"not_picked":["Terror","Prepared"],"picked":"All Out Attack","floor":8},{"not_picked":["Dagger Spray","Skewer","Bane"],"picked":"Deadly Poison","floor":10},{"not_picked":["Venomology","Slice","Deflect"],"picked":"Poisoned Stab","floor":11},{"not_picked":["Bane","Slice","Underhanded Strike"],"picked":"Cloak And Dagger","floor":13},{"not_picked":["Phantasmal Killer","Venomology","Storm of Steel"],"picked":"Tools of the Trade","floor":16},{"not_picked":["Poisoned Stab","Dodge and Roll","Outmaneuver"],"picked":"Acrobatics","floor":18},{"not_picked":["Dagger Throw","Outmaneuver","Acrobatics"],"picked":"Crippling Poison","floor":20},{"not_picked":["Predator","Phantasmal Killer","Poisoned Stab"],"picked":"Terror","floor":22},{"not_picked":["Blade Dance","Dodge and Roll","Dagger Spray"],"picked":"PiercingWail","floor":28},{"not_picked":["Bouncing Flask","Eviscerate","Backstab"],"picked":"Heel Hook","floor":29}],"player_experience":1603264,"relics_obtained":[{"floor":8,"key":"Question Card"},{"floor":9,"key":"Dodecahedron"},{"floor":19,"key":"Necronomicon"},{"floor":26,"key":"Matryoshka"}],"event_choices":[{"cards_removed":["Glass Knife"],"damage_healed":0,"gold_gain":0,"player_choice":"Gave Card","damage_taken":0,"relics_obtained":["Bag of Preparation"],"max_hp_gain":0,"max_hp_loss":0,"event_name":"WeMeetAgain","floor":2,"gold_loss":0},{"damage_healed":0,"gold_gain":0,"player_choice":"Grow","damage_taken":0,"max_hp_gain":0,"max_hp_loss":0,"event_name":"Living Wall","floor":4,"gold_loss":0,"cards_upgraded":["Sucker Punch"]},{"damage_healed":0,"gold_gain":0,"player_choice":"Entered Light","damage_taken":20,"max_hp_gain":0,"max_hp_loss":0,"event_name":"Shining Light","floor":7,"gold_loss":0,"cards_upgraded":["Strike_G","Deadly Poison"]},{"damage_healed":0,"gold_gain":0,"player_choice":"Searched \u00271\u0027 times","damage_taken":0,"max_hp_gain":0,"max_hp_loss":0,"event_name":"Dead Adventurer","floor":8,"gold_loss":0},{"damage_healed":0,"gold_gain":0,"player_choice":"Obtained Book","damage_taken":21,"max_hp_gain":0,"max_hp_loss":0,"event_name":"Cursed Tome","floor":19,"gold_loss":0},{"damage_healed":0,"gold_gain":250,"player_choice":"Bet on Owner","damage_taken":0,"max_hp_gain":0,"max_hp_loss":0,"event_name":"The Joust","floor":21,"gold_loss":50}],"is_beta":true,"boss_relics":[{"not_picked":["Runic Dome","White Beast Statue"],"picked":"Fusion Hammer"}],"items_purged_floors":[12],"is_endless":false,"potions_floor_spawned":[3,8,10,13,20,22,24],"killed_by":"Book of Stabbing","ascension_level":18}