{"gold_per_floor":[116,129,129,129,143,143,175,175,175,195,246,5,5,16,16,115,115,127,143,18,18,34,34,67,16,39,39,57,57,0,0,0,0],"floor_reached":33,"playtime":1731,"items_purged":[],"score":276,"play_id":"0f91319d-5272-4232-92df-b9eb8c2a958f","local_time":"20181031232905","is_ascension_mode":true,"campfire_choices":[{"floor":6,"key":"RECALL"},{"data":"Dualcast","floor":8,"key":"SMITH"},{"data":"Fission","floor":15,"key":"SMITH"},{"data":"Defragment","floor":23,"key":"SMITH"},{"floor":29,"key":"REST"},{"floor":32,"key":"REST"}],"neow_cost":"NONE","seed_source_timestamp":216603925096388,"circlet_count":0,"master_deck":["Strike_B","Strike_B","Strike_B","Defend_B","Defend_B","Defend_B","Defend_B","Zap+1","Dualcast+1","Sweeping Beam+1","Lockon+1","Conserve Battery","Fission+1","Ball Lightning","Leap","Machine Learning","Chaos","Defragment+1","Buffer","Fusion"],"relics":["Cracked Core","Shuriken","Bag of Marbles","Runic Capacitor","Inserter","Question Card","Ancient Tea Set"],"potions_floor_usage":[16,22,24,24,28,28,28],"damage_taken":[{"damage":6,"enemies":"Jaw Worm","floor":1,"turns":3},{"damage":0,"enemies":"Small Slimes","floor":2,"turns":2},{"damage":1,"enemies":"Cultist","floor":5,"turns":3},{"damage":38,"enemies":"3 Sentries","floor":7,"turns":6},{"damage":10,"enemies":"Exordium Thugs","floor":10,"turns":3},{"damage":1,"enemies":"Exordium Wildlife","floor":14,"turns":2},{"damage":7,"enemies":"Slime Boss","floor":16,"turns":7},{"damage":0,"enemies":"Chosen","floor":18,"turns":5},{"damage":16,"enemies":"3 Byrds","floor":19,"turns":5},{"damage":4,"enemies":"Snecko","floor":22,"turns":5},{"damage":24,"enemies":"Slavers","floor":24,"turns":3},{"damage":17,"enemies":"Centurion and Healer","floor":28,"turns":6},{"damage":61,"enemies":"Collector","floor":33,"turns":5}],"seed_played":"2424962462313099440","potions_obtained":[{"floor":7,"key":"SteroidPotion"},{"floor":14,"key":"PowerPotion"},{"floor":19,"key":"Explosive Potion"},{"floor":22,"key":"Explosive Potion"},{"floor":24,"key":"FearPotion"}],"is_trial":false,"path_per_floor":["M","M","?","?","M","R","E","R","T","M","T","$","?","M","R","B",null,"M","M","$","?","M","R","E","$","T","?","M","R","?","?","R","B"],"character_chosen":"DEFECT","items_purchased":["Runic Capacitor","Ball Lightning","Defragment","PowerPotion","Explosive Potion"],"campfire_rested":2,"item_purchase_floors":[12,12,20,20,25],"current_hp_per_floor":[69,69,69,69,68,68,30,30,30,20,20,20,45,44,44,37,75,75,59,59,59,55,55,31,31,31,31,14,36,36,22,46,0],"gold":0,"neow_bonus":"UPGRADE_CARD","is_prod":false,"is_daily":false,"chose_seed":false,"campfire_upgraded":3,"win_rate":0,"timestamp":1541024945,"path_taken":["M","M","?","?","M","R","E","R","T","?","?","$","?","M","R","BOSS","M","M","$","?","M","R","E","?","T","?","?","R","?","?","R","BOSS"],"build_version":"2018-10-30","purchased_purges":0,"victory":false,"max_hp_per_floor":[75,75,75,75,75,75,75,75,75,75,75,75,75,75,75,75,75,75,75,75,75,75,75,75,75,75,75,75,75,75,80,80,80],"card_choices":[{"not_picked":["Turbo","Streamline"],"picked":"Sweeping Beam","floor":1},{"not_picked":["Ball Lightning","Sweeping Beam"],"picked":"Lockon","floor":2},{"not_picked":["Compile Driver","Sweeping Beam"],"picked":"Conserve Battery","floor":5},{"not_picked":["Steam","Skim","Double Energy"],"picked":"SKIP","floor":7},{"not_picked":["Beam Cell","Steam Power"],"picked":"Fission","floor":10},{"not_picked":["Steam Power","Capacitor"],"picked":"Leap","floor":14},{"not_picked":["Thunder Strike","Fission"],"picked":"Machine Learning","floor":16},{"not_picked":["Rebound","Leap+1"],"picked":"Chaos","floor":18},{"not_picked":["Aggregate","Chaos","Undo+1"],"picked":"SKIP","floor":19},{"not_picked":["Conserve Battery+1","Leap"],"picked":"Buffer","floor":22},{"not_picked":["Ball Lightning","Reinforced Body+1"],"picked":"Fusion","floor":24},{"not_picked":["Turbo","Leap","Lockon","Gash"],"picked":"SKIP","floor":28}],"player_experience":193912,"relics_obtained":[{"floor":7,"key":"Shuriken"},{"floor":11,"key":"Bag of Marbles"},{"floor":24,"key":"Question Card"},{"floor":26,"key":"Ancient Tea Set"}],"event_choices":[{"damage_healed":0,"gold_gain":0,"player_choice":"Grow","damage_taken":0,"max_hp_gain":0,"max_hp_loss":0,"event_name":"Living Wall","floor":3,"gold_loss":0,"cards_upgraded":["Lockon"]},{"damage_healed":0,"gold_gain":0,"player_choice":"Upgraded","damage_taken":0,"max_hp_gain":0,"max_hp_loss":0,"event_name":"Upgrade Shrine","floor":4,"gold_loss":0,"cards_upgraded":["Sweeping Beam"]},{"damage_healed":25,"gold_gain":0,"player_choice":"Banana","damage_taken":0,"max_hp_gain":0,"max_hp_loss":0,"event_name":"Big Fish","floor":13,"gold_loss":0},{"cards_removed":["Strike_B"],"damage_healed":0,"gold_gain":0,"player_choice":"Offered Basic","damage_taken":0,"max_hp_gain":0,"max_hp_loss":0,"event_name":"Bonfire Elementals","floor":21,"gold_loss":0},{"damage_healed":0,"gold_gain":0,"player_choice":"Ignored","damage_taken":0,"max_hp_gain":0,"max_hp_loss":0,"event_name":"Vampires","floor":27,"gold_loss":0},{"damage_healed":0,"gold_gain":0,"player_choice":"Paid Fearfully","damage_taken":0,"max_hp_gain":0,"max_hp_loss":0,"event_name":"Masked Bandits","floor":30,"gold_loss":57},{"damage_healed":0,"gold_gain":0,"player_choice":"Shed Blood","damage_taken":19,"max_hp_gain":5,"max_hp_loss":0,"event_name":"Forgotten Altar","floor":31,"gold_loss":0}],"is_beta":true,"boss_relics":[{"not_picked":["Astrolabe","Velvet Choker"],"picked":"Inserter"}],"items_purged_floors":[],"is_endless":false,"potions_floor_spawned":[7,14,19,22,24],"killed_by":"Collector","ascension_level":1}