{"gold_per_floor":[116,41,41,41,56,56,56,68,68,100,118,134,134,150,150,245,245,256,219,229,242,253,253,253,253,279,201,215,215,215,30,30,30],"floor_reached":33,"playtime":1276,"items_purged":["Strike_B"],"score":321,"play_id":"0462a9a9-6891-4598-8d26-5e2f990edc7f","local_time":"20181027193335","is_ascension_mode":true,"campfire_choices":[{"data":"Go for the Eyes","floor":6,"key":"SMITH"},{"floor":13,"key":"REST"},{"data":"Dualcast","floor":15,"key":"SMITH"},{"data":"Biased Cognition","floor":23,"key":"SMITH"},{"data":"Loop","floor":25,"key":"SMITH"},{"floor":32,"key":"REST"}],"neow_cost":"NONE","seed_source_timestamp":442618180552000,"circlet_count":0,"master_deck":["Strike_B+1","Defend_B","Defend_B+1","Defend_B","Defend_B","Zap","Dualcast+1","Storm","Doom and Gloom","Go for the Eyes+1","Skim","BootSequence","Rebound","Redo","Biased Cognition+1","Hello World","Loop+1","Heatsinks","Go for the Eyes+1","Doom and Gloom","Capacitor","Melter","Force Field","Panache"],"relics":["Cracked Core","Bag of Marbles","DataDisk","Mummified Hand","Eternal Feather","Potion Belt","MutagenicStrength"],"potions_floor_usage":[16,18,20,20,28],"damage_taken":[{"damage":1,"enemies":"Cultist","floor":1,"turns":3},{"damage":7,"enemies":"Jaw Worm","floor":5,"turns":3},{"damage":1,"enemies":"Small Slimes","floor":8,"turns":3},{"damage":19,"enemies":"3 Sentries","floor":10,"turns":6},{"damage":1,"enemies":"2 Fungi Beasts","floor":11,"turns":2},{"damage":0,"enemies":"3 Louse","floor":12,"turns":2},{"damage":2,"enemies":"Exordium Wildlife","floor":14,"turns":3},{"damage":10,"enemies":"The Guardian","floor":16,"turns":8},{"damage":5,"enemies":"3 Byrds","floor":18,"turns":4},{"damage":11,"enemies":"Spheric Guardian","floor":20,"turns":5},{"damage":0,"enemies":"Cultist and Chosen","floor":21,"turns":4},{"damage":3,"enemies":"Chosen and Byrds","floor":22,"turns":4},{"damage":24,"enemies":"Snake Plant","floor":28,"turns":3},{"damage":29,"enemies":"Colosseum Slavers","floor":29,"turns":4},{"damage":58,"enemies":"Collector","floor":33,"turns":3}],"seed_played":"-6594463710184819081","potions_obtained":[{"floor":1,"key":"Block Potion"},{"floor":5,"key":"Block Potion"},{"floor":11,"key":"SneckoOil"},{"floor":14,"key":"Fire Potion"},{"floor":16,"key":"PowerPotion"},{"floor":20,"key":"SteroidPotion"},{"floor":22,"key":"PowerPotion"}],"is_trial":false,"path_per_floor":["M","$","?","?","M","R","?","M","T","E","M","M","R","M","R","B",null,"M","$","M","M","M","R","?","R","T","$","M","?","?","$","R"],"character_chosen":"DEFECT","items_purchased":["Loop","Melter","Panache"],"campfire_rested":2,"item_purchase_floors":[19,27,31],"current_hp_per_floor":[67,67,52,52,45,45,45,44,44,25,24,24,46,44,44,34,65,60,60,49,49,46,58,58,70,70,70,46,17,17,17,51,0],"gold":30,"neow_bonus":"RANDOM_COMMON_RELIC","is_prod":false,"is_daily":false,"chose_seed":false,"campfire_upgraded":4,"win_rate":0,"timestamp":1540683215,"path_taken":["M","$","?","?","?","R","?","M","T","E","M","M","R","M","R","BOSS","M","$","M","?","M","R","?","R","T","?","M","?","?","$","R","BOSS"],"build_version":"2018-10-25v2","purchased_purges":1,"victory":false,"max_hp_per_floor":[75,75,75,75,75,75,75,75,75,75,75,75,75,75,75,75,75,75,75,75,75,75,75,75,75,75,75,75,75,75,75,75,75],"card_choices":[{"not_picked":["Skim","Conserve Battery"],"picked":"Storm","floor":1},{"not_picked":["Cold Snap","Blizzard"],"picked":"Go for the Eyes","floor":5},{"not_picked":["Barrage","Turbo"],"picked":"Skim","floor":8},{"not_picked":["Steam","Turbo"],"picked":"BootSequence","floor":10},{"not_picked":["Cold Snap","Coolheaded"],"picked":"Rebound","floor":11},{"not_picked":["Force Field","Barrage"],"picked":"Redo","floor":12},{"not_picked":["Steam Power","Go for the Eyes","Cold Snap"],"picked":"SKIP","floor":14},{"not_picked":["Reboot","Amplify"],"picked":"Biased Cognition","floor":16},{"not_picked":["Chaos+1","Glacier"],"picked":"Hello World","floor":18},{"not_picked":["Rip and Tear","Rebound"],"picked":"Heatsinks","floor":20},{"not_picked":["Coolheaded","Static Discharge+1"],"picked":"Go for the Eyes+1","floor":21},{"not_picked":["Coolheaded","Beam Cell"],"picked":"Doom and Gloom","floor":22},{"not_picked":["Stack+1","Glacier"],"picked":"Force Field","floor":28}],"player_experience":1487764,"relics_obtained":[{"floor":9,"key":"DataDisk"},{"floor":10,"key":"Mummified Hand"},{"floor":26,"key":"Potion Belt"}],"event_choices":[{"damage_healed":0,"gold_gain":0,"player_choice":"Entered Light","damage_taken":15,"max_hp_gain":0,"max_hp_loss":0,"event_name":"Shining Light","floor":3,"gold_loss":0,"cards_upgraded":["Defend_B","Strike_B"]},{"damage_healed":0,"gold_gain":0,"cards_transformed":["Strike_B"],"player_choice":"Change","damage_taken":0,"max_hp_gain":0,"max_hp_loss":0,"event_name":"Living Wall","floor":4,"gold_loss":0,"cards_obtained":["Doom and Gloom"]},{"cards_removed":["Strike_B"],"damage_healed":0,"gold_gain":0,"player_choice":"Offered Basic","damage_taken":0,"max_hp_gain":0,"max_hp_loss":0,"event_name":"Bonfire Elementals","floor":7,"gold_loss":0},{"damage_healed":0,"gold_gain":0,"player_choice":"Read","damage_taken":0,"max_hp_gain":0,"max_hp_loss":0,"event_name":"The Library","floor":24,"gold_loss":0,"cards_obtained":["Capacitor"]},{"damage_healed":0,"gold_gain":0,"player_choice":"Fight","damage_taken":0,"max_hp_gain":0,"max_hp_loss":0,"event_name":"Colosseum","floor":29,"gold_loss":0},{"damage_healed":0,"gold_gain":0,"player_choice":"Fled From Nobs","damage_taken":0,"max_hp_gain":0,"max_hp_loss":0,"event_name":"Colosseum","floor":29,"gold_loss":0},{"damage_healed":0,"gold_gain":0,"player_choice":"Inject Mutagens","damage_taken":0,"relics_obtained":["MutagenicStrength"],"max_hp_gain":0,"max_hp_loss":0,"event_name":"Drug Dealer","floor":30,"gold_loss":0}],"is_beta":false,"boss_relics":[{"not_picked":["Astrolabe","Calling Bell"],"picked":"Eternal Feather"}],"items_purged_floors":[2],"is_endless":false,"potions_floor_spawned":[1,5,11,14,16,20,22,29],"killed_by":"Collector","ascension_level":6}