{"gold_per_floor":[112,129,142,159,159,159,171,202,270,305,305,338,237,251,251,347,347,361,4,16,16,16,26,37,37,37,37,64,77,77,91,91,194,194,205,216,216,229,24,57,57,83,83,83],"floor_reached":44,"playtime":2495,"items_purged":["Strike_B","Strike_B"],"score":587,"play_id":"d3074427-3588-49c0-b8b1-0de843b9bfea","local_time":"20190421155309","is_ascension_mode":true,"campfire_choices":[{"data":"Zap","floor":6,"key":"SMITH"},{"floor":11,"key":"REST"},{"data":"Redo","floor":15,"key":"SMITH"},{"floor":25,"key":"REST"},{"floor":27,"key":"REST"},{"floor":30,"key":"REST"},{"floor":32,"key":"REST"},{"floor":41,"key":"REST"}],"neow_cost":"NONE","seed_source_timestamp":4142082536246,"circlet_count":0,"master_deck":["Strike_B","Strike_B","Defend_B","Defend_B","Defend_B+1","Defend_B+1","Zap","Dualcast","Sweeping Beam+1","Streamline","Coolheaded","Rip and Tear","Zap+1","Hologram","Redo","Redo+1","Buffer","Defragment","Leap","Glacier+1","Defragment","Streamline+1","Auto Shields","Ball Lightning+1","Reinforced Body+1","Doom and Gloom+1","Buffer","Steam+1","Steam+1","Beam Cell+1"],"relics":["Cracked Core","Dream Catcher","War Paint","Letter Opener","Mango","Boot","Fusion Hammer","Membership Card","Cables","Happy Flower","Juzu Bracelet","Gremlin Horn","Sozu","Emotion Chip","Toxic Egg 2","Kunai","Whetstone"],"potions_floor_usage":[33,40,42,42],"damage_taken":[{"damage":1,"enemies":"Cultist","floor":1,"turns":3},{"damage":0,"enemies":"Small Slimes","floor":2,"turns":3},{"damage":0,"enemies":"2 Louse","floor":3,"turns":2},{"damage":9,"enemies":"Red Slaver","floor":4,"turns":4},{"damage":11,"enemies":"Gremlin Gang","floor":7,"turns":3},{"damage":31,"enemies":"Gremlin Nob","floor":8,"turns":4},{"damage":17,"enemies":"3 Sentries","floor":10,"turns":5},{"damage":14,"enemies":"Lagavulin","floor":12,"turns":6},{"damage":6,"enemies":"Looter","floor":14,"turns":2},{"damage":15,"enemies":"Slime Boss","floor":16,"turns":9},{"damage":25,"enemies":"2 Thieves","floor":18,"turns":4},{"damage":0,"enemies":"Chosen","floor":20,"turns":3},{"damage":11,"enemies":"Sentry and Sphere","floor":23,"turns":4},{"damage":11,"enemies":"Snake Plant","floor":24,"turns":4},{"damage":26,"enemies":"Slavers","floor":28,"turns":5},{"damage":4,"enemies":"Snecko","floor":29,"turns":5},{"damage":29,"enemies":"Shelled Parasite and Fungi","floor":31,"turns":4},{"damage":21,"enemies":"Champ","floor":33,"turns":10},{"damage":33,"enemies":"3 Darklings","floor":35,"turns":7},{"damage":1,"enemies":"3 Shapes","floor":36,"turns":3},{"damage":0,"enemies":"Maw","floor":38,"turns":7},{"damage":25,"enemies":"Reptomancer","floor":40,"turns":6},{"damage":39,"enemies":"Nemesis","floor":42,"turns":7},{"damage":32,"enemies":"Giant Head","floor":44,"turns":8}],"seed_played":"-5562170478721390560","potions_obtained":[{"floor":4,"key":"Dexterity Potion"},{"floor":8,"key":"SteroidPotion"},{"floor":12,"key":"Ancient Potion"},{"floor":24,"key":"SkillPotion"},{"floor":31,"key":"EssenceOfSteel"},{"floor":33,"key":"FocusPotion"}],"is_trial":false,"path_per_floor":["M","M","M","M","?","R","M","E","T","E","R","E","$","M","R","B",null,"M","$","M","?","?","M","M","R","T","R","E","M","R","M","R","B",null,"M","M","?","M","$","E","R","E","T","E"],"character_chosen":"DEFECT","items_purchased":["Leap","Membership Card","Cables","Defragment","Emotion Chip"],"campfire_rested":6,"item_purchase_floors":[13,19,19,19,39],"current_hp_per_floor":[74,74,74,65,65,65,54,23,23,20,46,32,32,26,26,11,89,64,64,64,64,64,53,42,68,68,89,63,59,85,56,82,61,89,56,55,55,55,55,30,56,17,17,0],"gold":83,"neow_bonus":"RANDOM_COMMON_RELIC","is_prod":false,"is_daily":false,"chose_seed":false,"campfire_upgraded":2,"win_rate":0,"timestamp":1555854789,"path_taken":["M","?","M","M","?","R","M","E","T","E","R","E","?","M","R","BOSS","M","$","M","?","?","M","M","R","T","R","E","M","R","M","R","BOSS","M","M","?","M","$","E","R","E","T","E"],"build_version":"2019-04-20","purchased_purges":2,"victory":false,"max_hp_per_floor":[75,75,75,75,75,75,75,75,75,89,89,89,89,89,89,89,89,89,89,89,89,89,89,89,89,89,89,89,89,89,89,89,89,89,89,89,89,89,89,89,89,89,89,89],"card_choices":[{"not_picked":["Go for the Eyes","Stack"],"picked":"Sweeping Beam","floor":1},{"not_picked":["Steam","Auto Shields"],"picked":"Streamline","floor":2},{"not_picked":["Turbo","Rebound","Streamline"],"picked":"SKIP","floor":3},{"not_picked":["Go for the Eyes","Turbo"],"picked":"Coolheaded","floor":4},{"not_picked":["Gash","Rebound"],"picked":"Hologram","floor":7},{"not_picked":["Auto Shields","Compile Driver"],"picked":"Redo","floor":8},{"not_picked":["Chill","Coolheaded"],"picked":"Redo","floor":10},{"not_picked":["FTL","Go for the Eyes"],"picked":"Buffer","floor":11},{"not_picked":["Conserve Battery","Compile Driver"],"picked":"Defragment","floor":12},{"not_picked":["Redo","Compile Driver","Gash"],"picked":"SKIP","floor":14},{"not_picked":["Go for the Eyes","Cold Snap"],"picked":"Glacier+1","floor":18},{"not_picked":["Beam Cell","Compile Driver","Stack+1"],"picked":"SKIP","floor":20},{"not_picked":["Scrape","Compile Driver+1","Conserve Battery+1"],"picked":"SKIP","floor":23},{"not_picked":["Steam Power+1","Rebound+1"],"picked":"Streamline+1","floor":24},{"not_picked":["Steam","Reinforced Body"],"picked":"Auto Shields","floor":25},{"not_picked":["Multi-Cast","Stack+1"],"picked":"Ball Lightning+1","floor":27},{"not_picked":["Rip and Tear+1","Go for the Eyes"],"picked":"Reinforced Body+1","floor":28},{"not_picked":["Streamline+1","Turbo","Rebound+1"],"picked":"SKIP","floor":29},{"not_picked":["Rip and Tear","Stack"],"picked":"Doom and Gloom","floor":30},{"not_picked":["Rebound+1","Compile Driver+1","Leap"],"picked":"SKIP","floor":31},{"not_picked":["Biased Cognition","Hyperbeam"],"picked":"Buffer","floor":33},{"not_picked":["Turbo","Rebound+1"],"picked":"Steam+1","floor":35},{"not_picked":["White Noise+1","Cold Snap"],"picked":"Steam+1","floor":36},{"not_picked":["Barrage+1","Compile Driver","Steam+1"],"picked":"SKIP","floor":38},{"not_picked":["Force Field+1","Sunder"],"picked":"Beam Cell+1","floor":40},{"not_picked":["Stack+1","Gash","Amplify+1"],"picked":"SKIP","floor":42}],"player_experience":1140507,"relics_obtained":[{"floor":8,"key":"War Paint"},{"floor":9,"key":"Letter Opener"},{"floor":10,"key":"Mango"},{"floor":12,"key":"Boot"},{"floor":26,"key":"Juzu Bracelet"},{"floor":28,"key":"Gremlin Horn"},{"floor":40,"key":"Toxic Egg 2"},{"floor":42,"key":"Kunai"},{"floor":43,"key":"Whetstone"}],"event_choices":[{"damage_healed":0,"gold_gain":0,"player_choice":"2 cards matched","damage_taken":0,"max_hp_gain":0,"max_hp_loss":0,"event_name":"Match and Keep!","floor":5,"gold_loss":0,"cards_obtained":["Rip and Tear","Zap"]},{"damage_healed":0,"gold_gain":0,"player_choice":"Ignored","damage_taken":0,"max_hp_gain":0,"max_hp_loss":0,"event_name":"Beggar","floor":21,"gold_loss":0},{"damage_healed":0,"gold_gain":0,"player_choice":"Gave Potion","damage_taken":0,"relics_obtained":["Happy Flower"],"max_hp_gain":0,"max_hp_loss":0,"event_name":"WeMeetAgain","floor":22,"gold_loss":0},{"damage_healed":0,"gold_gain":0,"player_choice":"Ignored","damage_taken":0,"max_hp_gain":0,"max_hp_loss":0,"event_name":"SecretPortal","floor":37,"gold_loss":0}],"is_beta":true,"boss_relics":[{"not_picked":["Ectoplasm","Nuclear Battery"],"picked":"Fusion Hammer"},{"not_picked":["Pandora\u0027s Box","Philosopher\u0027s Stone"],"picked":"Sozu"}],"items_purged_floors":[13,39],"is_endless":false,"potions_floor_spawned":[4,8,12,14,20,24,31,33,35,42],"killed_by":"Giant Head","ascension_level":3}