{"gold_per_floor":[112,31,51,67,67,100,119,130,130,130,95,170,190,224,224,328,328,314,327,345,345,17,47,47,47,47,66,66,83,182,194,194,294,294,313,329,342,361,127,127,23,23,23,41,41,56,56,72,72,72],"floor_reached":51,"playtime":3103,"items_purged":["Strike_B","Strike_B"],"score":683,"play_id":"905dce2c-4f6e-4aba-b944-4046fd02901b","local_time":"20190416124751","is_ascension_mode":false,"campfire_choices":[{"data":"Buffer","floor":10,"key":"SMITH"},{"data":"Dualcast","floor":15,"key":"SMITH"},{"floor":25,"key":"DIG"},{"floor":28,"key":"REST"},{"data":"Barrage","floor":32,"key":"SMITH"},{"floor":40,"key":"REST"},{"floor":45,"key":"REST"},{"floor":49,"key":"REST"}],"neow_cost":"NONE","seed_source_timestamp":1986541817289788,"circlet_count":0,"master_deck":["Strike_B","Defend_B","Defend_B","Defend_B","Defend_B","Zap+1","Dualcast+1","Sweeping Beam","FTL","Coolheaded+1","Buffer+1","Steam","Self Repair","Genetic Algorithm","Beam Cell+1","Loop+1","Barrage+1","Consume","Hologram+1","Multi-Cast+1","Redo+1","Parasite","Auto Shields+1","Redo+1","Ball Lightning+1","Zap+1"],"relics":["Cracked Core","Shovel","The Courier","Bottled Lightning","Inserter","MutagenicStrength","Mango","Pear","Mummified Hand","Toxic Egg 2","Black Star","HandDrill","Orichalcum","Mercury Hourglass"],"potions_floor_usage":[14,16,20,23,27,38,38,38,50,50],"damage_taken":[{"damage":2,"enemies":"2 Louse","floor":1,"turns":3},{"damage":3,"enemies":"Small Slimes","floor":3,"turns":2},{"damage":0,"enemies":"Cultist","floor":4,"turns":3},{"damage":31,"enemies":"Gremlin Nob","floor":6,"turns":4},{"damage":10,"enemies":"Exordium Wildlife","floor":7,"turns":5},{"damage":3,"enemies":"Large Slime","floor":8,"turns":5},{"damage":0,"enemies":"Red Slaver","floor":13,"turns":5},{"damage":9,"enemies":"3 Sentries","floor":14,"turns":5},{"damage":28,"enemies":"Slime Boss","floor":16,"turns":12},{"damage":15,"enemies":"2 Thieves","floor":18,"turns":4},{"damage":13,"enemies":"Shell Parasite","floor":19,"turns":7},{"damage":29,"enemies":"Shelled Parasite and Fungi","floor":20,"turns":6},{"damage":34,"enemies":"Gremlin Leader","floor":23,"turns":9},{"damage":17,"enemies":"Snake Plant","floor":27,"turns":4},{"damage":0,"enemies":"Centurion and Healer","floor":29,"turns":6},{"damage":6,"enemies":"Snecko","floor":31,"turns":6},{"damage":6,"enemies":"Champ","floor":33,"turns":12},{"damage":39,"enemies":"3 Darklings","floor":35,"turns":7},{"damage":0,"enemies":"3 Shapes","floor":36,"turns":8},{"damage":7,"enemies":"Transient","floor":37,"turns":5},{"damage":48,"enemies":"Writhing Mass","floor":38,"turns":8},{"damage":40,"enemies":"Spire Growth","floor":44,"turns":7},{"damage":7,"enemies":"Jaw Worm Horde","floor":46,"turns":5},{"damage":0,"enemies":"Transient","floor":48,"turns":5},{"damage":79,"enemies":"Awakened One","floor":50,"turns":14}],"seed_played":"1714792392862813921","potions_obtained":[{"floor":4,"key":"Explosive Potion"},{"floor":6,"key":"AttackPotion"},{"floor":13,"key":"Poison Potion"},{"floor":14,"key":"Regen Potion"},{"floor":19,"key":"PowerPotion"},{"floor":31,"key":"Energy Potion"},{"floor":35,"key":"SkillPotion"},{"floor":36,"key":"PowerPotion"},{"floor":46,"key":"Explosive Potion"},{"floor":48,"key":"Swift Potion"}],"is_trial":false,"path_per_floor":["M","$","M","M","?","E","M","M","T","R","?","?","M","E","R","B",null,"M","M","M","?","$","E","?","R","T","M","R","M","?","M","R","B",null,"M","M","M","M","$","R","?","$","T","M","R","M","?","M","R","B",null],"character_chosen":"DEFECT","items_purchased":["FTL","Consume","Mango","HandDrill"],"campfire_rested":4,"item_purchase_floors":[2,22,22,39],"current_hp_per_floor":[73,73,70,70,70,39,29,26,26,26,44,33,33,31,31,10,75,60,54,47,47,61,44,44,44,44,27,56,63,63,64,64,58,99,60,67,67,26,26,55,55,55,55,22,51,51,51,58,87,15],"gold":72,"neow_bonus":"UPGRADE_CARD","is_prod":false,"is_daily":false,"chose_seed":false,"campfire_upgraded":3,"win_rate":0.0,"timestamp":1555411671,"path_taken":["M","$","M","M","?","E","M","M","T","R","?","?","M","E","R","BOSS","M","M","M","?","$","E","?","R","T","?","R","M","?","M","R","BOSS","M","M","M","M","$","R","?","$","T","?","R","M","?","M","R","BOSS"],"build_version":"2019-04-04","purchased_purges":2,"victory":true,"max_hp_per_floor":[75,75,75,75,75,75,75,75,75,75,75,75,75,75,75,75,75,75,75,75,75,89,99,99,99,99,99,99,99,99,99,99,99,99,99,99,99,99,99,99,99,99,99,99,99,99,99,99,99,99],"card_choices":[{"not_picked":["Redo","Ball Lightning"],"picked":"Sweeping Beam","floor":1},{"not_picked":["Leap","Turbo"],"picked":"Coolheaded","floor":3},{"not_picked":["Stack","Recycle","Storm"],"picked":"SKIP","floor":4},{"not_picked":["Ball Lightning","Compile Driver"],"picked":"Buffer","floor":6},{"not_picked":["Sweeping Beam","Gash","Coolheaded"],"picked":"SKIP","floor":7},{"not_picked":["Recycle","Fusion"],"picked":"Steam","floor":8},{"not_picked":["Thunder Strike","Gash"],"picked":"Self Repair","floor":13},{"not_picked":["Chill","Barrage"],"picked":"Genetic Algorithm","floor":14},{"not_picked":["Sweeping Beam","Force Field"],"picked":"Beam Cell+1","floor":18},{"not_picked":["Glacier","White Noise+1"],"picked":"Loop+1","floor":19},{"not_picked":["Hologram","Cold Snap+1"],"picked":"Barrage","floor":20},{"not_picked":["Static Discharge","Steam Power","Conserve Battery+1"],"picked":"SKIP","floor":23},{"not_picked":["Barrage","Compile Driver","Gash"],"picked":"SKIP","floor":27},{"not_picked":["Sunder","Loop+1","Steam+1"],"picked":"SKIP","floor":29},{"not_picked":["Sweeping Beam","Heatsinks+1"],"picked":"Hologram+1","floor":31},{"not_picked":["Hyperbeam","Creative AI"],"picked":"Multi-Cast+1","floor":33},{"not_picked":["Conserve Battery+1","Barrage","Skim+1"],"picked":"SKIP","floor":35},{"not_picked":["Go for the Eyes","Compile Driver+1"],"picked":"Redo+1","floor":36},{"not_picked":["Compile Driver+1","Force Field+1","Storm+1"],"picked":"SKIP","floor":37},{"not_picked":["Steam Power+1","Self Repair+1"],"picked":"Auto Shields+1","floor":38},{"not_picked":["Storm","Compile Driver"],"picked":"Redo+1","floor":44},{"not_picked":["Barrage","Defragment"],"picked":"Ball Lightning+1","floor":46},{"not_picked":["Rebound+1","Barrage+1","FTL"],"picked":"SKIP","floor":48}],"player_experience":1122815,"relics_obtained":[{"floor":6,"key":"Shovel"},{"floor":9,"key":"The Courier"},{"floor":14,"key":"Bottled Lightning"},{"floor":23,"key":"Pear"},{"floor":25,"key":"Mummified Hand"},{"floor":26,"key":"Toxic Egg 2"},{"floor":43,"key":"Mercury Hourglass"}],"event_choices":[{"damage_healed":0,"gold_gain":0,"player_choice":"Grow","damage_taken":0,"max_hp_gain":0,"max_hp_loss":0,"event_name":"Living Wall","floor":5,"gold_loss":0,"cards_upgraded":["Coolheaded"]},{"damage_healed":18,"gold_gain":0,"player_choice":"Healed","damage_taken":0,"max_hp_gain":0,"max_hp_loss":0,"event_name":"The Cleric","floor":11,"gold_loss":35},{"damage_healed":0,"gold_gain":75,"player_choice":"Gather Gold","damage_taken":11,"max_hp_gain":0,"max_hp_loss":0,"event_name":"World of Goop","floor":12,"gold_loss":0},{"damage_healed":0,"gold_gain":0,"player_choice":"Inject Mutagens","damage_taken":0,"relics_obtained":["MutagenicStrength"],"max_hp_gain":0,"max_hp_loss":0,"event_name":"Drug Dealer","floor":21,"gold_loss":0},{"cards_removed":["Strike_B"],"damage_healed":0,"gold_gain":0,"player_choice":"Offered Basic","damage_taken":0,"max_hp_gain":0,"max_hp_loss":0,"event_name":"Bonfire Elementals","floor":24,"gold_loss":0},{"damage_healed":0,"gold_gain":99,"player_choice":"Stole From Cult","damage_taken":0,"max_hp_gain":0,"max_hp_loss":0,"event_name":"Nest","floor":30,"gold_loss":0},{"damage_healed":0,"gold_gain":0,"player_choice":"Paid Gold","damage_taken":0,"relics_obtained":["Orichalcum"],"max_hp_gain":0,"max_hp_loss":0,"event_name":"WeMeetAgain","floor":41,"gold_loss":104},{"damage_healed":0,"gold_gain":0,"player_choice":"1 cards matched","damage_taken":0,"max_hp_gain":0,"max_hp_loss":0,"event_name":"Match and Keep!","floor":47,"gold_loss":0,"cards_obtained":["Zap"]}],"is_beta":true,"boss_relics":[{"not_picked":["Philosopher\u0027s Stone","Astrolabe"],"picked":"Inserter"},{"not_picked":["Calling Bell","Orrery"],"picked":"Black Star"}],"items_purged_floors":[22,39],"is_endless":false,"potions_floor_spawned":[4,6,13,14,19,31,35,36,46,48],"ascension_level":0}