{"gold_per_floor":[113,113,129,129,140,165,165,165,195,27,60,9,27,38,38,109,109,29,29,29,44,44,44,44],"floor_reached":24,"playtime":2185,"items_purged":[],"score":384,"play_id":"482c7673-b6dd-43fb-aebd-98c6a4e35727","local_time":"20190507141333","is_ascension_mode":true,"campfire_choices":[{"floor":8,"key":"REST"},{"floor":15,"key":"REST"},{"data":"Decay","floor":23,"key":"PURGE"}],"neow_cost":"NONE","seed_source_timestamp":1380877141685832,"circlet_count":0,"master_deck":["AscendersBane","Strike_B","Strike_B","Strike_B","Strike_B","Defend_B","Defend_B+1","Defend_B+1","Defend_B","Zap+1","Dualcast","Rip and Tear+1","Auto Shields","BootSequence","Conserve Battery","Fission","FTL","White Noise","Core Surge","Stack","Compile Driver"],"relics":["Cracked Core","Ornamental Fan","Tiny Chest","Orichalcum","Peace Pipe","Sozu","Enchiridion"],"potions_floor_usage":[16],"damage_taken":[{"damage":1,"enemies":"Cultist","floor":1,"turns":3},{"damage":0,"enemies":"Small Slimes","floor":3,"turns":2},{"damage":1,"enemies":"2 Louse","floor":5,"turns":2},{"damage":25,"enemies":"3 Sentries","floor":6,"turns":7},{"damage":31,"enemies":"Lagavulin","floor":11,"turns":6},{"damage":3,"enemies":"Blue Slaver","floor":13,"turns":2},{"damage":0,"enemies":"2 Fungi Beasts","floor":14,"turns":3},{"damage":10,"enemies":"Hexaghost","floor":16,"turns":9},{"damage":15,"enemies":"2 Thieves","floor":18,"turns":4},{"damage":17,"enemies":"3 Byrds","floor":21,"turns":5},{"damage":28,"enemies":"Book of Stabbing","floor":24,"turns":4}],"seed_played":"-2967742307199050822","potions_obtained":[{"floor":5,"key":"SpeedPotion"},{"floor":13,"key":"LiquidBronze"},{"floor":16,"key":"Poison Potion"}],"is_trial":false,"path_per_floor":["M","?","M","?","M","E","?","R","T","$","E","?","M","M","R","B",null,"M","?","?","M","?","R","E"],"character_chosen":"DEFECT","items_purchased":["Orichalcum"],"campfire_rested":2,"item_purchase_floors":[10],"current_hp_per_floor":[63,42,42,42,41,16,21,43,43,43,12,12,9,9,31,21,62,47,26,41,24,24,24,0],"gold":44,"neow_bonus":"UPGRADE_CARD","is_prod":false,"is_daily":false,"chose_seed":false,"campfire_upgraded":0,"win_rate":0,"timestamp":1557231213,"path_taken":["M","?","M","?","M","E","?","R","T","?","E","?","M","M","R","BOSS","M","?","?","M","?","R","E"],"build_version":"2019-04-23","purchased_purges":0,"victory":false,"max_hp_per_floor":[71,71,71,71,71,71,76,76,76,76,76,76,76,76,76,76,76,76,76,76,76,76,76,76],"card_choices":[{"not_picked":["Streamline","Go for the Eyes"],"picked":"Rip and Tear","floor":1},{"not_picked":["Steam","Sweeping Beam"],"picked":"Auto Shields","floor":3},{"not_picked":["Go for the Eyes","Beam Cell"],"picked":"BootSequence","floor":5},{"not_picked":["Rebound","Gash"],"picked":"Conserve Battery","floor":6},{"not_picked":["Multi-Cast","Gash"],"picked":"Fission","floor":11},{"not_picked":["Turbo","Lockon"],"picked":"FTL","floor":13},{"not_picked":["Sweeping Beam","Redo"],"picked":"White Noise","floor":14},{"not_picked":["Multi-Cast","Thunder Strike"],"picked":"Core Surge","floor":16},{"not_picked":["Conserve Battery","Beam Cell"],"picked":"Stack","floor":18},{"not_picked":["Loop","Chill+1"],"picked":"Compile Driver","floor":21}],"player_experience":1557863,"relics_obtained":[{"floor":6,"key":"Ornamental Fan"},{"floor":9,"key":"Tiny Chest"},{"floor":11,"key":"Peace Pipe"},{"floor":19,"key":"Enchiridion"}],"event_choices":[{"damage_healed":0,"gold_gain":0,"player_choice":"Entered Light","damage_taken":21,"max_hp_gain":0,"max_hp_loss":0,"event_name":"Shining Light","floor":2,"gold_loss":0,"cards_upgraded":["Defend_B","Defend_B"]},{"damage_healed":0,"gold_gain":0,"player_choice":"Grow","damage_taken":0,"max_hp_gain":0,"max_hp_loss":0,"event_name":"Living Wall","floor":4,"gold_loss":0,"cards_upgraded":["Rip and Tear"]},{"damage_healed":0,"gold_gain":0,"player_choice":"Donut","damage_taken":0,"max_hp_gain":5,"max_hp_loss":0,"event_name":"Big Fish","floor":7,"gold_loss":0},{"damage_healed":0,"gold_gain":0,"player_choice":"Left Gold","damage_taken":0,"max_hp_gain":0,"max_hp_loss":0,"event_name":"World of Goop","floor":12,"gold_loss":51},{"damage_healed":0,"gold_gain":0,"player_choice":"Obtained Book","damage_taken":21,"max_hp_gain":0,"max_hp_loss":0,"event_name":"Cursed Tome","floor":19,"gold_loss":0},{"damage_healed":15,"gold_gain":0,"player_choice":"Heal","damage_taken":0,"max_hp_gain":0,"max_hp_loss":0,"event_name":"The Library","floor":20,"gold_loss":0},{"damage_healed":0,"gold_gain":0,"player_choice":"Smashed Altar","damage_taken":0,"max_hp_gain":0,"max_hp_loss":0,"event_name":"Forgotten Altar","floor":22,"gold_loss":0,"cards_obtained":["Decay"]}],"is_beta":true,"boss_relics":[{"not_picked":["Nuclear Battery","Coffee Dripper"],"picked":"Sozu"}],"items_purged_floors":[],"is_endless":false,"potions_floor_spawned":[5,13,14,16,21],"killed_by":"Book of Stabbing","ascension_level":18}