{"gold_per_floor":[113,113,113,129,140,140,154,154,154,154,173,201,217,317,317,394,394,406,67,87,100,62,62],"floor_reached":23,"playtime":671,"items_purged":[],"score":328,"play_id":"bbc001c9-9d58-491e-b26c-e6b86840eb66","local_time":"20190417120842","is_ascension_mode":true,"campfire_choices":[{"data":"Sunder","floor":6,"key":"SMITH"},{"data":"Doom and Gloom","floor":8,"key":"SMITH"},{"floor":15,"key":"REST"}],"neow_cost":"NONE","seed_source_timestamp":88466734612200,"circlet_count":0,"master_deck":["AscendersBane","Strike_B","Strike_B","Strike_B+1","Strike_B+1","Defend_B","Defend_B","Defend_B","Defend_B","Zap","Dualcast","Rip and Tear","Sunder+1","Self Repair","Doom and Gloom+1","Electrodynamics","Self Repair","Leap","Creative AI","Cold Snap+1","Slice","Backflip","Defragment"],"relics":["Cracked Core","Orichalcum","Juzu Bracelet","Bottled Lightning","Runic Pyramid","PreservedInsect","PrismaticShard"],"potions_floor_usage":[16,23],"damage_taken":[{"damage":3,"enemies":"2 Louse","floor":1,"turns":2},{"damage":2,"enemies":"Jaw Worm","floor":4,"turns":2},{"damage":0,"enemies":"Cultist","floor":5,"turns":3},{"damage":16,"enemies":"Lots of Slimes","floor":7,"turns":3},{"damage":0,"enemies":"3 Louse","floor":11,"turns":1},{"damage":19,"enemies":"3 Sentries","floor":12,"turns":3},{"damage":14,"enemies":"Exordium Thugs","floor":13,"turns":3},{"damage":31,"enemies":"Hexaghost","floor":16,"turns":9},{"damage":20,"enemies":"3 Byrds","floor":18,"turns":3},{"damage":33,"enemies":"Spheric Guardian","floor":20,"turns":6},{"damage":33,"enemies":"Snake Plant","floor":21,"turns":4},{"damage":23,"enemies":"Slavers","floor":23,"turns":1}],"seed_played":"2982557068288835317","potions_obtained":[{"floor":5,"key":"EssenceOfSteel"},{"floor":7,"key":"SteroidPotion"},{"floor":18,"key":"Poison Potion"},{"floor":20,"key":"Explosive Potion"}],"is_trial":false,"path_per_floor":["M","$","?","M","M","R","M","R","T","?","M","E","M","?","R","B",null,"M","$","M","M","$","E"],"character_chosen":"DEFECT","items_purchased":["PreservedInsect","PrismaticShard","Defragment"],"campfire_rested":1,"item_purchase_floors":[19,19,22],"current_hp_per_floor":[61,61,47,45,45,45,36,36,36,36,43,24,17,17,38,21,59,53,53,34,15,15,0],"gold":62,"neow_bonus":"RANDOM_COMMON_RELIC","is_prod":false,"is_daily":false,"chose_seed":false,"campfire_upgraded":2,"win_rate":0,"timestamp":1555517322,"path_taken":["M","$","?","M","M","R","M","R","T","?","M","E","M","?","R","BOSS","M","?","M","M","$","E"],"build_version":"2019-01-23","purchased_purges":0,"victory":false,"max_hp_per_floor":[71,71,71,71,71,71,71,71,71,71,71,71,71,71,71,71,71,71,71,71,71,71,71],"card_choices":[{"not_picked":["Compile Driver","Stack"],"picked":"Rip and Tear","floor":1},{"not_picked":["Stack","Turbo"],"picked":"Sunder","floor":4},{"not_picked":["Streamline","Chaos"],"picked":"Self Repair","floor":5},{"not_picked":["Blizzard","Ball Lightning"],"picked":"Doom and Gloom","floor":7},{"not_picked":["Gash","Barrage","Steam Power"],"picked":"SKIP","floor":11},{"not_picked":["Reinforced Body","Fission"],"picked":"Self Repair","floor":12},{"not_picked":["Steam Power","Coolheaded"],"picked":"Leap","floor":13},{"not_picked":["Fission","Core Surge"],"picked":"Creative AI","floor":16},{"not_picked":["Auto Shields","Barrage"],"picked":"Cold Snap+1","floor":18},{"not_picked":["Wild Strike+1","Clothesline"],"picked":"Slice","floor":20},{"not_picked":["Hologram","Heel Hook"],"picked":"Backflip","floor":21}],"player_experience":2765347,"relics_obtained":[{"floor":9,"key":"Juzu Bracelet"},{"floor":12,"key":"Bottled Lightning"}],"event_choices":[{"damage_healed":0,"gold_gain":0,"player_choice":"Entered Light","damage_taken":14,"max_hp_gain":0,"max_hp_loss":0,"event_name":"Shining Light","floor":3,"gold_loss":0,"cards_upgraded":["Strike_B","Strike_B"]},{"damage_healed":0,"gold_gain":0,"player_choice":"1 cards matched","damage_taken":0,"max_hp_gain":0,"max_hp_loss":0,"event_name":"Match and Keep!","floor":10,"gold_loss":0,"cards_obtained":["Electrodynamics"]},{"damage_healed":0,"gold_gain":100,"player_choice":"Pray","damage_taken":0,"max_hp_gain":0,"max_hp_loss":0,"event_name":"Golden Shrine","floor":14,"gold_loss":0}],"is_beta":false,"boss_relics":[{"not_picked":["Tiny House","Busted Crown"],"picked":"Runic Pyramid"}],"items_purged_floors":[],"is_endless":false,"potions_floor_spawned":[5,7,13,18,20],"killed_by":"Slavers","ascension_level":14}