{"gold_per_floor":[118,72,72,92,46,46,80,80,80,98,133,133,133,160,160,160],"floor_reached":16,"playtime":365,"items_purged":[],"score":233,"play_id":"b006c30a-21f5-4dab-9630-521b67d2fc58","local_time":"20190429175038","is_ascension_mode":true,"campfire_choices":[{"data":"Coolheaded","floor":6,"key":"SMITH"},{"data":"Fusion","floor":8,"key":"SMITH"},{"data":"Undo","floor":12,"key":"SMITH"},{"data":"Conserve Battery","floor":15,"key":"SMITH"}],"neow_cost":"NONE","seed_source_timestamp":704523383525372,"circlet_count":0,"master_deck":["AscendersBane","Strike_B","Strike_B","Strike_B","Strike_B","Defend_B","Defend_B","Defend_B","Defend_B","Zap","Dualcast","Conserve Battery+1","Coolheaded+1","Cold Snap","Go for the Eyes","Fusion+1","Redo","Undo+1","Hologram"],"relics":["Cracked Core","NeowsBlessing","Oddly Smooth Stone","Smiling Mask","Letter Opener","Dream Catcher","GremlinMask","Blood Vial"],"potions_floor_usage":[11],"damage_taken":[{"damage":0,"enemies":"Small Slimes","floor":1,"turns":1},{"damage":0,"enemies":"2 Louse","floor":4,"turns":1},{"damage":0,"enemies":"Lagavulin","floor":7,"turns":1},{"damage":0,"enemies":"Cultist","floor":10,"turns":3},{"damage":35,"enemies":"Gremlin Nob","floor":11,"turns":5},{"damage":12,"enemies":"Lagavulin","floor":14,"turns":10},{"damage":28,"enemies":"The Guardian","floor":16,"turns":2}],"seed_played":"-4493278679100981602","potions_obtained":[{"floor":1,"key":"Regen Potion"}],"is_trial":false,"path_per_floor":["M","$","?","M","$","R","E","R","T","M","E","R","?","E","R","B"],"character_chosen":"DEFECT","items_purchased":["Coolheaded","Go for the Eyes"],"campfire_rested":0,"item_purchase_floors":[2,5],"current_hp_per_floor":[68,68,56,56,56,56,56,56,56,56,35,35,35,23,23,0],"gold":160,"neow_bonus":"THREE_ENEMY_KILL","is_prod":false,"is_daily":false,"chose_seed":false,"campfire_upgraded":4,"win_rate":0,"timestamp":1556553038,"path_taken":["M","$","?","M","$","R","E","R","T","M","E","R","?","E","R","BOSS"],"build_version":"2019-04-23","purchased_purges":0,"victory":false,"max_hp_per_floor":[75,75,75,75,75,75,75,75,75,75,75,75,75,75,75,75],"card_choices":[{"not_picked":["Consume","Force Field"],"picked":"Conserve Battery","floor":1},{"not_picked":["Turbo","Streamline"],"picked":"Cold Snap","floor":4},{"not_picked":["Cold Snap","Thunder Strike"],"picked":"Fusion","floor":7},{"not_picked":["Streamline","Reinforced Body"],"picked":"Redo","floor":10},{"not_picked":["Storm","Leap"],"picked":"Undo","floor":11},{"not_picked":["Reinforced Body","Conserve Battery"],"picked":"Hologram","floor":14}],"player_experience":1325705,"relics_obtained":[{"floor":7,"key":"Smiling Mask"},{"floor":9,"key":"Letter Opener"},{"floor":11,"key":"Dream Catcher"},{"floor":14,"key":"Blood Vial"}],"event_choices":[{"damage_healed":0,"gold_gain":0,"player_choice":"Success","damage_taken":12,"relics_obtained":["Oddly Smooth Stone"],"max_hp_gain":0,"max_hp_loss":0,"event_name":"Scrap Ooze","floor":3,"gold_loss":0},{"damage_healed":0,"gold_gain":0,"player_choice":"Trade","damage_taken":0,"relics_obtained":["GremlinMask"],"max_hp_gain":0,"max_hp_loss":0,"event_name":"FaceTrader","floor":13,"gold_loss":0}],"is_beta":true,"boss_relics":[],"items_purged_floors":[],"is_endless":false,"potions_floor_spawned":[1],"killed_by":"The Guardian","ascension_level":13}