{"gold_per_floor":[112,126,138,138,313,313,342,342,368,293,368,368,387,403,403,506,506,521,521,535,41,58,88,105,105,130,130],"floor_reached":27,"playtime":2193,"items_purged":["Doubt"],"score":256,"play_id":"1fe4728d-df83-4940-a3c6-cd5df379f62f","local_time":"20180828233910","is_ascension_mode":true,"campfire_choices":[{"data":"Self Repair","floor":6.0,"key":"SMITH"},{"data":"Loop","floor":8.0,"key":"SMITH"},{"data":"Dualcast","floor":12.0,"key":"SMITH"},{"floor":15.0,"key":"REST"},{"floor":25,"key":"REST"}],"neow_cost":"NONE","seed_source_timestamp":0,"circlet_count":0,"master_deck":["Strike_B","Strike_B","Strike_B","Strike_B","Defend_B","Defend_B","Defend_B","Defend_B","Zap","Dualcast+1","Self Repair+1","Glacier","Loop+1","Multi-Cast","Conserve Battery","Electrodynamics","Creative AI","Self Repair+1","Reinforced Body+1","Capacitor","FTL","Melter"],"special_seed":0,"relics":["Cracked Core","Boot","Omamori","Bag of Preparation","Runic Capacitor","Meat on the Bone","Pen Nib","Anchor"],"potions_floor_usage":[27,27,27,27,27,27],"damage_taken":[{"damage":1.0,"enemies":"2 Louse","floor":1.0,"turns":2.0},{"damage":7.0,"enemies":"Jaw Worm","floor":2.0,"turns":3.0},{"damage":3.0,"enemies":"Small Slimes","floor":3.0,"turns":4.0},{"damage":13.0,"enemies":"3 Sentries","floor":7.0,"turns":11.0},{"damage":6.0,"enemies":"Blue Slaver","floor":13.0,"turns":3.0},{"damage":10.0,"enemies":"3 Louse","floor":14.0,"turns":4.0},{"damage":7.0,"enemies":"The Guardian","floor":16.0,"turns":13.0},{"damage":34.0,"enemies":"Chosen","floor":18.0,"turns":8.0},{"damage":19.0,"enemies":"Shell Parasite","floor":20.0,"turns":12.0},{"damage":39.0,"enemies":"Centurion and Healer","floor":22.0,"turns":7.0},{"damage":32,"enemies":"Gremlin Leader","floor":23,"turns":7},{"damage":38,"enemies":"Shelled Parasite and Fungi","floor":24,"turns":11},{"damage":29,"enemies":"Colosseum Slavers","floor":27,"turns":4},{"damage":66,"enemies":"Colosseum Nobs","floor":27,"turns":4}],"seed_played":"-3701178285615784901","potions_obtained":[{"floor":1.0,"key":"EntropicBrew"},{"floor":2.0,"key":"Explosive Potion"},{"floor":7.0,"key":"PowerPotion"},{"floor":16.0,"key":"Energy Potion"},{"floor":18.0,"key":"SpeedPotion"},{"floor":23,"key":"SpeedPotion"}],"is_trial":false,"path_per_floor":["M","M","M","?","?","R","E","R","T","$","?","R","M","M","R","B",null,"M","?","M","$","M","E","M","R","T"],"character_chosen":"DEFECT","items_purchased":["Runic Capacitor","Meat on the Bone","Capacitor"],"campfire_rested":2,"item_purchase_floors":[21,21,21],"current_hp_per_floor":[74,74,75,80,80,80,77,77,77,77,66,66,60,50,74,77,80,56,56,57,57,50,50,44,68,68,0],"gold":130,"neow_bonus":"RANDOM_COMMON_RELIC","is_prod":false,"is_daily":false,"chose_seed":false,"campfire_upgraded":3,"win_rate":0,"timestamp":1535513950,"path_taken":["M","M","M","?","?","R","E","R","T","$","?","R","M","M","R","BOSS","M","?","?","$","M","E","M","R","T","?"],"build_version":"2018-08-23v2","purchased_purges":1,"victory":false,"max_hp_per_floor":[75,75,75,80,80,80,80,80,80,80,80,80,80,80,80,80,80,80,80,80,80,80,80,80,80,80,80],"card_choices":[{"not_picked":["BootSequence","Auto Shields"],"picked":"Self Repair","floor":1.0},{"not_picked":["Conserve Battery","Reinforced Body"],"picked":"Glacier","floor":2.0},{"not_picked":["Steam","Stack"],"picked":"Loop","floor":3.0},{"not_picked":["Beam Cell","Stack"],"picked":"Multi-Cast","floor":7.0},{"not_picked":["Go for the Eyes","Beam Cell"],"picked":"Conserve Battery","floor":13.0},{"not_picked":["BootSequence","Reprogram"],"picked":"Electrodynamics","floor":14.0},{"not_picked":["Hyperbeam","Seek"],"picked":"Creative AI","floor":16.0},{"not_picked":["Sweeping Beam","Static Discharge","Cold Snap"],"picked":"SKIP","floor":18.0},{"not_picked":["Leap","Beam Cell"],"picked":"Reinforced Body+1","floor":20.0},{"not_picked":["Streamline","Blizzard","Recycle"],"picked":"SKIP","floor":22},{"not_picked":["Sweeping Beam","Leap"],"picked":"FTL","floor":23},{"not_picked":["Lockon","All For One"],"picked":"Melter","floor":24}],"player_experience":657478,"relics_obtained":[{"floor":7.0,"key":"Omamori"},{"floor":9.0,"key":"Bag of Preparation"},{"floor":23,"key":"Pen Nib"},{"floor":26,"key":"Anchor"}],"event_choices":[{"event_name":"Big Fish","player_choice":"Donut","floor":4.0,"damage_taken":0.0},{"event_name":"Liars Game","player_choice":"agreed","floor":5.0,"damage_taken":0.0},{"event_name":"World of Goop","player_choice":"Gather Gold","floor":11.0,"damage_taken":0.0},{"event_name":"Duplicator","player_choice":"One dupe","floor":19.0,"damage_taken":0.0},{"event_name":"Colosseum","player_choice":"Fight","floor":27,"damage_taken":0},{"event_name":"Colosseum","player_choice":"Fought Nobs","floor":27,"damage_taken":0}],"is_beta":false,"boss_relics":[{"not_picked":["Runic Dome","Fusion Hammer","Snecko Eye"]}],"items_purged_floors":[10],"is_endless":false,"potions_floor_spawned":[1,2,7,13,16,18,20,23],"killed_by":"Colosseum Nobs","ascension_level":2}