{"gold_per_floor":[219,219,21,41,57,57,90,107,133,133,148,158,158,171,171,171],"floor_reached":16,"playtime":711,"items_purged":[],"score":177,"play_id":"2c2bedd4-1f76-4df8-9503-a5a22fc512cf","local_time":"20190430140915","is_ascension_mode":true,"campfire_choices":[{"data":"Coolheaded","floor":6,"key":"SMITH"},{"floor":10,"key":"REST"},{"data":"Sweeping Beam","floor":15,"key":"SMITH"}],"neow_cost":"NONE","seed_source_timestamp":777293607745849,"circlet_count":0,"master_deck":["AscendersBane","Strike_B","Strike_B","Strike_B","Strike_B","Defend_B+1","Defend_B+1","Defend_B","Defend_B","Zap","Dualcast","Undo+1","Coolheaded+1","Compile Driver","Sweeping Beam+1","Leap","Chill","Conserve Battery"],"relics":["Cracked Core","ClockworkSouvenir","War Paint","Blood Vial"],"potions_floor_usage":[7],"damage_taken":[{"damage":5,"enemies":"Small Slimes","floor":1,"turns":2},{"damage":0,"enemies":"Cultist","floor":4,"turns":4},{"damage":2,"enemies":"2 Louse","floor":5,"turns":3},{"damage":29,"enemies":"Gremlin Nob","floor":7,"turns":7},{"damage":0,"enemies":"Large Slime","floor":8,"turns":9},{"damage":4,"enemies":"Blue Slaver","floor":11,"turns":5},{"damage":8,"enemies":"Lots of Slimes","floor":12,"turns":4},{"damage":1,"enemies":"3 Louse","floor":14,"turns":4},{"damage":44,"enemies":"Slime Boss","floor":16,"turns":11}],"seed_played":"900274568696703995","potions_obtained":[{"floor":1,"key":"Swift Potion"},{"floor":4,"key":"EntropicBrew"},{"floor":5,"key":"EssenceOfSteel"}],"is_trial":false,"path_per_floor":["M","?","$","M","M","R","E","M","T","R","M","M","?","M","R","B"],"character_chosen":"DEFECT","items_purchased":["ClockworkSouvenir"],"campfire_rested":1,"item_purchase_floors":[3],"current_hp_per_floor":[59,59,59,59,57,57,28,28,28,49,47,41,41,42,42,0],"gold":171,"neow_bonus":"HUNDRED_GOLD","is_prod":false,"is_daily":false,"chose_seed":false,"campfire_upgraded":2,"win_rate":0,"timestamp":1556626155,"path_taken":["M","?","$","M","M","R","E","M","T","R","M","?","?","M","R","BOSS"],"build_version":"2019-04-23","purchased_purges":0,"victory":false,"max_hp_per_floor":[71,71,71,71,71,71,71,71,71,71,71,71,71,71,71,71],"card_choices":[{"not_picked":["Heatsinks","Force Field"],"picked":"Undo","floor":1},{"not_picked":["Beam Cell","Redo"],"picked":"Compile Driver","floor":4},{"not_picked":["Double Energy","Redo"],"picked":"Sweeping Beam","floor":5},{"not_picked":["Recycle","Streamline"],"picked":"Leap","floor":7},{"not_picked":["Streamline","Beam Cell"],"picked":"Chill","floor":8},{"not_picked":["Aggregate","Reboot"],"picked":"Conserve Battery","floor":11},{"not_picked":["Rebound","Turbo","Streamline"],"picked":"SKIP","floor":12},{"not_picked":["Hologram","Streamline","Consume"],"picked":"SKIP","floor":14}],"player_experience":1351217,"relics_obtained":[{"floor":7,"key":"War Paint"},{"floor":9,"key":"Blood Vial"}],"event_choices":[{"damage_healed":0,"gold_gain":0,"player_choice":"1 cards matched","damage_taken":0,"max_hp_gain":0,"max_hp_loss":0,"event_name":"Match and Keep!","floor":2,"gold_loss":0,"cards_obtained":["Coolheaded"]},{"damage_healed":0,"gold_gain":0,"player_choice":"Grow","damage_taken":0,"max_hp_gain":0,"max_hp_loss":0,"event_name":"Living Wall","floor":13,"gold_loss":0,"cards_upgraded":["Undo"]}],"is_beta":true,"boss_relics":[],"items_purged_floors":[],"is_endless":false,"potions_floor_spawned":[1,4,5],"killed_by":"Slime Boss","ascension_level":14}