{"gold_per_floor":[20,36,36,55,55,55,75,75,75,75,88,104,124,139,139,139],"floor_reached":16,"playtime":521,"items_purged":[],"score":158,"play_id":"63494a57-95e7-4ee4-a202-4d27153e45bc","local_time":"20190404002729","is_ascension_mode":true,"campfire_choices":[{"data":"Double Energy","floor":6,"key":"SMITH"},{"data":"Double Energy","floor":8,"key":"SMITH"},{"data":"Dualcast","floor":10,"key":"SMITH"},{"floor":15,"key":"REST"}],"neow_cost":"NO_GOLD","seed_source_timestamp":107297347297000,"circlet_count":0,"master_deck":["AscendersBane","Strike_B","Strike_B","Strike_B","Strike_B","Defend_B","Defend_B","Defend_B","Defend_B","Zap","Dualcast+1","Multi-Cast","Double Energy+1","Double Energy+1","Redo","Cold Snap","Go for the Eyes","Streamline","Steam"],"relics":["Cracked Core","Peace Pipe"],"potions_floor_usage":[],"damage_taken":[{"damage":1,"enemies":"Cultist","floor":1,"turns":4},{"damage":0,"enemies":"2 Louse","floor":2,"turns":3},{"damage":7,"enemies":"Small Slimes","floor":4,"turns":3},{"damage":15,"enemies":"2 Fungi Beasts","floor":7,"turns":4},{"damage":13,"enemies":"Blue Slaver","floor":11,"turns":3},{"damage":4,"enemies":"Looter","floor":12,"turns":4},{"damage":4,"enemies":"Exordium Thugs","floor":13,"turns":4},{"damage":1,"enemies":"Exordium Wildlife","floor":14,"turns":2},{"damage":54,"enemies":"Hexaghost","floor":16,"turns":12}],"seed_played":"-6748215473652051231","potions_obtained":[{"floor":1,"key":"FairyPotion"},{"floor":2,"key":"Ancient Potion"}],"is_trial":false,"path_per_floor":["M","M","$","M","$","R","M","R","T","R","M","M","M","M","R","B"],"character_chosen":"DEFECT","items_purchased":[],"campfire_rested":1,"item_purchase_floors":[],"current_hp_per_floor":[67,67,67,60,60,60,45,45,45,45,32,28,24,23,45,0],"gold":139,"neow_bonus":"THREE_RARE_CARDS","is_prod":false,"is_daily":false,"chose_seed":false,"campfire_upgraded":3,"win_rate":0,"timestamp":1554352049,"path_taken":["M","M","$","M","?","R","?","R","T","R","M","M","M","M","R","BOSS"],"build_version":"2019-01-23","purchased_purges":0,"victory":false,"max_hp_per_floor":[75,75,75,75,75,75,75,75,75,75,75,75,75,75,75,75],"card_choices":[{"not_picked":["Seek","Fission"],"picked":"Multi-Cast","floor":0},{"not_picked":["Force Field","Coolheaded"],"picked":"Double Energy","floor":1},{"not_picked":["Streamline","Glacier"],"picked":"Double Energy","floor":2},{"not_picked":["Go for the Eyes","Chill"],"picked":"Redo","floor":4},{"not_picked":["Rebound","Amplify"],"picked":"Cold Snap","floor":7},{"not_picked":["Beam Cell","Scrape"],"picked":"Go for the Eyes","floor":11},{"not_picked":["Rebound","Hologram"],"picked":"Streamline","floor":12},{"not_picked":["Scrape","All For One"],"picked":"Steam","floor":13},{"not_picked":["Coolheaded","Ball Lightning","Go for the Eyes"],"picked":"SKIP","floor":14}],"player_experience":2582890,"relics_obtained":[{"floor":9,"key":"Peace Pipe"}],"event_choices":[],"is_beta":false,"boss_relics":[],"items_purged_floors":[],"is_endless":false,"potions_floor_spawned":[1,2,7],"killed_by":"Hexaghost","ascension_level":13}