{"gold_per_floor":[110,110,19,36,53,53,83,83,83,83,98,128,128,128,128,205,205,220,240,260,260,31,31,31,31],"floor_reached":25,"playtime":881,"items_purged":["Writhe"],"score":493,"play_id":"aacd27b6-08cc-4840-81a1-374f565acee2","local_time":"20190518155135","is_ascension_mode":true,"campfire_choices":[{"data":"Noxious Fumes","floor":6,"key":"SMITH"},{"data":"Footwork","floor":8,"key":"SMITH"},{"data":"Backflip","floor":10,"key":"SMITH"},{"data":"Noxious Fumes","floor":15,"key":"SMITH"},{"floor":23,"key":"REST"}],"neow_cost":"NONE","seed_source_timestamp":2338463055877076,"circlet_count":0,"master_deck":["AscendersBane","Defend_G","Defend_G","Defend_G","Defend_G","Defend_G","Survivor","Neutralize","Noxious Fumes+1","Noxious Fumes+1","Footwork+1","Cloak And Dagger","Backflip+1","Well Laid Plans","Acrobatics","Backflip","PiercingWail","Parasite","Corpse Explosion","Catalyst","Dash+1","Bite","Bite","Bite","Bite","Bite"],"relics":["Ring of the Snake","NeowsBlessing","Dodecahedron","Blue Candle","Pen Nib","Black Star","The Courier","OrangePellets"],"potions_floor_usage":[7,16,19],"damage_taken":[{"damage":0,"enemies":"Jaw Worm","floor":1,"turns":1},{"damage":0,"enemies":"Cultist","floor":4,"turns":1},{"damage":0,"enemies":"2 Louse","floor":5,"turns":1},{"damage":20,"enemies":"3 Sentries","floor":7,"turns":6},{"damage":0,"enemies":"Blue Slaver","floor":11,"turns":5},{"damage":36,"enemies":"Gremlin Nob","floor":12,"turns":5},{"damage":5,"enemies":"Hexaghost","floor":16,"turns":9},{"damage":37,"enemies":"3 Byrds","floor":18,"turns":3},{"damage":16,"enemies":"Chosen","floor":19,"turns":5},{"damage":1,"enemies":"Centurion and Healer","floor":20,"turns":6},{"damage":28,"enemies":"Book of Stabbing","floor":25,"turns":4}],"seed_played":"8853033296567015539","potions_obtained":[{"floor":1,"key":"FearPotion"},{"floor":4,"key":"Block Potion"},{"floor":11,"key":"Strength Potion"},{"floor":12,"key":"PowerPotion"},{"floor":18,"key":"AttackPotion"},{"floor":19,"key":"GamblersBrew"}],"is_trial":false,"path_per_floor":["M","?","$","M","M","R","E","R","T","R","M","E","?","?","R","B",null,"M","M","M","?","$","R","?","E"],"character_chosen":"THE_SILENT","items_purchased":["Footwork","Cloak And Dagger","OrangePellets"],"campfire_rested":1,"item_purchase_floors":[3,3,22],"current_hp_per_floor":[59,59,59,59,59,59,39,39,39,39,39,3,25,41,41,36,59,22,6,5,5,5,24,24,0],"gold":31,"neow_bonus":"THREE_ENEMY_KILL","is_prod":false,"is_daily":false,"chose_seed":false,"campfire_upgraded":4,"win_rate":0,"timestamp":1558187495,"path_taken":["M","?","?","M","?","R","E","R","T","R","M","E","?","?","R","BOSS","M","M","M","?","$","R","?","E"],"build_version":"2019-05-07","purchased_purges":1,"victory":false,"max_hp_per_floor":[66,66,66,66,66,66,66,66,66,66,66,66,66,66,66,66,66,66,66,66,66,66,66,46,46],"card_choices":[{"not_picked":["Cloak And Dagger","PiercingWail"],"picked":"Noxious Fumes","floor":1},{"not_picked":["Underhanded Strike","Cloak And Dagger"],"picked":"Backflip","floor":4},{"not_picked":["Slice","Predator"],"picked":"Well Laid Plans","floor":5},{"not_picked":["Deadly Poison","Tactician"],"picked":"Acrobatics","floor":7},{"not_picked":["Distraction","Dodge and Roll"],"picked":"Backflip","floor":11},{"not_picked":["Endless Agony","Dagger Throw"],"picked":"PiercingWail","floor":12},{"not_picked":["A Thousand Cuts","Envenom"],"picked":"Corpse Explosion","floor":16},{"not_picked":["Slice","Bouncing Flask"],"picked":"Catalyst","floor":18},{"not_picked":["Slice","Concentrate"],"picked":"Dash+1","floor":19},{"not_picked":["Deflect","Quick Slash","Blade Dance"],"picked":"SKIP","floor":20}],"player_experience":2030453,"relics_obtained":[{"floor":7,"key":"Dodecahedron"},{"floor":9,"key":"Blue Candle"},{"floor":12,"key":"Pen Nib"}],"event_choices":[{"damage_healed":0,"gold_gain":0,"cards_transformed":["Strike_G"],"player_choice":"Transformed","damage_taken":0,"max_hp_gain":0,"max_hp_loss":0,"event_name":"Transmorgrifier","floor":2,"gold_loss":0,"cards_obtained":["Noxious Fumes"]},{"damage_healed":22,"gold_gain":0,"player_choice":"Banana","damage_taken":0,"max_hp_gain":0,"max_hp_loss":0,"event_name":"Big Fish","floor":13,"gold_loss":0},{"damage_healed":16,"gold_gain":0,"player_choice":"Healed and dodged fight","damage_taken":0,"max_hp_gain":0,"max_hp_loss":0,"event_name":"Mushrooms","floor":14,"gold_loss":0,"cards_obtained":["Parasite"]},{"damage_healed":0,"gold_gain":0,"player_choice":"Opened","damage_taken":0,"relics_obtained":["The Courier"],"max_hp_gain":0,"max_hp_loss":0,"event_name":"The Mausoleum","floor":21,"gold_loss":0,"cards_obtained":["Writhe"]},{"damage_healed":0,"gold_gain":0,"player_choice":"Became a vampire","damage_taken":0,"max_hp_gain":0,"max_hp_loss":20,"event_name":"Vampires","floor":24,"gold_loss":0,"cards_obtained":["Bite","Bite","Bite","Bite","Bite"]}],"is_beta":true,"boss_relics":[{"not_picked":["White Beast Statue","Snecko Eye"],"picked":"Black Star"}],"items_purged_floors":[22],"is_endless":false,"potions_floor_spawned":[1,4,11,12,18,19,20],"killed_by":"Book of Stabbing","ascension_level":20}