{"gold_per_floor":[112,37,37,50,50,78,78,103,149,178,198,213,313,313,313,415,415,429,429,446,465,479,505,505,518,518,553,653,653,653,685,685,685],"floor_reached":33,"playtime":1753,"items_purged":["Strike_B"],"score":364,"play_id":"7bbe56ee-cfb2-42ab-a3f7-7abce2238663","local_time":"20180815172142","is_ascension_mode":true,"campfire_choices":[{"data":"Melter","floor":7,"key":"SMITH"},{"floor":15,"key":"REST"},{"floor":24,"key":"REST"},{"floor":30,"key":"REST"},{"floor":32,"key":"REST"}],"neow_cost":"NONE","seed_source_timestamp":179009181201443,"circlet_count":0,"master_deck":["Zap","Dualcast","Streamline+1","Melter+1","Meteor Strike","Auto Shields","Force Field","Streamline","Gash","All For One","Skim","Scrape","Redo","Turbo","Chill","Sweeping Beam","BootSequence","White Noise+1","Bite","Bite","Bite","Bite","Bite","Streamline+1","Gash","FTL","Reinforced Body"],"relics":["Cracked Core","Potion Belt","Strawberry","Gremlin Horn","Anchor","Pantograph","Blood Vial","Pandora\u0027s Box","Smiling Mask","Letter Opener","Lantern","Art of War"],"potions_floor_usage":[16,16,18,22,23,25,33],"damage_taken":[{"damage":1,"enemies":"Cultist","floor":1,"turns":3},{"damage":0,"enemies":"2 Louse","floor":4,"turns":2},{"damage":18,"enemies":"Gremlin Nob","floor":6,"turns":4},{"damage":14,"enemies":"3 Sentries","floor":8,"turns":6},{"damage":15,"enemies":"Lagavulin","floor":10,"turns":6},{"damage":2,"enemies":"Small Slimes","floor":11,"turns":2},{"damage":2,"enemies":"Blue Slaver","floor":12,"turns":2},{"damage":18,"enemies":"Slime Boss","floor":16,"turns":9},{"damage":14,"enemies":"3 Byrds","floor":18,"turns":5},{"damage":0,"enemies":"Spheric Guardian","floor":20,"turns":2},{"damage":12,"enemies":"Cultist and Chosen","floor":21,"turns":7},{"damage":12,"enemies":"3 Cultists","floor":22,"turns":3},{"damage":31,"enemies":"Slavers","floor":23,"turns":6},{"damage":9,"enemies":"Snake Plant","floor":25,"turns":4},{"damage":27,"enemies":"Book of Stabbing","floor":27,"turns":5},{"damage":31,"enemies":"Slavers","floor":31,"turns":5},{"damage":70,"enemies":"Automaton","floor":33,"turns":6}],"seed_played":"6595972612854961569","potions_obtained":[{"floor":1,"key":"FearPotion"},{"floor":8,"key":"GamblersBrew"},{"floor":10,"key":"Poison Potion"},{"floor":12,"key":"Dexterity Potion"},{"floor":20,"key":"Energy Potion"},{"floor":23,"key":"Block Potion"},{"floor":31,"key":"SkillPotion"}],"is_trial":false,"path_per_floor":["M","$","?","M","?","E","R","E","T","E","M","M","?","T","R","B",null,"M","?","M","M","M","E","R","M","T","E","?","?","R","E","R"],"character_chosen":"DEFECT","items_purchased":[],"campfire_rested":4,"item_purchase_floors":[],"current_hp_per_floor":[74,74,59,59,59,48,48,34,34,19,17,15,15,15,39,48,82,68,57,57,48,44,21,38,39,39,18,18,18,35,10,27,0],"gold":685,"neow_bonus":"RANDOM_COMMON_RELIC","is_prod":false,"is_daily":false,"chose_seed":false,"campfire_upgraded":1,"win_rate":0,"timestamp":1534368102,"path_taken":["M","$","?","M","?","E","R","E","T","E","M","?","?","?","R","BOSS","M","?","M","M","M","E","R","M","T","E","?","?","R","E","R","BOSS"],"build_version":"2018-08-09","purchased_purges":1,"victory":false,"max_hp_per_floor":[75,75,75,75,75,82,82,82,82,82,82,82,82,82,82,82,82,82,57,57,57,57,57,57,57,57,57,57,57,57,57,57,57],"card_choices":[{"not_picked":["Tempest","Compile Driver"],"picked":"Streamline","floor":1},{"not_picked":["BootSequence","Conserve Battery"],"picked":"Melter","floor":4},{"not_picked":["Recycle","Go for the Eyes"],"picked":"Meteor Strike","floor":6},{"not_picked":["Coolheaded","Stack"],"picked":"Auto Shields","floor":8},{"not_picked":["Compile Driver","Tempest"],"picked":"Force Field","floor":10},{"not_picked":["Stack","Skim"],"picked":"Streamline","floor":11},{"not_picked":["Leap","Capacitor"],"picked":"Gash","floor":12},{"not_picked":["Hyperbeam","Multi-Cast"],"picked":"All For One","floor":16},{"not_picked":["Rebound","Sunder+1"],"picked":"White Noise+1","floor":18},{"not_picked":["Darkness","Go for the Eyes","Sweeping Beam"],"picked":"SKIP","floor":20},{"not_picked":["Compile Driver","Lockon+1"],"picked":"Streamline+1","floor":21},{"not_picked":["Compile Driver","Reboot"],"picked":"Gash","floor":22},{"not_picked":["Compile Driver","Coolheaded"],"picked":"FTL","floor":23},{"not_picked":["Compile Driver+1","Storm","Chill"],"picked":"SKIP","floor":25},{"not_picked":["Ball Lightning","Double Energy"],"picked":"Reinforced Body","floor":27},{"not_picked":["Streamline","Thunder Strike","Cold Snap+1"],"picked":"SKIP","floor":31}],"player_experience":619045,"relics_obtained":[{"floor":6,"key":"Strawberry"},{"floor":8,"key":"Gremlin Horn"},{"floor":9,"key":"Anchor"},{"floor":10,"key":"Pantograph"},{"floor":14,"key":"Blood Vial"},{"floor":23,"key":"Smiling Mask"},{"floor":26,"key":"Letter Opener"},{"floor":27,"key":"Lantern"},{"floor":31,"key":"Art of War"}],"event_choices":[{"event_name":"Shining Light","player_choice":"Entered Light","floor":3,"damage_taken":0},{"event_name":"Living Wall","player_choice":"Grow","floor":5,"damage_taken":0},{"event_name":"Golden Shrine","player_choice":"Pray","floor":13,"damage_taken":0},{"event_name":"Vampires","player_choice":"Became a vampire","floor":19,"damage_taken":0},{"event_name":"Golden Shrine","player_choice":"Pray","floor":28,"damage_taken":0},{"event_name":"Drug Dealer","player_choice":"Ignored","floor":29,"damage_taken":0}],"is_beta":false,"boss_relics":[{"not_picked":["FrozenCore","Cursed Key"],"picked":"Pandora\u0027s Box"}],"items_purged_floors":[2],"is_endless":false,"potions_floor_spawned":[1,8,10,12,20,23,31],"killed_by":"Automaton","ascension_level":1}