{"path_per_floor":["M","M","$","M","?","E","R","E","T","M","M","M","R","E","R"],"character_chosen":"IRONCLAD","items_purchased":["Inflame","Flex","Bandage Up"],"gold_per_floor":[215,230,16,35,95,127,127,158,240,258,272,288,288,318,318],"floor_reached":16,"campfire_rested":1,"playtime":1268,"current_hp_per_floor":[80,80,80,79,79,53,53,13,13,13,23,32,32,18,42],"items_purged":[],"gold":318,"play_id":"17afd22f-2c98-4279-901b-df08ebb4fa02","is_prod":false,"is_daily":false,"is_ascension_mode":true,"campfire_upgraded":2,"path_taken":["M","M","$","M","?","E","R","E","T","M","M","M","R","E","R","BOSS"],"build_version":"2018-02-01-PROD3","purchased_purges":1,"victory":false,"master_deck":["Strike_R","Strike_R","Strike_R","Strike_R","Strike_R","Defend_R","Defend_R","Defend_R","Defend_R","Bash","Thunderclap","Evolve+1","Inflame","Flex","Bandage Up","Wild Strike+1","Pummel","Power Through","Shrug It Off","Warcry","True Grit","Sword Boomerang"],"max_hp_per_floor":[80,80,80,80,80,80,80,80,80,80,80,80,80,80,80],"relics":["Burning Blood","Juzu Bracelet","Vajra","Frozen Egg 2","Du-Vu Doll"],"card_choices":[{"not_picked":["Havoc","Warcry"],"picked":"Thunderclap"},{"not_picked":["Blood for Blood","Thunderclap"],"picked":"Evolve"},{"not_picked":["Dual Wield","Anger"],"picked":"Wild Strike"},{"not_picked":["Uppercut","Infernal Blade"],"picked":"Pummel"},{"not_picked":["Twin Strike","Brutality"],"picked":"Power Through"},{"not_picked":["Rampage","Twin Strike"],"picked":"Shrug It Off"},{"not_picked":["Clothesline","Entrench"],"picked":"Warcry"},{"not_picked":["Warcry","Perfected Strike"],"picked":"True Grit"},{"not_picked":["Flex","Clash"],"picked":"Sword Boomerang"}],"player_experience":466677,"potions_floor_usage":[6,11,14,16],"damage_taken":[{"damage":2,"enemies":"Small Slimes","floor":1,"turns":4},{"damage":6,"enemies":"Cultist","floor":2,"turns":3},{"damage":7,"enemies":"2 Louse","floor":4,"turns":3},{"damage":36,"enemies":"Gremlin Nob","floor":6,"turns":4},{"damage":50,"enemies":"Lagavulin","floor":8,"turns":6},{"damage":10,"enemies":"Gremlin Gang","floor":10,"turns":4},{"damage":0,"enemies":"Large Slime","floor":11,"turns":3},{"damage":1,"enemies":"Looter","floor":12,"turns":4},{"damage":24,"enemies":"Gremlin Nob","floor":14,"turns":4},{"damage":46,"enemies":"Hexaghost","floor":16,"turns":12}],"event_choices":[{"event_name":"Golden Wing","player_choice":"Gained Gold","floor":5,"damage_taken":0}],"boss_relics":[],"potions_floor_spawned":[2,10,11,12],"seed_played":"8826120622472840920","killed_by":"Hexaghost","ascension_level":4,"is_trial":false}