{"gold_per_floor":[114,39,57,73,93,128,128,128,128,128,142,142,177,177,177,177],"floor_reached":16,"playtime":2260,"items_purged":["Normality"],"score":121,"play_id":"99734cee-a557-414a-a702-e1032dc601ae","local_time":"20180903112209","is_ascension_mode":true,"campfire_choices":[{"data":"Body Slam","floor":7,"key":"SMITH"},{"floor":10,"key":"REST"},{"floor":15,"key":"REST"}],"neow_cost":"CURSE","seed_source_timestamp":298622031114192,"circlet_count":0,"master_deck":["Strike_R","Strike_R","Strike_R","Strike_R","Defend_R","Defend_R","Defend_R","Defend_R","Bash","Body Slam+1","Rampage","Clothesline","Iron Wave"],"relics":["Burning Blood","Mango","Happy Flower","Bronze Scales","Darkstone Periapt","Regal Pillow"],"potions_floor_usage":[11,16,16,16],"damage_taken":[{"damage":0,"enemies":"Small Slimes","floor":1,"turns":3},{"damage":5,"enemies":"Cultist","floor":3,"turns":4},{"damage":5,"enemies":"2 Louse","floor":4,"turns":3},{"damage":12,"enemies":"Blue Slaver","floor":5,"turns":6},{"damage":41,"enemies":"Lagavulin","floor":6,"turns":8},{"damage":7,"enemies":"Exordium Thugs","floor":11,"turns":3},{"damage":21,"enemies":"3 Sentries","floor":13,"turns":8},{"damage":104,"enemies":"Slime Boss","floor":16,"turns":12}],"seed_played":"7720911422872914624","potions_obtained":[{"floor":4,"key":"Poison Potion"},{"floor":5,"key":"Regen Potion"},{"floor":6,"key":"Swift Potion"},{"floor":11,"key":"LiquidBronze"}],"is_trial":false,"path_per_floor":["M","$","M","M","M","E","R","?","T","R","M","?","E","?","R"],"character_chosen":"IRONCLAD","items_purchased":[],"campfire_rested":2,"item_purchase_floors":[],"current_hp_per_floor":[94,94,94,94,88,53,53,53,53,81,80,62,47,47,90,0],"gold":177,"neow_bonus":"ONE_RARE_RELIC","is_prod":false,"is_daily":false,"chose_seed":false,"campfire_upgraded":1,"win_rate":0,"timestamp":1535988129,"path_taken":["M","$","M","M","M","E","R","?","T","R","M","?","E","?","R","BOSS"],"build_version":"2018-08-30","purchased_purges":1,"victory":false,"max_hp_per_floor":[94,94,94,94,94,94,94,94,94,94,94,94,94,94,94,94],"card_choices":[{"not_picked":["Feel No Pain","Shrug It Off"],"picked":"Body Slam","floor":1},{"not_picked":["Anger","Sword Boomerang","Perfected Strike"],"picked":"SKIP","floor":3},{"not_picked":["Second Wind","Shockwave","Carnage"],"picked":"SKIP","floor":4},{"not_picked":["Ghostly Armor","Perfected Strike"],"picked":"Rampage","floor":5},{"not_picked":["Combust","Fiend Fire","Disarm"],"picked":"SKIP","floor":6},{"not_picked":["Clothesline","Blood for Blood"],"picked":"Iron Wave","floor":11},{"not_picked":["Iron Wave","Second Wind","Thunderclap"],"picked":"SKIP","floor":13}],"player_experience":733847,"relics_obtained":[{"floor":6,"key":"Happy Flower"},{"floor":9,"key":"Bronze Scales"},{"floor":13,"key":"Regal Pillow"}],"event_choices":[{"event_name":"Transmorgrifier","player_choice":"Transform","floor":8,"damage_taken":0},{"event_name":"Scrap Ooze","player_choice":"success","floor":12,"damage_taken":18},{"event_name":"Golden Idol","player_choice":"Ignored","floor":14,"damage_taken":0}],"is_beta":false,"boss_relics":[],"items_purged_floors":[2],"is_endless":false,"potions_floor_spawned":[4,5,6,11],"killed_by":"Slime Boss","ascension_level":2}