{"gold_per_floor":[13,26,38,52,102,102,113,127,181,146,146,173,173,38,38,112,112,125,140,155,169,43,43,61,75,75,75,75],"floor_reached":28,"playtime":981,"items_purged":[],"score":403,"play_id":"00b68d15-d55e-40ee-a2e0-cf3c1fcae578","local_time":"20190521012843","is_ascension_mode":true,"campfire_choices":[{"data":"Bash","floor":6.0,"key":"SMITH"},{"data":"Inflame","floor":11.0,"key":"SMITH"},{"floor":13.0,"key":"REST"},{"data":"Shrug It Off","floor":15.0,"key":"SMITH"},{"floor":23,"key":"REST"},{"floor":27,"key":"REST"}],"neow_cost":"NO_GOLD","seed_source_timestamp":390633897859122,"circlet_count":0,"master_deck":["AscendersBane","Strike_R+1","Strike_R","Strike_R+1","Defend_R","Defend_R","Bash+1","Shrug It Off+1","Pommel Strike","Inflame+1","Demon Form","Flame Barrier","Warcry+1","Inflame","Metallicize","Sword Boomerang","Flame Barrier"],"special_seed":0,"relics":["Burning Blood","Whetstone","Red Skull","Tiny Chest","Empty Cage","StoneCalendar"],"potions_floor_usage":[24,24],"damage_taken":[{"damage":1.0,"enemies":"Cultist","floor":1.0,"turns":3.0},{"damage":8.0,"enemies":"Jaw Worm","floor":2.0,"turns":5.0},{"damage":0.0,"enemies":"2 Louse","floor":3.0,"turns":4.0},{"damage":22.0,"enemies":"2 Fungi Beasts","floor":4.0,"turns":5.0},{"damage":19.0,"enemies":"Large Slime","floor":7.0,"turns":7.0},{"damage":4.0,"enemies":"Looter","floor":8.0,"turns":3.0},{"damage":27.0,"enemies":"3 Sentries","floor":12.0,"turns":8.0},{"damage":37.0,"enemies":"The Guardian","floor":16.0,"turns":12.0},{"damage":1.0,"enemies":"Chosen","floor":18.0,"turns":4.0},{"damage":14,"enemies":"Spheric Guardian","floor":19,"turns":4},{"damage":22,"enemies":"Snecko","floor":20,"turns":6},{"damage":40,"enemies":"Chosen and Byrds","floor":21,"turns":6},{"damage":9,"enemies":"Centurion and Healer","floor":24,"turns":8},{"damage":45,"enemies":"Sentry and Sphere","floor":25,"turns":6},{"damage":32,"enemies":"Book of Stabbing","floor":28,"turns":3}],"seed_played":"-1753720227890698709","potions_obtained":[{"floor":3.0,"key":"EssenceOfSteel"},{"floor":4.0,"key":"Energy Potion"},{"floor":12.0,"key":"Strength Potion"},{"floor":19,"key":"Poison Potion"},{"floor":24,"key":"Explosive Potion"}],"is_trial":false,"path_per_floor":["M","M","M","M","?","R","M","M","T","?","R","E","R","$","R","B",null,"M","M","M","M","$","R","M","M","T","R","E"],"character_chosen":"IRONCLAD","items_purchased":["Tiny Chest","Metallicize","Regen Potion"],"campfire_rested":3,"item_purchase_floors":[14,22,22],"current_hp_per_floor":[73,71,75,59,59,59,46,48,48,66,66,45,67,67,67,36,65,70,62,46,12,12,34,46,7,7,29,0],"gold":75,"neow_bonus":"REMOVE_TWO","is_prod":false,"is_daily":false,"chose_seed":false,"campfire_upgraded":3,"win_rate":0,"timestamp":1558373323,"path_taken":["M","M","M","M","?","R","M","?","T","?","R","E","R","?","R","BOSS","M","M","?","M","$","R","M","M","T","R","E"],"build_version":"2019-01-23","purchased_purges":0,"victory":false,"max_hp_per_floor":[75,75,75,75,75,75,75,75,75,75,75,75,75,75,75,75,75,75,75,75,75,75,75,75,75,75,75,75],"card_choices":[{"not_picked":["Wild Strike","Clothesline","Blood for Blood"],"picked":"SKIP","floor":1.0},{"not_picked":["Headbutt","Anger"],"picked":"Shrug It Off","floor":2.0},{"not_picked":["Iron Wave","Heavy Blade","Wild Strike"],"picked":"SKIP","floor":3.0},{"not_picked":["Havoc","Armaments"],"picked":"Pommel Strike","floor":4.0},{"not_picked":["Havoc","Dark Embrace","Pommel Strike"],"picked":"SKIP","floor":7.0},{"not_picked":["Infernal Blade","Fire Breathing"],"picked":"Inflame","floor":8.0},{"not_picked":["Sever Soul","Entrench","Dark Embrace"],"picked":"SKIP","floor":12.0},{"not_picked":["Immolate","Brutality"],"picked":"Demon Form","floor":16.0},{"not_picked":["Burning Pact","Pommel Strike","Iron Wave"],"picked":"SKIP","floor":18.0},{"not_picked":["Seeing Red","Armaments"],"picked":"Flame Barrier","floor":19},{"not_picked":["Rage+1","True Grit"],"picked":"Warcry+1","floor":20},{"not_picked":["Havoc","Pommel Strike"],"picked":"Inflame","floor":21},{"not_picked":["Wild Strike","Barricade"],"picked":"Sword Boomerang","floor":24},{"not_picked":["Rupture","Clash"],"picked":"Flame Barrier","floor":25}],"player_experience":548297,"relics_obtained":[{"floor":9.0,"key":"Whetstone"},{"floor":12.0,"key":"Red Skull"},{"floor":26,"key":"StoneCalendar"}],"event_choices":[{"damage_healed":0.0,"max_hp_gain":0.0,"max_hp_loss":0.0,"gold_gain":50.0,"event_name":"Golden Shrine","player_choice":"Pray","floor":5.0,"gold_loss":0.0,"damage_taken":0.0},{"damage_healed":18.0,"max_hp_gain":0.0,"max_hp_loss":0.0,"gold_gain":0.0,"event_name":"The Cleric","player_choice":"Healed","floor":10.0,"gold_loss":35.0,"damage_taken":0.0}],"is_beta":false,"boss_relics":[{"not_picked":["Orrery","Black Star"],"picked":"Empty Cage"}],"items_purged_floors":[],"is_endless":false,"potions_floor_spawned":[3,4,8,12,19,24],"killed_by":"Book of Stabbing","ascension_level":16}