{"path_per_floor":["M","M","M","M","$","R","?","M","T","M","?","T","M","E","R","B",null,"M","M","$","?","M","E","?","M","T","E","R","?","$","M","R","B",null,"M","?","M","?","M","R","M","$","T","M","M","?","M","?","R","B"],"character_chosen":"IRONCLAD","items_purchased":["Rampage","Meat on the Bone","Metallicize","Pommel Strike"],"gold_per_floor":[111,128,146,157,6,6,181,201,254,269,269,320,339,365,365,462,462,450,463,41,41,54,85,10,24,24,52,52,52,2,16,16,117,117,129,129,148,196,214,214,231,106,106,122,132,132,148,148,148,148],"floor_reached":51,"campfire_rested":1,"playtime":4671,"current_hp_per_floor":[76,80,80,80,80,80,80,80,80,79,79,79,78,74,74,25,90,80,57,57,57,57,50,50,56,56,49,49,90,90,58,58,40,90,90,90,82,64,75,75,70,70,70,59,46,46,57,57,84,35],"items_purged":["Defend_R","Doubt","Strike_R"],"gold":148,"play_id":"9c6a9101-7b8a-45fc-ac57-4eb2de306f6c","is_prod":false,"is_daily":false,"is_ascension_mode":true,"campfire_upgraded":5,"path_taken":["M","M","M","M","$","R","?","M","T","M","?","?","M","E","R","BOSS","M","M","$","?","M","E","?","M","T","E","R","?","$","M","R","BOSS","M","?","M","?","M","R","M","$","T","M","?","?","M","?","R","BOSS"],"build_version":"2018-02-01-PROD3","purchased_purges":3,"victory":true,"master_deck":["Strike_R","Strike_R","Defend_R","Defend_R","Bash","Blood for Blood","Iron Wave+1","True Grit+1","Shrug It Off+1","Rampage+1","Shrug It Off","Flame Barrier","Reaper","Warcry+1","Headbutt+1","Whirlwind+1","Clash+1","Burning Pact","Headbutt","Pommel Strike+1","Flame Barrier+1","Pommel Strike+1","Shockwave+1"],"max_hp_per_floor":[80,80,80,80,80,80,80,80,80,80,80,80,80,90,90,90,90,90,90,90,90,90,90,90,90,90,90,90,90,90,90,90,90,90,90,90,90,90,90,90,90,90,90,90,90,90,90,90,90,90],"relics":["Burning Blood","Tiny Chest","Bag of Preparation","Pear","Sozu","Meat on the Bone","Blood Vial","Bottled Flame","Magic Flower","Velvet Choker","Shovel","Red Skull"],"card_choices":[{"not_picked":["Cleave","Perfected Strike"],"picked":"Blood for Blood"},{"not_picked":["Heavy Blade","Spot Weakness"],"picked":"Iron Wave"},{"not_picked":["Feel No Pain","Clothesline"],"picked":"True Grit"},{"not_picked":["Hemokinesis","Cleave"],"picked":"Shrug It Off"},{"not_picked":["Searing Blow","Spot Weakness"],"picked":"Shrug It Off"},{"not_picked":["Iron Wave","Rage"],"picked":"Flame Barrier"},{"not_picked":["Exhume","Juggernaut"],"picked":"Reaper"},{"not_picked":["Sword Boomerang","Pommel Strike"],"picked":"Warcry"},{"not_picked":["Entrench","Cleave"],"picked":"Headbutt"},{"not_picked":["Entrench","Clash"],"picked":"Whirlwind"},{"not_picked":["Anger","Limit Break"],"picked":"Clash"},{"not_picked":["Fire Breathing","Power Through"],"picked":"Burning Pact"},{"not_picked":["Cleave","Flex"],"picked":"Headbutt"},{"not_picked":["Havoc","Flex"],"picked":"Flame Barrier"},{"not_picked":["Heavy Blade","Perfected Strike"],"picked":"Pommel Strike"},{"not_picked":["Juggernaut","Inflame"],"picked":"Shockwave"}],"player_experience":396344,"potions_floor_usage":[8,13,16],"damage_taken":[{"damage":10,"enemies":"Small Slimes","floor":1,"turns":3},{"damage":2,"enemies":"Jaw Worm","floor":2,"turns":3},{"damage":1,"enemies":"Cultist","floor":3,"turns":3},{"damage":0,"enemies":"Exordium Wildlife","floor":4,"turns":4},{"damage":2,"enemies":"Looter","floor":8,"turns":2},{"damage":7,"enemies":"2 Fungi Beasts","floor":10,"turns":4},{"damage":7,"enemies":"3 Louse","floor":13,"turns":4},{"damage":20,"enemies":"Gremlin Nob","floor":14,"turns":5},{"damage":55,"enemies":"The Guardian","floor":16,"turns":11},{"damage":16,"enemies":"2 Thieves","floor":18,"turns":4},{"damage":29,"enemies":"Shell Parasite","floor":19,"turns":6},{"damage":6,"enemies":"Centurion and Healer","floor":22,"turns":7},{"damage":25,"enemies":"Book of Stabbing","floor":23,"turns":7},{"damage":18,"enemies":"Snake Plant","floor":25,"turns":6},{"damage":39,"enemies":"Gremlin Leader","floor":27,"turns":8},{"damage":47,"enemies":"Slaver and Parasite","floor":31,"turns":5},{"damage":54,"enemies":"Champ","floor":33,"turns":12},{"damage":5,"enemies":"3 Shapes","floor":35,"turns":5},{"damage":17,"enemies":"Orb Walker","floor":37,"turns":3},{"damage":66,"enemies":"Mysterious Sphere","floor":38,"turns":8},{"damage":6,"enemies":"Maw","floor":39,"turns":8},{"damage":17,"enemies":"3 Darklings","floor":41,"turns":4},{"damage":59,"enemies":"4 Shapes","floor":44,"turns":5},{"damage":43,"enemies":"Sphere and 2 Shapes","floor":45,"turns":4},{"damage":16,"enemies":"Maw","floor":47,"turns":7},{"damage":94,"enemies":"Awakened One","floor":50,"turns":12}],"event_choices":[{"event_name":"Liars Game","player_choice":"agreed","floor":7,"damage_taken":0},{"event_name":"Match and Keep!","player_choice":"0 cards matched","floor":11,"damage_taken":0},{"event_name":"Back to Basics","player_choice":"Elegance","floor":21,"damage_taken":0},{"event_name":"Beggar","player_choice":"Gave Gold","floor":24,"damage_taken":0},{"event_name":"Wheel of Change","player_choice":"Full Heal","floor":29,"damage_taken":0},{"event_name":"Accursed Blacksmith","player_choice":"Forge","floor":36,"damage_taken":0},{"event_name":"Mysterious Sphere","player_choice":"Fight","floor":38,"damage_taken":0},{"event_name":"Match and Keep!","player_choice":"0 cards matched","floor":46,"damage_taken":0}],"boss_relics":[{"not_picked":["Ectoplasm","Runic Cube"],"picked":"Sozu"},{"not_picked":["Philosopher\u0027s Stone","Question Card"],"picked":"Velvet Choker"}],"potions_floor_spawned":[1,3,10,14,22,23,31,35,37,39,41,45],"seed_played":"-7091662614927252535","ascension_level":2,"is_trial":false}