{"path_per_floor":["M","?","M","M","$","R","E","R","T","?","T","M","R","E","R","B",null,"M","$","?","T","M","R","?","M","T","R","$","E","M","E","R"],"character_chosen":"IRONCLAD","items_purchased":["Pommel Strike","Singing Bowl","Oddly Smooth Stone"],"gold_per_floor":[111,111,121,133,87,87,113,113,113,288,312,324,324,355,355,459,459,473,106,106,106,121,121,121,132,210,210,160,185,200,228,228],"floor_reached":33,"campfire_rested":2,"playtime":2117,"current_hp_per_floor":[80,80,80,80,80,80,48,48,48,48,48,49,49,50,50,19,80,67,67,67,67,57,57,57,54,54,78,78,47,54,30,56],"items_purged":["Doubt","Strike_R"],"gold":228,"play_id":"e4a9eab5-9ba4-4658-b0b4-e8ece736fccc","is_prod":false,"is_daily":false,"is_ascension_mode":false,"campfire_upgraded":5,"path_taken":["M","?","M","M","$","R","E","R","T","?","?","?","R","E","R","BOSS","M","$","?","?","?","R","?","M","T","R","$","E","M","E","R","BOSS"],"build_version":"2018-01-25-PROD3","purchased_purges":2,"victory":false,"master_deck":["Strike_R+1","Defend_R","Defend_R","Defend_R","Bash+1","Shrug It Off+1","Wild Strike+1","Rampage+1","Pommel Strike+1","Cleave+1","Sword Boomerang+1","Pommel Strike+1"],"max_hp_per_floor":[80,80,80,80,80,80,80,80,80,80,80,80,80,80,80,80,80,80,80,80,80,82,82,82,82,82,82,82,84,86,88,88],"relics":["Burning Blood","Meat on the Bone","Unceasing Top","Pen Nib","Gambling Chip","Astrolabe","Singing Bowl","Oddly Smooth Stone","Calipers","Smiling Mask","Whetstone","Ancient Tea Set"],"card_choices":[{"not_picked":["Warcry","Armaments"],"picked":"Shrug It Off"},{"not_picked":["Flex","Armaments"],"picked":"Rampage"},{"not_picked":["Iron Wave","Cleave"],"picked":"Pommel Strike"}],"player_experience":274972,"potions_floor_usage":[14,14,31,31,33],"damage_taken":[{"damage":0,"enemies":"2 Louse","floor":1,"turns":3},{"damage":4,"enemies":"Blue Slaver","floor":3,"turns":6},{"damage":0,"enemies":"Small Slimes","floor":4,"turns":3},{"damage":38,"enemies":"3 Sentries","floor":7,"turns":7},{"damage":5,"enemies":"Exordium Wildlife","floor":12,"turns":4},{"damage":17,"enemies":"Lagavulin","floor":14,"turns":6},{"damage":49,"enemies":"Slime Boss","floor":16,"turns":14},{"damage":19,"enemies":"Spheric Guardian","floor":18,"turns":4},{"damage":30,"enemies":"3 Byrds","floor":22,"turns":4},{"damage":21,"enemies":"3 Cultists","floor":25,"turns":5},{"damage":51,"enemies":"Book of Stabbing","floor":29,"turns":4},{"damage":1,"enemies":"Chosen and Byrds","floor":30,"turns":5},{"damage":44,"enemies":"Slavers","floor":31,"turns":6},{"damage":90,"enemies":"Collector","floor":33,"turns":10}],"event_choices":[{"event_name":"Transmorgrifier","player_choice":"Transform","floor":2,"damage_taken":0},{"event_name":"Liars Game","player_choice":"agreed","floor":10,"damage_taken":0},{"event_name":"Back to Basics","player_choice":"Elegance","floor":20,"damage_taken":0},{"event_name":"Drug Dealer","player_choice":"Ignored","floor":24,"damage_taken":0}],"boss_relics":[{"not_picked":["Snecko Eye","Orrery"],"picked":"Astrolabe"}],"potions_floor_spawned":[4,7,16,29,30,31],"seed_played":"-2737758580288742610","killed_by":"Collector","ascension_level":0,"is_trial":false}