{"gold_per_floor":[115,14,14,14,25,51,70,133,133,133,165,178,178,209,209,334,334,355,355,14,14,14,48,67,90,138,237,251,251,265,284,284,384,384,395,405,415,426,426,426,2,18,18,18,18,37,48,0,0,0,0,0,0,25,25],"floor_reached":55,"playtime":2359,"items_purged":["Writhe"],"score":1119,"play_id":"909fa29e-1e82-4c55-8b04-188929603688","local_time":"20190429163913","is_ascension_mode":true,"campfire_choices":[{"data":"Doom and Gloom","floor":10,"key":"SMITH"},{"data":"Conserve Battery","floor":15,"key":"SMITH"},{"floor":32,"key":"REST"},{"floor":40,"key":"RECALL"},{"floor":49,"key":"REST"},{"floor":52,"key":"REST"}],"neow_cost":"NONE","seed_source_timestamp":698242541599778,"circlet_count":0,"master_deck":["AscendersBane","Strike_B+1","Strike_B+1","Strike_B+1","Strike_B+1","Defend_B+1","Defend_B+1","Defend_B+1","Defend_B+1","Zap","Dualcast","FTL","Doom and Gloom+1","Hologram","Gash+1","Conserve Battery+1","Biased Cognition","Undo","Go for the Eyes","Machine Learning","Sunder+1","Buffer","Compile Driver+1","Consume","Conserve Battery","Machine Learning","Sweeping Beam","Double Energy","Biased Cognition","Electrodynamics","Barrage+1","Loop","Beam Cell+1","Storm","Seek"],"relics":["Cracked Core","NeowsBlessing","Incense Burner","Dead Branch","Centennial Puzzle","Mummified Hand","Vajra","Bloody Idol","Happy Flower","Fusion Hammer","MutagenicStrength","Runic Capacitor","Darkstone Periapt","Whetstone","Busted Crown","ClockworkSouvenir","PreservedInsect","Red Mask","Bag of Marbles"],"potions_floor_usage":[8,11,31,33,38,38],"damage_taken":[{"damage":0,"enemies":"Cultist","floor":1,"turns":1},{"damage":0,"enemies":"2 Louse","floor":5,"turns":1},{"damage":0,"enemies":"Lagavulin","floor":6,"turns":1},{"damage":7,"enemies":"Jaw Worm","floor":7,"turns":4},{"damage":18,"enemies":"Lagavulin Event","floor":8,"turns":5},{"damage":8,"enemies":"Gremlin Nob","floor":11,"turns":3},{"damage":13,"enemies":"Exordium Wildlife","floor":12,"turns":3},{"damage":6,"enemies":"3 Sentries","floor":14,"turns":6},{"damage":10,"enemies":"Hexaghost","floor":16,"turns":8},{"damage":0,"enemies":"2 Thieves","floor":18,"turns":3},{"damage":23,"enemies":"Slavers","floor":23,"turns":5},{"damage":4,"enemies":"3 Byrds","floor":24,"turns":5},{"damage":2,"enemies":"Centurion and Healer","floor":25,"turns":5},{"damage":0,"enemies":"Cultist and Chosen","floor":28,"turns":3},{"damage":1,"enemies":"Snake Plant","floor":30,"turns":4},{"damage":7,"enemies":"Centurion and Healer","floor":31,"turns":4},{"damage":29,"enemies":"Champ","floor":33,"turns":10},{"damage":0,"enemies":"3 Darklings","floor":35,"turns":3},{"damage":3,"enemies":"Orb Walker","floor":36,"turns":2},{"damage":16,"enemies":"Spire Growth","floor":37,"turns":5},{"damage":19,"enemies":"Writhing Mass","floor":38,"turns":3},{"damage":38,"enemies":"Sphere and 2 Shapes","floor":42,"turns":4},{"damage":12,"enemies":"3 Darklings","floor":46,"turns":3},{"damage":23,"enemies":"Writhing Mass","floor":47,"turns":5},{"damage":44,"enemies":"Donu and Deca","floor":50,"turns":5},{"damage":10,"enemies":"Shield and Spear","floor":54,"turns":3},{"damage":75,"enemies":"The Heart","floor":55,"turns":3}],"seed_played":"-6433966112128921086","potions_obtained":[{"floor":1,"key":"LiquidBronze"},{"floor":5,"key":"SneckoOil"},{"floor":8,"key":"Regen Potion"},{"floor":18,"key":"FearPotion"},{"floor":28,"key":"Swift Potion"},{"floor":36,"key":"PowerPotion"},{"floor":37,"key":"PowerPotion"},{"floor":42,"key":"Fire Potion"}],"is_trial":false,"path_per_floor":["M","$","?","?","M","E","M","?","T","R","E","M","?","E","R","B",null,"M","?","$","?","$","E","M","M","T","?","M","?","M","M","R","B",null,"M","M","M","M","?","R","$","M","T","?","?","M","M","?","R","B",null,"R","$","E","B"],"character_chosen":"DEFECT","items_purchased":["Doom and Gloom","Hologram","Runic Capacitor","Consume","Conserve Battery","ClockworkSouvenir","PreservedInsect"],"campfire_rested":3,"item_purchase_floors":[2,2,20,20,20,41,41],"current_hp_per_floor":[68,68,68,56,56,56,49,31,31,31,32,19,19,13,13,3,53,53,53,53,53,53,30,26,24,24,24,24,24,28,26,46,22,57,62,64,53,39,62,62,62,29,29,29,66,59,41,41,60,16,54,66,66,61,0],"gold":25,"neow_bonus":"THREE_ENEMY_KILL","is_prod":false,"is_daily":false,"chose_seed":false,"campfire_upgraded":2,"win_rate":0,"timestamp":1556548753,"path_taken":["M","$","?","?","M","E","M","?","T","R","E","M","?","E","R","BOSS","M","?","$","?","?","E","M","M","T","?","?","?","M","M","R","BOSS","M","M","M","M","?","R","$","M","T","?","?","M","M","?","R","BOSS","R","$","E","BOSS"],"build_version":"2019-04-23","purchased_purges":1,"victory":false,"max_hp_per_floor":[75,75,75,75,75,75,75,75,75,75,75,75,69,69,69,69,69,69,69,69,69,69,69,69,69,69,69,69,69,69,69,69,69,69,69,69,69,69,75,75,75,75,75,75,66,66,66,66,66,66,66,66,66,66,66],"card_choices":[{"not_picked":["White Noise","Turbo"],"picked":"FTL","floor":1},{"not_picked":["Heatsinks","Stack"],"picked":"Gash","floor":5},{"not_picked":["Hologram","Redo"],"picked":"Conserve Battery","floor":6},{"not_picked":["Reinforced Body","Turbo"],"picked":"Biased Cognition","floor":7},{"not_picked":["Conserve Battery","Turbo"],"picked":"Undo","floor":8},{"not_picked":["Barrage","Melter"],"picked":"Go for the Eyes","floor":11},{"not_picked":["Conserve Battery","Cold Snap"],"picked":"Machine Learning","floor":12},{"not_picked":["Double Energy","Scrape"],"picked":"Sunder","floor":14},{"not_picked":["Multi-Cast","Electrodynamics"],"picked":"Buffer","floor":16},{"not_picked":["Go for the Eyes","Rebound"],"picked":"Compile Driver+1","floor":18},{"not_picked":["Steam","Double Energy"],"picked":"Machine Learning","floor":23},{"not_picked":["Compile Driver","Gash"],"picked":"Sweeping Beam","floor":24},{"not_picked":["Rebound","Beam Cell+1"],"picked":"Double Energy","floor":25},{"not_picked":["Gash","Reprogram","Turbo"],"picked":"SKIP","floor":28},{"not_picked":["Skim","Stack"],"picked":"Biased Cognition","floor":30},{"not_picked":["Double Energy","Chaos","Leap"],"picked":"SKIP","floor":31},{"not_picked":["All For One","Meteor Strike"],"picked":"Electrodynamics","floor":33},{"not_picked":[],"picked":"Barrage+1","floor":35},{"not_picked":["Sweeping Beam"],"picked":"SKIP","floor":36},{"not_picked":[],"picked":"Loop","floor":37},{"not_picked":[],"picked":"Beam Cell+1","floor":38},{"not_picked":["Compile Driver+1"],"picked":"SKIP","floor":42},{"not_picked":[],"picked":"Storm","floor":46},{"not_picked":["Hologram"],"picked":"SKIP","floor":47},{"not_picked":[],"picked":"Seek","floor":54}],"player_experience":1321780,"relics_obtained":[{"floor":6,"key":"Dead Branch"},{"floor":8,"key":"Centennial Puzzle"},{"floor":9,"key":"Mummified Hand"},{"floor":11,"key":"Vajra"},{"floor":14,"key":"Happy Flower"},{"floor":23,"key":"Darkstone Periapt"},{"floor":26,"key":"Whetstone"},{"floor":54,"key":"Bag of Marbles"}],"event_choices":[{"damage_healed":0,"gold_gain":0,"player_choice":"Leave","damage_taken":0,"max_hp_gain":0,"max_hp_loss":0,"event_name":"The Cleric","floor":3,"gold_loss":0},{"damage_healed":0,"gold_gain":0,"player_choice":"Success","damage_taken":12,"relics_obtained":["Incense Burner"],"max_hp_gain":0,"max_hp_loss":0,"event_name":"Scrap Ooze","floor":4,"gold_loss":0},{"damage_healed":0,"gold_gain":0,"player_choice":"Searched \u00271\u0027 times","damage_taken":0,"max_hp_gain":0,"max_hp_loss":0,"event_name":"Dead Adventurer","floor":8,"gold_loss":0},{"damage_healed":0,"gold_gain":0,"player_choice":"Lose Max HP","damage_taken":0,"relics_obtained":["Golden Idol"],"max_hp_gain":0,"max_hp_loss":6,"event_name":"Golden Idol","floor":13,"gold_loss":0},{"damage_healed":0,"gold_gain":0,"player_choice":"Inject Mutagens","damage_taken":0,"relics_obtained":["MutagenicStrength"],"max_hp_gain":0,"max_hp_loss":0,"event_name":"Drug Dealer","floor":19,"gold_loss":0},{"damage_healed":0,"gold_gain":0,"player_choice":"Simplicity","damage_taken":0,"max_hp_gain":0,"max_hp_loss":0,"event_name":"Back to Basics","floor":21,"gold_loss":0,"cards_upgraded":["Strike_B","Strike_B","Strike_B","Strike_B","Defend_B","Defend_B","Defend_B","Defend_B"]},{"damage_healed":0,"gold_gain":99,"player_choice":"Stole From Cult","damage_taken":0,"max_hp_gain":0,"max_hp_loss":0,"event_name":"Nest","floor":27,"gold_loss":0},{"damage_healed":0,"gold_gain":0,"player_choice":"Gave Idol","damage_taken":0,"relics_obtained":["Bloody Idol"],"max_hp_gain":0,"max_hp_loss":0,"event_name":"Forgotten Altar","floor":29,"relics_lost":["Golden Idol"],"gold_loss":0},{"damage_healed":17,"gold_gain":0,"player_choice":"Writhe","damage_taken":0,"max_hp_gain":0,"max_hp_loss":0,"event_name":"Winding Halls","floor":39,"gold_loss":0,"cards_obtained":["Writhe"]},{"damage_healed":0,"gold_gain":0,"player_choice":"Ignored","damage_taken":0,"max_hp_gain":0,"max_hp_loss":0,"event_name":"Mysterious Sphere","floor":44,"gold_loss":0},{"damage_healed":66,"gold_gain":0,"player_choice":"Heal","damage_taken":0,"max_hp_gain":0,"max_hp_loss":9,"event_name":"The Moai Head","floor":45,"gold_loss":0},{"damage_healed":0,"gold_gain":0,"player_choice":"Paid","damage_taken":0,"relics_obtained":["Red Mask"],"max_hp_gain":0,"max_hp_loss":0,"event_name":"Tomb of Lord Red Mask","floor":48,"gold_loss":48}],"is_beta":true,"boss_relics":[{"not_picked":["Velvet Choker","Eternal Feather"],"picked":"Fusion Hammer"},{"not_picked":["Orrery","FrozenCore"],"picked":"Busted Crown"}],"items_purged_floors":[41],"is_endless":false,"potions_floor_spawned":[1,5,8,18,25,28,30,36,37,42],"killed_by":"The Heart","ascension_level":12}