{"path_per_floor":["M","$","?","?","M","E","M","E","T","$","M","E","?","M","R","B",null,"M","?","?","?","T","R","E","M","T","M","R","$","E","?","R","B",null,"M","M","?","?","M","R","M","R","T","R","?","M","T","E","R","B"],"character_chosen":"IRONCLAD","items_purchased":["Thread and Needle","Battle Trance","Sever Soul","Anchor","Heavy Blade"],"gold_per_floor":[363,14,14,14,26,61,76,104,130,55,69,99,99,112,112,207,207,219,219,219,134,158,158,188,198,269,286,286,21,55,55,55,156,156,170,181,181,181,199,199,210,210,210,210,0,12,312,342,342,342],"floor_reached":51,"campfire_rested":1,"playtime":3190,"current_hp_per_floor":[67,67,53,41,47,37,43,49,49,49,55,54,54,60,60,34,72,72,72,57,57,57,57,76,77,77,73,73,73,77,77,77,9,77,53,35,35,35,62,62,71,71,71,71,71,56,56,50,73,52],"items_purged":["Regret"],"gold":342,"play_id":"a25bcfa4-c69d-4a63-a4bf-faea99676b7b","is_prod":false,"is_daily":false,"is_ascension_mode":false,"campfire_upgraded":6,"path_taken":["M","$","?","?","M","E","M","E","T","$","M","E","?","M","R","BOSS","M","?","?","?","?","R","E","M","T","M","R","$","E","?","R","BOSS","M","M","?","?","M","R","M","R","T","R","?","M","?","E","R","BOSS"],"build_version":"2018-01-25-PROD3","purchased_purges":1,"victory":true,"master_deck":["Strike_R+1","Strike_R+1","Strike_R+1","Strike_R+1","Strike_R+1","Defend_R+1","Defend_R+1","Defend_R+1","Bash","Wild Strike","Battle Trance+1","Spot Weakness","Thunderclap","Pummel","Wild Strike","Sever Soul","Limit Break+1","Inflame+1","Pommel Strike","Reaper","Armaments+1","Sever Soul+1","Flex+1","Heavy Blade+1","Dual Wield+1","Dark Embrace+1","Flex","Immolate","Doubt","Evolve","Clumsy"],"max_hp_per_floor":[72,72,72,72,72,72,72,72,72,72,72,72,72,72,72,72,72,72,72,77,77,77,77,77,77,77,77,77,77,77,77,77,77,77,77,77,77,77,77,77,77,77,77,77,77,77,77,79,79,79],"relics":["Burning Blood","Thread and Needle","Bag of Marbles","Bottled Lightning","Centennial Puzzle","Bag of Preparation","Girya","Champion Belt","Mark of Pain","Juzu Bracelet","Oddly Smooth Stone","Blue Candle","Kunai","Anchor","Toolbox","Cursed Key","Peace Pipe","Red Mask","Old Coin","Singing Bowl"],"card_choices":[{"not_picked":["Ghostly Armor","Power Through"],"picked":"Wild Strike"},{"not_picked":["Sentinel","Corruption"],"picked":"Spot Weakness"},{"not_picked":["Disarm","Power Through"],"picked":"Thunderclap"},{"not_picked":["Feel No Pain","Power Through"],"picked":"Pummel"},{"not_picked":["Shrug It Off","Sentinel"],"picked":"Wild Strike"},{"not_picked":["Fire Breathing","Evolve"],"picked":"Limit Break"},{"not_picked":["Metallicize","Dual Wield"],"picked":"Inflame"},{"not_picked":["True Grit","Clash"],"picked":"Pommel Strike"},{"not_picked":["Brutality","Fiend Fire"],"picked":"Reaper"},{"not_picked":["Power Through","Perfected Strike"],"picked":"Armaments"},{"not_picked":["Wild Strike","Metallicize"],"picked":"Sever Soul"},{"not_picked":["Pommel Strike","Thunderclap"],"picked":"Flex"},{"not_picked":["Sword Boomerang","Barricade"],"picked":"Dual Wield"},{"not_picked":["Exhume","Fiend Fire"],"picked":"Dark Embrace"},{"not_picked":["Shrug It Off","Reckless Charge"],"picked":"Flex"},{"not_picked":["Wild Strike","Infernal Blade"],"picked":"Immolate"},{"not_picked":["Dropkick","Havoc"],"picked":"Evolve"}],"player_experience":264929,"potions_floor_usage":[8,8,16,24,33,33,39,48,50],"damage_taken":[{"damage":11,"enemies":"Jaw Worm","floor":1,"turns":2},{"damage":0,"enemies":"Cultist","floor":5,"turns":2},{"damage":16,"enemies":"3 Sentries","floor":6,"turns":6},{"damage":0,"enemies":"Small Slimes","floor":7,"turns":2},{"damage":0,"enemies":"Gremlin Nob","floor":8,"turns":2},{"damage":0,"enemies":"3 Louse","floor":11,"turns":2},{"damage":7,"enemies":"3 Sentries","floor":12,"turns":3},{"damage":0,"enemies":"2 Fungi Beasts","floor":14,"turns":2},{"damage":32,"enemies":"Slime Boss","floor":16,"turns":7},{"damage":1,"enemies":"Chosen","floor":18,"turns":3},{"damage":8,"enemies":"Gremlin Leader","floor":24,"turns":5},{"damage":1,"enemies":"Spheric Guardian","floor":25,"turns":3},{"damage":11,"enemies":"Snecko","floor":27,"turns":4},{"damage":0,"enemies":"Slavers","floor":30,"turns":2},{"damage":74,"enemies":"Automaton","floor":33,"turns":7},{"damage":30,"enemies":"3 Darklings","floor":35,"turns":5},{"damage":24,"enemies":"3 Shapes","floor":36,"turns":3},{"damage":3,"enemies":"Sphere and 2 Shapes","floor":39,"turns":3},{"damage":11,"enemies":"3 Darklings","floor":41,"turns":3},{"damage":21,"enemies":"Maw","floor":46,"turns":5},{"damage":29,"enemies":"Giant Head","floor":48,"turns":7},{"damage":46,"enemies":"Awakened One","floor":50,"turns":6}],"event_choices":[{"event_name":"Shining Light","player_choice":"Entered Light","floor":3,"damage_taken":0},{"event_name":"Scrap Ooze","player_choice":"success","floor":4,"damage_taken":12},{"event_name":"Big Fish","player_choice":"Box","floor":13,"damage_taken":0},{"event_name":"Back to Basics","player_choice":"Simplicity","floor":19,"damage_taken":0},{"event_name":"Forgotten Altar","player_choice":"Shed Blood","floor":20,"damage_taken":0},{"event_name":"Addict","player_choice":"Obtained Relic","floor":21,"damage_taken":0},{"event_name":"Drug Dealer","player_choice":"Ignored","floor":31,"damage_taken":0},{"event_name":"The Moai Head","player_choice":"Ignored","floor":38,"damage_taken":0},{"event_name":"Tomb of Lord Red Mask","player_choice":"Paid","floor":45,"damage_taken":0}],"boss_relics":[{"not_picked":["Lizard Tail","Astrolabe"],"picked":"Mark of Pain"},{"not_picked":["Runic Pyramid","Snecko Eye"],"picked":"Cursed Key"}],"potions_floor_spawned":[1,5,11,14,16,24,25,27,30,35,39,46,48],"seed_played":"9082252779743237400","ascension_level":0,"is_trial":false}