{"gold_per_floor":[112,123,123,133,144,144,177,190,241,241,71,71,71,89,89,166,166,176,27,46,99,99,99],"floor_reached":23,"playtime":2916,"items_purged":[],"score":328,"play_id":"36b57b03-5bda-4613-8d3b-b903ebfaf7f4","local_time":"20190418112616","is_ascension_mode":true,"campfire_choices":[{"floor":6.0,"key":"REST"},{"floor":13.0,"key":"REST"},{"data":"White Noise","floor":15.0,"key":"SMITH"}],"neow_cost":"TEN_PERCENT_HP_LOSS","seed_source_timestamp":0,"circlet_count":0,"master_deck":["AscendersBane","Strike_B+1","Strike_B+1","Strike_B","Defend_B","Defend_B","Defend_B","Defend_B","Zap","Dualcast","Secret Weapon","Magnetism","Static Discharge","Go for the Eyes","White Noise+1","Leap","Chill","Gash","HandOfGreed","Leap","Biased Cognition","Lockon","Ball Lightning"],"special_seed":0,"relics":["Cracked Core","Whetstone","Lantern","Inserter","DataDisk"],"potions_floor_usage":[16,16,16,16,23,23],"damage_taken":[{"damage":1.0,"enemies":"Cultist","floor":1.0,"turns":3.0},{"damage":9.0,"enemies":"2 Louse","floor":2.0,"turns":3.0},{"damage":6.0,"enemies":"Jaw Worm","floor":4.0,"turns":3.0},{"damage":39.0,"enemies":"Gremlin Gang","floor":5.0,"turns":4.0},{"damage":16.0,"enemies":"3 Sentries","floor":7.0,"turns":3.0},{"damage":6.0,"enemies":"Looter","floor":8.0,"turns":4.0},{"damage":0.0,"enemies":"2 Fungi Beasts","floor":14.0,"turns":3.0},{"damage":15,"enemies":"The Guardian","floor":16,"turns":10},{"damage":13,"enemies":"Shell Parasite","floor":18,"turns":10},{"damage":1,"enemies":"Spheric Guardian","floor":20,"turns":3},{"damage":10,"enemies":"Shelled Parasite and Fungi","floor":21,"turns":10},{"damage":29,"enemies":"Gremlin Leader","floor":23,"turns":5}],"seed_played":"3794590474076541481","potions_obtained":[{"floor":2.0,"key":"Weak Potion"},{"floor":8.0,"key":"FearPotion"},{"floor":10.0,"key":"EntropicBrew"},{"floor":10.0,"key":"FocusPotion"},{"floor":20,"key":"Weak Potion"},{"floor":21,"key":"Block Potion"}],"is_trial":false,"path_per_floor":["M","M","$","M","M","R","E","M","T","?","$","?","R","M","R","B",null,"M","$","M","M","?","E"],"character_chosen":"DEFECT","items_purchased":["HandOfGreed","DataDisk"],"campfire_rested":2,"item_purchase_floors":[11,19],"current_hp_per_floor":[63,54,54,48,9,28,12,6,6,6,6,6,25,25,25,10,51,38,38,37,27,27,0],"gold":99,"neow_bonus":"RANDOM_COLORLESS_2","is_prod":false,"is_daily":false,"chose_seed":false,"campfire_upgraded":1,"win_rate":0,"timestamp":1555601176,"path_taken":["M","M","$","?","M","R","E","M","T","?","?","?","R","M","R","BOSS","M","$","M","?","?","E"],"build_version":"2019-01-23","purchased_purges":0,"victory":false,"max_hp_per_floor":[64,64,64,64,64,64,64,64,64,64,64,64,64,64,64,64,64,64,64,64,64,64,64],"card_choices":[{"not_picked":["Gash","Conserve Battery"],"picked":"Static Discharge","floor":1.0},{"not_picked":["Coolheaded","Turbo"],"picked":"Go for the Eyes","floor":2.0},{"not_picked":["Loop","Ball Lightning"],"picked":"White Noise","floor":4.0},{"not_picked":["Genetic Algorithm","Beam Cell"],"picked":"Leap","floor":5.0},{"not_picked":["Ball Lightning","Heatsinks"],"picked":"Chill","floor":7.0},{"not_picked":["Aggregate","Capacitor"],"picked":"Gash","floor":8.0},{"not_picked":["Cold Snap","Compile Driver"],"picked":"Leap","floor":14.0},{"not_picked":["Creative AI","Seek"],"picked":"Biased Cognition","floor":16},{"not_picked":["Beam Cell","Stack"],"picked":"Lockon","floor":18},{"not_picked":["Redo","Streamline","Compile Driver"],"picked":"SKIP","floor":20},{"not_picked":["Steam","Rip and Tear"],"picked":"Ball Lightning","floor":21}],"player_experience":2766018,"relics_obtained":[{"floor":7.0,"key":"Whetstone"},{"floor":9.0,"key":"Lantern"}],"event_choices":[{"damage_healed":0.0,"max_hp_gain":0.0,"max_hp_loss":0.0,"gold_gain":0.0,"event_name":"Lab","player_choice":"Got Potions","floor":10.0,"gold_loss":0.0,"damage_taken":0.0},{"cards_removed":["Strike_B"],"damage_healed":0.0,"max_hp_gain":0.0,"max_hp_loss":0.0,"gold_gain":0.0,"event_name":"Purifier","player_choice":"Purged","floor":12.0,"gold_loss":0.0,"damage_taken":0.0},{"damage_healed":0,"gold_gain":0,"player_choice":"Bought 0 Potions","damage_taken":0,"max_hp_gain":0,"max_hp_loss":0,"event_name":"The Woman in Blue","floor":22,"gold_loss":0}],"is_beta":false,"boss_relics":[{"not_picked":["Pandora\u0027s Box","Runic Pyramid"],"picked":"Inserter"}],"items_purged_floors":[],"is_endless":false,"potions_floor_spawned":[2,8,20,21],"killed_by":"Gremlin Leader","ascension_level":14}