{"gold_per_floor":[114,125,125,143,153,178,178,213,225,237],"floor_reached":10,"playtime":330,"items_purged":[],"score":148,"play_id":"663bcc01-9a3b-4fd3-a80f-8cfe28b34698","local_time":"20190507203703","is_ascension_mode":true,"campfire_choices":[{"data":"Coolheaded","floor":7,"key":"SMITH"}],"neow_cost":"NONE","seed_source_timestamp":1405742299026774,"circlet_count":0,"master_deck":["AscendersBane","Strike_B","Strike_B","Strike_B","Strike_B","Defend_B","Defend_B","Defend_B","Defend_B","Zap","Dualcast","Streamline","Ball Lightning","Sweeping Beam","Loop","Coolheaded+1","Steam","Hologram","Conserve Battery"],"relics":["Cracked Core","Potion Belt","MawBank","Darkstone Periapt"],"potions_floor_usage":[6,6,6,8],"damage_taken":[{"damage":4,"enemies":"Jaw Worm","floor":1,"turns":4},{"damage":1,"enemies":"Cultist","floor":2,"turns":3},{"damage":2,"enemies":"Small Slimes","floor":4,"turns":3},{"damage":4,"enemies":"Looter","floor":5,"turns":3},{"damage":16,"enemies":"3 Sentries","floor":6,"turns":5},{"damage":29,"enemies":"Gremlin Nob","floor":8,"turns":4},{"damage":12,"enemies":"2 Fungi Beasts","floor":10,"turns":2}],"seed_played":"-4986578560601111659","potions_obtained":[{"floor":4,"key":"FearPotion"},{"floor":5,"key":"EntropicBrew"}],"is_trial":false,"path_per_floor":["M","M","?","M","M","E","R","E","T","M"],"character_chosen":"DEFECT","items_purchased":[],"campfire_rested":0,"item_purchase_floors":[],"current_hp_per_floor":[60,59,59,57,53,37,37,8,8,0],"gold":237,"neow_bonus":"THREE_CARDS","is_prod":false,"is_daily":false,"chose_seed":false,"campfire_upgraded":1,"win_rate":0,"timestamp":1557254223,"path_taken":["M","M","?","M","M","E","R","E","T","?"],"build_version":"2019-04-23","purchased_purges":0,"victory":false,"max_hp_per_floor":[71,71,71,71,71,71,71,71,71,71],"card_choices":[{"not_picked":["Rebound","Scrape"],"picked":"Streamline","floor":0},{"not_picked":["Blizzard","Compile Driver"],"picked":"Ball Lightning","floor":1},{"not_picked":["Streamline","Hello World"],"picked":"Sweeping Beam","floor":2},{"not_picked":["Scrape","Leap"],"picked":"Coolheaded","floor":4},{"not_picked":["Hologram","Undo"],"picked":"Steam","floor":5},{"not_picked":["Streamline","Static Discharge"],"picked":"Hologram","floor":6},{"not_picked":["Undo","Lockon"],"picked":"Conserve Battery","floor":8}],"player_experience":1576330,"relics_obtained":[{"floor":6,"key":"Potion Belt"},{"floor":8,"key":"MawBank"},{"floor":9,"key":"Darkstone Periapt"}],"event_choices":[{"damage_healed":0,"gold_gain":0,"player_choice":"1 cards matched","damage_taken":0,"max_hp_gain":0,"max_hp_loss":0,"event_name":"Match and Keep!","floor":3,"gold_loss":0,"cards_obtained":["Loop"]}],"is_beta":true,"boss_relics":[],"items_purged_floors":[],"is_endless":false,"potions_floor_spawned":[4,5],"killed_by":"2 Fungi Beasts","ascension_level":18}