{"gold_per_floor":[111,111,121,137,154,154,217,217,243,3,20,20,32,66,78,195,207,234,257,269,301,228,240,282,294,329,341,353,1,21,50,50,50],"floor_reached":33,"playtime":1974,"items_purged":[],"score":472,"play_id":"eed37b0d-7459-4cd2-adf2-36828d94f040","local_time":"20190504135237","is_ascension_mode":true,"campfire_choices":[{"data":"Sunder","floor":6,"key":"SMITH"},{"data":"Biased Cognition","floor":12,"key":"SMITH"},{"data":"Go for the Eyes","floor":15,"key":"SMITH"},{"floor":23,"key":"REST"},{"floor":25,"key":"REST"},{"floor":27,"key":"REST"},{"floor":32,"key":"REST"}],"neow_cost":"NONE","seed_source_timestamp":738878729734700,"circlet_count":0,"master_deck":["AscendersBane","Strike_B","Strike_B","Strike_B","Strike_B","Defend_B","Defend_B","Defend_B","Zap","Dualcast","Sunder+1","Stack","Cold Snap","Auto Shields","Biased Cognition+1","Go for the Eyes+1","Darkness","Steam","Buffer","Defragment","Leap","Conserve Battery","Tempest+1","Streamline","Hologram","Loop"],"relics":["Cracked Core","GremlinMask","Tiny Chest","Potion Belt","Symbiotic Virus","MawBank","Nuclear Battery","WingedGreaves","Centennial Puzzle","Omamori","StoneCalendar","Bottled Lightning"],"potions_floor_usage":[5,7,10,14,14,31,31],"damage_taken":[{"damage":4,"enemies":"2 Louse","floor":1,"turns":3},{"damage":1,"enemies":"Cultist","floor":3,"turns":3},{"damage":0,"enemies":"Small Slimes","floor":4,"turns":3},{"damage":14,"enemies":"Exordium Thugs","floor":5,"turns":6},{"damage":19,"enemies":"Lagavulin","floor":7,"turns":5},{"damage":0,"enemies":"Looter","floor":11,"turns":3},{"damage":6,"enemies":"3 Louse","floor":13,"turns":3},{"damage":14,"enemies":"Gremlin Nob","floor":14,"turns":4},{"damage":20,"enemies":"Hexaghost","floor":16,"turns":11},{"damage":5,"enemies":"Shell Parasite","floor":18,"turns":6},{"damage":2,"enemies":"Chosen","floor":19,"turns":4},{"damage":10,"enemies":"Snecko","floor":21,"turns":6},{"damage":56,"enemies":"Book of Stabbing","floor":24,"turns":7},{"damage":7,"enemies":"Snake Plant","floor":30,"turns":3},{"damage":13,"enemies":"Gremlin Leader","floor":31,"turns":7},{"damage":84,"enemies":"Collector","floor":33,"turns":6}],"seed_played":"1830213952912412060","potions_obtained":[{"floor":3,"key":"Swift Potion"},{"floor":5,"key":"FearPotion"},{"floor":7,"key":"LiquidBronze"},{"floor":8,"key":"Fruit Juice"},{"floor":13,"key":"Regen Potion"},{"floor":18,"key":"Energy Potion"},{"floor":31,"key":"FearPotion"}],"is_trial":false,"path_per_floor":["M","?","M","M","M","R","E","?","T","$","M","R","M","E","R","B",null,"M","M","?","M","?","R","E","R","T","R","$","$","M","E","R","B"],"character_chosen":"DEFECT","items_purchased":["Symbiotic Virus","StoneCalendar","Streamline","Block Potion"],"campfire_rested":4,"item_purchase_floors":[10,29,29,29],"current_hp_per_floor":[64,64,63,63,49,49,30,30,30,35,35,35,29,27,27,7,62,57,55,55,45,45,69,13,37,37,61,61,61,54,41,65,0],"gold":50,"neow_bonus":"REMOVE_CARD","is_prod":false,"is_daily":false,"chose_seed":false,"campfire_upgraded":3,"win_rate":0,"timestamp":1556970757,"path_taken":["M","?","M","?","M","R","E","?","T","?","M","R","M","E","R","BOSS","M","M","?","M","?","R","E","R","T","R","$","$","M","E","R","BOSS"],"build_version":"2019-01-23","purchased_purges":0,"victory":false,"max_hp_per_floor":[75,75,75,75,75,75,75,75,75,80,80,80,80,80,80,80,80,80,80,80,80,80,80,80,80,80,80,80,80,80,80,80,80],"card_choices":[{"not_picked":["Coolheaded","Gash"],"picked":"Sunder","floor":1},{"not_picked":["Barrage","Static Discharge"],"picked":"Stack","floor":3},{"not_picked":["White Noise","Tempest"],"picked":"Cold Snap","floor":4},{"not_picked":["Coolheaded","Fusion"],"picked":"Auto Shields","floor":5},{"not_picked":["Coolheaded","Rebound"],"picked":"Biased Cognition","floor":7},{"not_picked":["Hello World","Turbo"],"picked":"Go for the Eyes","floor":11},{"not_picked":["Ball Lightning","Rebound"],"picked":"Darkness","floor":13},{"not_picked":["Blizzard","Consume"],"picked":"Steam","floor":14},{"not_picked":["Multi-Cast","Reboot"],"picked":"Buffer","floor":16},{"not_picked":["Chaos","Redo"],"picked":"Defragment","floor":18},{"not_picked":["Hologram","Reinforced Body"],"picked":"Leap","floor":19},{"not_picked":["Ball Lightning","Skim"],"picked":"Conserve Battery","floor":21},{"not_picked":["Conserve Battery","Ball Lightning"],"picked":"Tempest+1","floor":24},{"not_picked":["Gash","Barrage"],"picked":"Hologram","floor":30},{"not_picked":["Hello World","Reinforced Body"],"picked":"Loop","floor":31}],"player_experience":730141,"relics_obtained":[{"floor":7,"key":"Tiny Chest"},{"floor":9,"key":"Potion Belt"},{"floor":14,"key":"MawBank"},{"floor":24,"key":"Centennial Puzzle"},{"floor":26,"key":"Omamori"},{"floor":31,"key":"Bottled Lightning"}],"event_choices":[{"damage_healed":0,"gold_gain":0,"player_choice":"Trade","damage_taken":0,"relics_obtained":["GremlinMask"],"max_hp_gain":0,"max_hp_loss":0,"event_name":"FaceTrader","floor":2,"gold_loss":0},{"damage_healed":0,"gold_gain":0,"player_choice":"Got Potions","damage_taken":0,"max_hp_gain":0,"max_hp_loss":0,"event_name":"Lab","floor":8,"gold_loss":0},{"damage_healed":0,"gold_gain":0,"player_choice":"Ignored","damage_taken":0,"max_hp_gain":0,"max_hp_loss":0,"event_name":"Ghosts","floor":20,"gold_loss":0},{"damage_healed":0,"gold_gain":0,"player_choice":"Obtained Relic","damage_taken":0,"relics_obtained":["WingedGreaves"],"max_hp_gain":0,"max_hp_loss":0,"event_name":"Addict","floor":22,"gold_loss":85}],"is_beta":false,"boss_relics":[{"not_picked":["White Beast Statue","Runic Dome"],"picked":"Nuclear Battery"}],"items_purged_floors":[],"is_endless":false,"potions_floor_spawned":[3,5,7,13,18,31],"killed_by":"Collector","ascension_level":12}