{"gold_per_floor":[115,134,146,157,176,176,211,211,236,70,80,97,97,97,97,196,196,211,20,32,32,32,32,43,43,66,66,79,79,79,91,91,91],"floor_reached":33,"playtime":10644,"items_purged":["Strike_B"],"score":329,"play_id":"b6b164ce-1c31-4085-8272-14855510eee8","local_time":"20180915191623","is_ascension_mode":true,"campfire_choices":[{"floor":6,"key":"REST"},{"floor":8,"key":"REST"},{"floor":15,"key":"REST"},{"floor":23,"key":"REST"},{"floor":25,"key":"REST"},{"data":"Discovery","floor":27,"key":"SMITH"},{"data":"Corpse Explosion","floor":30,"key":"SMITH"},{"floor":32,"key":"REST"}],"neow_cost":"","seed_source_timestamp":91095596704658,"circlet_count":0,"master_deck":["Zap","Dualcast","Doom and Gloom","Double Energy","Heatsinks","Chill","Blizzard","Discovery+1","Compile Driver","Reinforced Body","Biased Cognition","Redo","Leap","Streamline","Redo","Defragment","Turbo","Hologram","Coolheaded","Shrug It Off+1","Writhe","Reinforced Body","Corpse Explosion+1","BootSequence","Body Slam","Dark Shackles"],"relics":["Cracked Core","Du-Vu Doll","Juzu Bracelet","Pandora\u0027s Box","PrismaticShard","Smiling Mask","Dream Catcher"],"potions_floor_usage":[16,16,20],"damage_taken":[{"damage":4,"enemies":"Jaw Worm","floor":1,"turns":3},{"damage":1,"enemies":"Cultist","floor":2,"turns":3},{"damage":6,"enemies":"2 Louse","floor":3,"turns":3},{"damage":12,"enemies":"Looter","floor":4,"turns":3},{"damage":22,"enemies":"Exordium Thugs","floor":5,"turns":3},{"damage":19,"enemies":"3 Sentries","floor":7,"turns":8},{"damage":20,"enemies":"Red Slaver","floor":11,"turns":3},{"damage":14,"enemies":"3 Louse","floor":12,"turns":3},{"damage":5,"enemies":"Slime Boss","floor":16,"turns":6},{"damage":14,"enemies":"3 Byrds","floor":18,"turns":5},{"damage":20,"enemies":"Shell Parasite","floor":20,"turns":6},{"damage":14,"enemies":"Cultist and Chosen","floor":24,"turns":6},{"damage":0,"enemies":"Snake Plant","floor":28,"turns":4},{"damage":27,"enemies":"Centurion and Healer","floor":31,"turns":6},{"damage":70,"enemies":"Champ","floor":33,"turns":9}],"seed_played":"-83794202501345073","potions_obtained":[{"floor":1,"key":"Ancient Potion"},{"floor":3,"key":"Poison Potion"},{"floor":11,"key":"Weak Potion"},{"floor":13,"key":"Regen Potion"},{"floor":13,"key":"SkillPotion"},{"floor":18,"key":"Weak Potion"}],"is_trial":false,"path_per_floor":["M","M","M","M","M","R","E","R","T","$","M","M","?","?","R","B",null,"M","$","M","?","?","R","M","R","T","R","M","?","R","M","R"],"character_chosen":"DEFECT","items_purchased":["Discovery","PrismaticShard"],"campfire_rested":6,"item_purchase_floors":[10,19],"current_hp_per_floor":[71,70,64,52,30,52,33,55,55,55,35,21,21,21,43,53,75,61,61,41,27,27,51,37,61,61,61,61,61,61,34,58,0],"gold":91,"neow_bonus":"","is_prod":false,"is_daily":false,"chose_seed":false,"campfire_upgraded":2,"win_rate":0,"timestamp":1537053383,"path_taken":["M","M","M","M","M","R","E","R","T","$","M","M","?","?","R","BOSS","M","$","M","?","?","R","M","R","T","R","M","?","R","M","R","BOSS"],"build_version":"2018-09-06","purchased_purges":1,"victory":false,"max_hp_per_floor":[75,75,75,75,75,75,75,75,75,75,75,75,75,75,75,75,75,75,75,75,80,80,80,80,80,80,80,80,80,80,80,80,80],"card_choices":[{"not_picked":["Conserve Battery","Sweeping Beam"],"picked":"Doom and Gloom","floor":1},{"not_picked":["Gash","Stack"],"picked":"Double Energy","floor":2},{"not_picked":["Ball Lightning","Compile Driver"],"picked":"Heatsinks","floor":3},{"not_picked":["Conserve Battery","Darkness"],"picked":"Sweeping Beam","floor":4},{"not_picked":["Sunder","Sweeping Beam"],"picked":"Chill","floor":5},{"not_picked":["Hologram","Coolheaded"],"picked":"Blizzard","floor":7},{"not_picked":["Cold Snap","Hologram"],"picked":"Compile Driver","floor":11},{"not_picked":["BootSequence","Beam Cell"],"picked":"Reinforced Body","floor":12},{"not_picked":["Core Surge","Reboot"],"picked":"Biased Cognition","floor":16},{"not_picked":["Go for the Eyes","Rebound+1"],"picked":"Coolheaded","floor":18},{"not_picked":["Accuracy+1","Heavy Blade+1"],"picked":"Shrug It Off+1","floor":20},{"not_picked":["Double Energy","Inflame+1"],"picked":"Reinforced Body","floor":24},{"not_picked":["Steam","Thunderclap"],"picked":"Corpse Explosion","floor":28},{"not_picked":["Acrobatics+1","Heavy Blade"],"picked":"Body Slam","floor":31},{"not_picked":["Steam+1","FTL+1"],"picked":"Dark Shackles","floor":32}],"player_experience":816798,"relics_obtained":[{"floor":7,"key":"Du-Vu Doll"},{"floor":9,"key":"Juzu Bracelet"},{"floor":26,"key":"Dream Catcher"}],"event_choices":[{"event_name":"The Lab","player_choice":"Got Potions","floor":13,"damage_taken":0},{"event_name":"The Woman in Blue","player_choice":"Bought 0 Potions","floor":14,"damage_taken":0},{"event_name":"Forgotten Altar","player_choice":"Shed Blood","floor":21,"damage_taken":0},{"event_name":"The Mausoleum","player_choice":"Yes","floor":22,"damage_taken":0},{"event_name":"Transmorgrifier","player_choice":"Transform","floor":29,"damage_taken":0}],"is_beta":false,"boss_relics":[{"not_picked":["Empty Cage","Runic Pyramid"],"picked":"Pandora\u0027s Box"}],"items_purged_floors":[10],"is_endless":false,"potions_floor_spawned":[1,3,11,18],"killed_by":"Champ","ascension_level":4}