{"gold_per_floor":[118,393,403,419,431,431,461,461,553,397,409,409,62,62,62,139,139,157,175,175],"floor_reached":20,"playtime":616,"items_purged":["Regret"],"score":348,"play_id":"c0a97eaa-55fe-41ca-bd08-227877978075","local_time":"20190512184347","is_ascension_mode":true,"campfire_choices":[{"data":"Zap","floor":6,"key":"SMITH"},{"data":"1","floor":12,"key":"LIFT"},{"data":"2","floor":15,"key":"LIFT"}],"neow_cost":"NONE","seed_source_timestamp":1830660817095179,"circlet_count":0,"master_deck":["AscendersBane","Strike_B","Strike_B","Strike_B","Defend_B","Defend_B","Defend_B","Defend_B","Zap+1","Dualcast","Gash","Steam","Compile Driver","Ball Lightning","Loop","FTL","Defragment","Leap","Rip and Tear","Core Surge","Gash","Go for the Eyes"],"relics":["Cracked Core","Orichalcum","Girya","MawBank","Pantograph","PreservedInsect","Nuclear Battery"],"potions_floor_usage":[7,7,20],"damage_taken":[{"damage":9,"enemies":"Jaw Worm","floor":1,"turns":4},{"damage":0,"enemies":"Cultist","floor":3,"turns":3},{"damage":0,"enemies":"2 Louse","floor":4,"turns":2},{"damage":18,"enemies":"Exordium Thugs","floor":5,"turns":5},{"damage":29,"enemies":"3 Sentries","floor":7,"turns":8},{"damage":0,"enemies":"Large Slime","floor":11,"turns":4},{"damage":48,"enemies":"Slime Boss","floor":16,"turns":10},{"damage":18,"enemies":"2 Thieves","floor":18,"turns":4},{"damage":19,"enemies":"Shell Parasite","floor":19,"turns":3},{"damage":26,"enemies":"Chosen and Byrds","floor":20,"turns":3}],"seed_played":"572801427301234074","potions_obtained":[{"floor":3,"key":"Regen Potion"},{"floor":5,"key":"Regen Potion"},{"floor":16,"key":"FearPotion"},{"floor":18,"key":"Swift Potion"}],"is_trial":false,"path_per_floor":["M","?","M","M","M","R","E","?","T","$","M","R","$","?","R","B",null,"M","M","M"],"character_chosen":"DEFECT","items_purchased":["Ball Lightning","Loop","Defragment","PreservedInsect","Leap","Rip and Tear"],"campfire_rested":0,"item_purchase_floors":[10,10,13,13,13,13],"current_hp_per_floor":[55,55,55,55,37,37,57,57,57,57,57,57,57,50,50,23,59,41,22,0],"gold":175,"neow_bonus":"RANDOM_COMMON_RELIC","is_prod":false,"is_daily":false,"chose_seed":false,"campfire_upgraded":1,"win_rate":0,"timestamp":1557679427,"path_taken":["M","?","?","M","M","R","E","?","T","$","M","R","?","?","R","BOSS","M","M","M"],"build_version":"2019-05-07","purchased_purges":1,"victory":false,"max_hp_per_floor":[71,71,71,71,71,71,71,71,71,71,71,71,71,71,71,71,71,71,71,71],"card_choices":[{"not_picked":["Leap","Recycle"],"picked":"Gash","floor":1},{"not_picked":["Redo","Skim"],"picked":"Steam","floor":3},{"not_picked":["Conserve Battery","Reprogram"],"picked":"Compile Driver","floor":4},{"not_picked":["Undo","Machine Learning","Melter"],"picked":"SKIP","floor":5},{"not_picked":["Aggregate","Chill"],"picked":"Fusion","floor":7},{"not_picked":["Turbo","Rebound"],"picked":"FTL","floor":11},{"not_picked":["Machine Learning","Thunder Strike"],"picked":"Core Surge","floor":16},{"not_picked":["Compile Driver","Heatsinks"],"picked":"Gash","floor":18},{"not_picked":["Hologram","Undo"],"picked":"Go for the Eyes","floor":19}],"player_experience":1857071,"relics_obtained":[{"floor":7,"key":"Girya"},{"floor":9,"key":"Pantograph"}],"event_choices":[{"damage_healed":0,"gold_gain":275,"player_choice":"Desecrate","damage_taken":0,"max_hp_gain":0,"max_hp_loss":0,"event_name":"Golden Shrine","floor":2,"gold_loss":0,"cards_obtained":["Regret"]},{"cards_removed":["Fusion"],"damage_healed":0,"gold_gain":0,"player_choice":"Gave Card","damage_taken":0,"relics_obtained":["MawBank"],"max_hp_gain":0,"max_hp_loss":0,"event_name":"WeMeetAgain","floor":8,"gold_loss":0},{"cards_removed":["Strike_B"],"damage_healed":0,"gold_gain":0,"player_choice":"Card Removal","damage_taken":7,"max_hp_gain":0,"max_hp_loss":0,"event_name":"Golden Wing","floor":14,"gold_loss":0}],"is_beta":true,"boss_relics":[{"not_picked":["Eternal Feather","Coffee Dripper"],"picked":"Nuclear Battery"}],"items_purged_floors":[10],"is_endless":false,"potions_floor_spawned":[3,5,16,18],"killed_by":"Chosen and Byrds","ascension_level":20}