{"path_per_floor":["M","?","$","M","M","R","M","M","T","?","R","M","$","E","R","B",null,"M","$","M","$","?","E","M","M","T","R","M","E","$","?","R"],"character_chosen":"IRONCLAD","items_purchased":["Whetstone","Singing Bowl","Shrug It Off"],"gold_per_floor":[114,189,34,49,69,69,87,106,106,281,281,292,61,92,92,194,194,179,79,89,89,4,35,53,66,66,66,76,106,52,52,52],"floor_reached":33,"campfire_rested":1,"playtime":2634,"current_hp_per_floor":[80,69,69,67,73,73,67,70,70,70,70,70,70,73,73,49,82,82,82,72,72,72,69,65,66,66,66,66,32,32,32,60],"items_purged":["Doubt","Clash"],"gold":52,"play_id":"e009acb5-9b8a-455f-a33f-f10cf252de9c","is_prod":false,"is_daily":false,"is_ascension_mode":false,"campfire_upgraded":4,"path_taken":["M","?","$","M","M","R","M","M","T","?","R","M","$","E","R","BOSS","M","$","M","$","?","E","M","M","T","R","M","E","$","?","R","BOSS"],"build_version":"2018-01-25-PROD3","purchased_purges":2,"victory":false,"master_deck":["Bash","Juggernaut","Entrench+1","Metallicize+1","Iron Wave","Armaments+1","Impervious","Twin Strike","Cleave","Iron Wave","Sentinel","Iron Wave","True Grit","Evolve+1","Clash","Body Slam","Shrug It Off"],"max_hp_per_floor":[80,80,80,80,80,80,80,80,80,80,80,80,80,82,82,82,82,84,84,84,84,84,86,88,90,90,90,92,94,94,94,94],"relics":["Burning Blood","Whetstone","Sundial","Singing Bowl","Pen Nib","Pandora\u0027s Box","Bronze Scales","Anchor","Champion Belt","Ornamental Fan"],"card_choices":[{"not_picked":["Anger","Pommel Strike"],"picked":"Entrench"},{"not_picked":["Headbutt","Corruption"],"picked":"Metallicize"},{"not_picked":["Combust","Carnage"],"picked":"Iron Wave"},{"not_picked":["Flex","Pommel Strike"],"picked":"Armaments"},{"not_picked":["Dark Embrace","Demon Form"],"picked":"Impervious"},{"not_picked":["Spot Weakness","Clothesline"],"picked":"Body Slam"}],"player_experience":269090,"potions_floor_usage":[8,14,16,23,29,29],"damage_taken":[{"damage":6,"enemies":"2 Louse","floor":1,"turns":2},{"damage":8,"enemies":"Jaw Worm","floor":4,"turns":4},{"damage":0,"enemies":"Small Slimes","floor":5,"turns":3},{"damage":12,"enemies":"Looter","floor":7,"turns":4},{"damage":3,"enemies":"Large Slime","floor":8,"turns":10},{"damage":6,"enemies":"3 Louse","floor":12,"turns":4},{"damage":5,"enemies":"Lagavulin","floor":14,"turns":7},{"damage":45,"enemies":"Hexaghost","floor":16,"turns":11},{"damage":8,"enemies":"2 Thieves","floor":18,"turns":4},{"damage":16,"enemies":"3 Byrds","floor":20,"turns":6},{"damage":17,"enemies":"Book of Stabbing","floor":23,"turns":5},{"damage":12,"enemies":"Snake Plant","floor":24,"turns":5},{"damage":7,"enemies":"Snecko","floor":25,"turns":6},{"damage":8,"enemies":"Centurion and Healer","floor":28,"turns":5},{"damage":57,"enemies":"Gremlin Leader","floor":29,"turns":9},{"damage":60,"enemies":"Collector","floor":33,"turns":9}],"event_choices":[{"event_name":"World of Goop","player_choice":"Gather Gold","floor":2,"damage_taken":0},{"event_name":"Liars Game","player_choice":"agreed","floor":10,"damage_taken":0},{"event_name":"Addict","player_choice":"Obtained Relic","floor":22,"damage_taken":0},{"event_name":"Beggar","player_choice":"Ignored","floor":31,"damage_taken":0}],"boss_relics":[{"not_picked":["Snecko Eye","Question Card"],"picked":"Pandora\u0027s Box"}],"potions_floor_spawned":[4,5,14,20,25,28],"seed_played":"-8535888861392281645","killed_by":"Collector","ascension_level":0,"is_trial":false}