{"gold_per_floor":[20,20,20,20,20,50,50,62,88,104,124,124,142,142,142,247,247,264,479,21,36,135,135,27,27,27,62,22,22,57,73,73,178,178,189,60,77,92,105,130,130,130,153,172,172,205,205,220,220,220],"floor_reached":51,"playtime":2895,"items_purged":["Strike_R"],"score":1344,"play_id":"bfbe76bb-10a6-420a-83f1-d19c67d7a784","local_time":"20190116001002","is_ascension_mode":true,"campfire_choices":[{"floor":12,"key":"REST"},{"floor":15,"key":"REST"},{"data":"Barricade","floor":23,"key":"SMITH"},{"floor":25,"key":"REST"},{"data":"Apotheosis","floor":29,"key":"SMITH"},{"floor":32,"key":"REST"},{"floor":41,"key":"REST"},{"floor":45,"key":"REST"},{"floor":47,"key":"REST"},{"floor":49,"key":"REST"}],"neow_cost":"NO_GOLD","seed_source_timestamp":1385495900436100,"circlet_count":0,"master_deck":["AscendersBane","Strike_R","Strike_R","Strike_R","Strike_R","Defend_R","Defend_R","Defend_R","Defend_R","Bash","Cleave","Dropkick","Spot Weakness","Spot Weakness","Flame Barrier","Metallicize","Barricade+1","Warcry+1","Corruption","Mayhem","Apotheosis+1","Feel No Pain","Anger","Shockwave","True Grit","Heavy Blade+1","Shrug It Off","Dark Embrace","Transmutation","Bloodletting","Havoc+1","Disarm","Cleave","Panache","Deep Breath","Enlightenment","Headbutt+1","Body Slam+1","Disarm+1","Havoc+1","True Grit","Sentinel"],"relics":["Burning Blood","Unceasing Top","Centennial Puzzle","Question Card","Art of War","Ancient Tea Set","Busted Crown","Old Coin","Membership Card","Dream Catcher","Thread and Needle","Bottled Lightning","Black Star","Anchor","Dodecahedron","PreservedInsect","Orichalcum","Bronze Scales"],"potions_floor_usage":[11,16,31,35,40,40,50],"damage_taken":[{"damage":9,"enemies":"Jaw Worm","floor":1,"turns":5},{"damage":40,"enemies":"Gremlin Nob","floor":6,"turns":5},{"damage":0,"enemies":"Small Slimes","floor":8,"turns":3},{"damage":2,"enemies":"2 Louse","floor":10,"turns":3},{"damage":20,"enemies":"Gremlin Gang","floor":11,"turns":4},{"damage":8,"enemies":"Looter","floor":13,"turns":4},{"damage":41,"enemies":"Hexaghost","floor":16,"turns":9},{"damage":19,"enemies":"Chosen","floor":18,"turns":7},{"damage":4,"enemies":"3 Byrds","floor":21,"turns":4},{"damage":11,"enemies":"Gremlin Leader","floor":27,"turns":7},{"damage":2,"enemies":"Book of Stabbing","floor":30,"turns":4},{"damage":14,"enemies":"Snake Plant","floor":31,"turns":3},{"damage":0,"enemies":"Champ","floor":33,"turns":7},{"damage":0,"enemies":"3 Darklings","floor":35,"turns":5},{"damage":14,"enemies":"3 Shapes","floor":37,"turns":5},{"damage":3,"enemies":"Maw","floor":38,"turns":6},{"damage":7,"enemies":"3 Darklings","floor":39,"turns":4},{"damage":51,"enemies":"Reptomancer","floor":40,"turns":7},{"damage":6,"enemies":"Writhing Mass","floor":44,"turns":6},{"damage":57,"enemies":"Nemesis","floor":46,"turns":5},{"damage":10,"enemies":"Sphere and 2 Shapes","floor":48,"turns":4},{"damage":17,"enemies":"Donu and Deca","floor":50,"turns":3}],"seed_played":"5305826778861335881","potions_obtained":[{"floor":10,"key":"AttackPotion"},{"floor":11,"key":"SkillPotion"},{"floor":27,"key":"SteroidPotion"},{"floor":31,"key":"SpeedPotion"},{"floor":33,"key":"SkillPotion"},{"floor":35,"key":"LiquidBronze"},{"floor":48,"key":"LiquidBronze"}],"is_trial":false,"path_per_floor":["M","?","?","?","?","E","$","M","T","M","M","R","M","?","R","B",null,"M","?","$","M","?","R","$","R","T","E","$","R","E","M","R","B",null,"M","$","M","M","M","E","R","?","T","M","R","E","R","M","R","B",null],"character_chosen":"IRONCLAD","items_purchased":["Corruption","Mayhem","Membership Card","Apotheosis","Feel No Pain","Shockwave","Transmutation"],"campfire_rested":8,"item_purchase_floors":[20,20,20,24,24,28,36],"current_hp_per_floor":[69,51,51,51,51,17,17,23,23,27,13,37,35,35,59,24,66,53,53,53,55,55,55,55,79,79,74,74,74,78,70,80,80,80,80,80,72,75,74,29,53,43,43,43,67,16,40,36,60,49],"gold":220,"neow_bonus":"ONE_RARE_RELIC","is_prod":false,"is_daily":false,"chose_seed":false,"campfire_upgraded":2,"win_rate":0,"timestamp":1547615402,"path_taken":["M","?","?","?","?","E","$","M","T","?","M","R","M","?","R","BOSS","M","?","$","M","?","R","$","R","T","E","?","R","E","M","R","BOSS","M","$","?","M","M","E","R","?","T","M","R","E","R","M","R","BOSS"],"build_version":"2019-01-10","purchased_purges":1,"victory":true,"max_hp_per_floor":[80,80,80,80,80,80,80,80,80,80,80,80,80,80,80,80,80,80,80,80,80,80,80,80,80,80,80,80,80,80,80,80,80,80,80,80,80,80,80,80,80,80,80,80,80,80,80,80,80,80],"card_choices":[{"not_picked":["Twin Strike","Armaments"],"picked":"Cleave","floor":1},{"not_picked":["Clash","Pommel Strike","Hemokinesis"],"picked":"Dropkick","floor":6},{"not_picked":["Reckless Charge","Second Wind","Intimidate"],"picked":"Spot Weakness","floor":8},{"not_picked":["Rage","Sever Soul","Searing Blow"],"picked":"Spot Weakness","floor":10},{"not_picked":["Power Through","Fiend Fire","Rupture"],"picked":"Flame Barrier","floor":11},{"not_picked":["Iron Wave","Wild Strike","Body Slam"],"picked":"Metallicize","floor":13},{"not_picked":["Impervious","Brutality","Juggernaut"],"picked":"Barricade","floor":16},{"not_picked":["Fire Breathing"],"picked":"Warcry+1","floor":18},{"not_picked":["Sever Soul","Warcry"],"picked":"SKIP","floor":21},{"not_picked":["Iron Wave"],"picked":"Anger","floor":27},{"not_picked":["Dual Wield"],"picked":"True Grit","floor":30},{"not_picked":["Offering"],"picked":"Heavy Blade+1","floor":31},{"not_picked":["Combust"],"picked":"Shrug It Off","floor":32},{"not_picked":["Brutality"],"picked":"Dark Embrace","floor":33},{"not_picked":["Combust+1","Clash"],"picked":"SKIP","floor":35},{"not_picked":["Thunderclap"],"picked":"Bloodletting","floor":37},{"not_picked":["Wild Strike"],"picked":"Havoc+1","floor":38},{"not_picked":["Anger+1"],"picked":"Disarm","floor":39},{"not_picked":["Headbutt"],"picked":"Cleave","floor":40},{"not_picked":["Swift Strike"],"picked":"Panache","floor":42},{"not_picked":["PanicButton"],"picked":"Deep Breath","floor":42},{"not_picked":["Discovery"],"picked":"Enlightenment","floor":42},{"not_picked":["Shrug It Off"],"picked":"Headbutt+1","floor":44},{"not_picked":["Perfected Strike"],"picked":"Body Slam+1","floor":45},{"not_picked":["Armaments+1"],"picked":"Disarm+1","floor":46},{"not_picked":["Bloodletting"],"picked":"Havoc+1","floor":47},{"not_picked":["Iron Wave"],"picked":"True Grit","floor":48},{"not_picked":["Iron Wave"],"picked":"Sentinel","floor":49}],"player_experience":1769251,"relics_obtained":[{"floor":6,"key":"Art of War"},{"floor":9,"key":"Ancient Tea Set"},{"floor":26,"key":"Dream Catcher"},{"floor":27,"key":"Thread and Needle"},{"floor":30,"key":"Bottled Lightning"},{"floor":40,"key":"Anchor"},{"floor":40,"key":"Dodecahedron"},{"floor":43,"key":"PreservedInsect"},{"floor":46,"key":"Orichalcum"},{"floor":46,"key":"Bronze Scales"}],"event_choices":[{"damage_healed":0,"gold_gain":0,"player_choice":"Success","damage_taken":18,"relics_obtained":["Centennial Puzzle"],"max_hp_gain":0,"max_hp_loss":0,"event_name":"Scrap Ooze","floor":2,"gold_loss":0},{"damage_healed":0,"gold_gain":0,"player_choice":"Leave","damage_taken":0,"max_hp_gain":0,"max_hp_loss":0,"event_name":"The Cleric","floor":3,"gold_loss":0},{"damage_healed":0,"gold_gain":0,"player_choice":"Box","damage_taken":0,"relics_obtained":["Question Card"],"max_hp_gain":0,"max_hp_loss":0,"event_name":"Big Fish","floor":4,"gold_loss":0,"cards_obtained":["Regret"]},{"cards_removed":["Regret"],"damage_healed":0,"gold_gain":0,"player_choice":"Removed Curses","damage_taken":0,"max_hp_gain":0,"max_hp_loss":0,"event_name":"Fountain of Cleansing","floor":5,"gold_loss":0},{"damage_healed":0,"gold_gain":0,"player_choice":"Ignored","damage_taken":0,"max_hp_gain":0,"max_hp_loss":0,"event_name":"Liars Game","floor":14,"gold_loss":0},{"damage_healed":0,"gold_gain":0,"player_choice":"Obtained Relic","damage_taken":0,"relics_obtained":["Old Coin"],"max_hp_gain":0,"max_hp_loss":0,"event_name":"Addict","floor":19,"gold_loss":85},{"damage_healed":0,"gold_gain":99,"player_choice":"Stole From Cult","damage_taken":0,"max_hp_gain":0,"max_hp_loss":0,"event_name":"Nest","floor":22,"gold_loss":0},{"damage_healed":0,"gold_gain":0,"player_choice":"Memory 3","damage_taken":10,"max_hp_gain":0,"max_hp_loss":0,"event_name":"SensoryStone","floor":42,"gold_loss":0}],"is_beta":false,"boss_relics":[{"not_picked":["Lizard Tail","Runic Cube"],"picked":"Busted Crown"},{"not_picked":["Snecko Eye","Tiny House"],"picked":"Black Star"}],"items_purged_floors":[36],"is_endless":false,"potions_floor_spawned":[10,11,27,31,33,35,38,48],"ascension_level":12}