{"gold_per_floor":[119,130,146,157,52,81,81,107,154,154,177,196,213,178,178,275,275,295,113,131,31,49,80,80,80],"floor_reached":25,"playtime":964,"items_purged":["Strike_B","Strike_B"],"score":268,"play_id":"d9d6626b-ac98-4423-8414-0e4183b6a82a","local_time":"20190419180114","is_ascension_mode":true,"campfire_choices":[{"floor":7,"key":"REST"},{"data":"Darkness","floor":10,"key":"SMITH"},{"floor":15,"key":"REST"},{"floor":24,"key":"REST"}],"neow_cost":"NONE","seed_source_timestamp":2266698027712108,"circlet_count":0,"master_deck":["Strike_B","Strike_B","Defend_B","Defend_B","Defend_B","Defend_B","Zap","Dualcast","Undo","Darkness+1","Defragment","Loop","Redo","Sweeping Beam","Steam+1","Coolheaded+1","Buffer","Hologram+1","Loop","Hologram+1","Fusion+1","Streamline"],"relics":["Cracked Core","Centennial Puzzle","Regal Pillow","Toxic Egg 2","Bag of Marbles","Vajra","Nuclear Battery","Juzu Bracelet"],"potions_floor_usage":[8,23],"damage_taken":[{"damage":1,"enemies":"Cultist","floor":1,"turns":3},{"damage":1,"enemies":"2 Louse","floor":2,"turns":2},{"damage":2,"enemies":"Jaw Worm","floor":3,"turns":4},{"damage":15,"enemies":"3 Louse","floor":4,"turns":4},{"damage":40,"enemies":"Lagavulin","floor":6,"turns":5},{"damage":22,"enemies":"3 Sentries","floor":8,"turns":4},{"damage":11,"enemies":"Looter","floor":12,"turns":3},{"damage":14,"enemies":"Exordium Thugs","floor":13,"turns":4},{"damage":22,"enemies":"Slime Boss","floor":16,"turns":7},{"damage":0,"enemies":"Spheric Guardian","floor":18,"turns":5},{"damage":0,"enemies":"Chosen","floor":20,"turns":4},{"damage":44,"enemies":"Centurion and Healer","floor":22,"turns":10},{"damage":30,"enemies":"Book of Stabbing","floor":23,"turns":5},{"damage":63,"enemies":"Slavers","floor":25,"turns":3}],"seed_played":"6146606212643708121","potions_obtained":[{"floor":1,"key":"Regen Potion"},{"floor":4,"key":"AttackPotion"},{"floor":12,"key":"SpeedPotion"},{"floor":13,"key":"SmokeBomb"},{"floor":20,"key":"SteroidPotion"},{"floor":23,"key":"FearPotion"}],"is_trial":false,"path_per_floor":["M","M","M","M","$","E","R","E","T","R","T","M","M","?","R","B",null,"M","$","M","$","M","E","R","E"],"character_chosen":"DEFECT","items_purchased":["Loop","Redo","Loop","Hologram+1"],"campfire_rested":3,"item_purchase_floors":[5,5,19,19],"current_hp_per_floor":[74,73,71,56,56,16,53,31,31,31,31,20,6,24,61,39,75,75,75,75,75,31,15,52,0],"gold":80,"neow_bonus":"RANDOM_COMMON_RELIC","is_prod":false,"is_daily":false,"chose_seed":false,"campfire_upgraded":1,"win_rate":0,"timestamp":1555689674,"path_taken":["M","M","M","M","$","E","R","E","T","R","?","M","M","?","R","BOSS","M","$","M","$","M","E","R","E"],"build_version":"2019-04-04","purchased_purges":2,"victory":false,"max_hp_per_floor":[75,75,75,75,75,75,75,75,75,75,75,75,75,75,75,75,75,75,75,75,75,75,75,75,75],"card_choices":[{"not_picked":["Leap","Stack"],"picked":"Undo","floor":1},{"not_picked":["Conserve Battery","Blizzard"],"picked":"Darkness","floor":2},{"not_picked":["Stack","Scrape"],"picked":"Defragment","floor":3},{"not_picked":["Gash","Rebound","Seek"],"picked":"SKIP","floor":4},{"not_picked":["Beam Cell","Chaos"],"picked":"Sweeping Beam","floor":6},{"not_picked":["Core Surge","Compile Driver"],"picked":"Steam","floor":8},{"not_picked":["Cold Snap","Aggregate+1","Beam Cell"],"picked":"SKIP","floor":12},{"not_picked":["Ball Lightning","Stack+1"],"picked":"Coolheaded+1","floor":13},{"not_picked":["Creative AI","Rainbow+1"],"picked":"Buffer","floor":16},{"not_picked":["Ball Lightning","Conserve Battery+1"],"picked":"Hologram+1","floor":18},{"not_picked":["Genetic Algorithm+1","Ball Lightning+1"],"picked":"Fusion+1","floor":20},{"not_picked":["Tempest+1","Coolheaded+1"],"picked":"Streamline","floor":22},{"not_picked":["Rainbow+1","Aggregate+1","Cold Snap"],"picked":"SKIP","floor":23}],"player_experience":1133177,"relics_obtained":[{"floor":6,"key":"Regal Pillow"},{"floor":8,"key":"Toxic Egg 2"},{"floor":9,"key":"Bag of Marbles"},{"floor":11,"key":"Vajra"},{"floor":23,"key":"Juzu Bracelet"}],"event_choices":[{"damage_healed":18,"gold_gain":0,"player_choice":"Healed","damage_taken":0,"max_hp_gain":0,"max_hp_loss":0,"event_name":"The Cleric","floor":14,"gold_loss":35}],"is_beta":true,"boss_relics":[{"not_picked":["Lizard Tail","Tiny House"],"picked":"Nuclear Battery"}],"items_purged_floors":[19,21],"is_endless":false,"potions_floor_spawned":[1,4,12,13,20,22,23],"killed_by":"Slavers","ascension_level":3}