{"gold_per_floor":[110,123,123,140,215,215,30,60,83,101,118,131,144,179,179,274,274,286,303,49,69,84,84],"floor_reached":23,"playtime":2569,"items_purged":["Recycle"],"score":269,"play_id":"cacd2759-62e5-4015-bbd1-e2df2d6b2c4e","local_time":"20181029150517","is_ascension_mode":true,"campfire_choices":[{"data":"Zap","floor":6,"key":"SMITH"},{"data":"Skim","floor":15,"key":"SMITH"}],"neow_cost":"NONE","seed_source_timestamp":598029208464500,"circlet_count":0,"master_deck":["Zap+1","Dualcast","Gash","Leap","Glacier","FTL","Conserve Battery","BootSequence","Skim+1","Coolheaded","Gash","Reboot","Sweeping Beam","Reprogram","Rebound","Conserve Battery","Barrage","Stack","Rip and Tear","Self Repair+1","Metamorphosis","Biased Cognition","Reinforced Body"],"relics":["Cracked Core","PreservedInsect","Happy Flower","Bag of Preparation","Lantern","Pandora\u0027s Box"],"potions_floor_usage":[4,16,19],"damage_taken":[{"damage":0,"enemies":"Small Slimes","floor":1,"turns":2},{"damage":1,"enemies":"Cultist","floor":2,"turns":3},{"damage":0,"enemies":"2 Louse","floor":4,"turns":1},{"damage":4,"enemies":"Lagavulin","floor":8,"turns":7},{"damage":8,"enemies":"2 Fungi Beasts","floor":10,"turns":3},{"damage":0,"enemies":"Large Slime","floor":11,"turns":6},{"damage":4,"enemies":"Lots of Slimes","floor":12,"turns":5},{"damage":0,"enemies":"Looter","floor":13,"turns":2},{"damage":18,"enemies":"Gremlin Nob","floor":14,"turns":3},{"damage":16,"enemies":"The Guardian","floor":16,"turns":11},{"damage":1,"enemies":"3 Byrds","floor":18,"turns":4},{"damage":0,"enemies":"2 Thieves","floor":19,"turns":3},{"damage":49,"enemies":"Cultist and Chosen","floor":21,"turns":10},{"damage":29,"enemies":"3 Cultists","floor":22,"turns":5},{"damage":19,"enemies":"Slavers","floor":23,"turns":4}],"seed_played":"-1092223196612226777","potions_obtained":[{"floor":2,"key":"AttackPotion"},{"floor":4,"key":"SteroidPotion"},{"floor":10,"key":"Weak Potion"},{"floor":11,"key":"FearPotion"},{"floor":21,"key":"LiquidBronze"}],"is_trial":false,"path_per_floor":["M","M","?","M","?","R","$","E","T","M","M","M","M","E","R","B",null,"M","M","$","M","M"],"character_chosen":"DEFECT","items_purchased":["PreservedInsect","FTL","Metamorphosis"],"campfire_rested":0,"item_purchase_floors":[7,7,20],"current_hp_per_floor":[68,67,85,85,74,74,74,70,70,62,62,58,58,40,40,24,70,69,69,69,30,11,0],"gold":84,"neow_bonus":"ONE_RANDOM_RARE_CARD","is_prod":false,"is_daily":false,"chose_seed":false,"campfire_upgraded":2,"win_rate":0,"timestamp":1540839917,"path_taken":["M","M","?","M","?","R","$","E","T","M","M","M","?","E","R","BOSS","M","M","$","M","?","E"],"build_version":"2018-10-25v2","purchased_purges":1,"victory":false,"max_hp_per_floor":[75,75,85,85,85,85,85,85,85,85,85,85,85,85,85,85,85,85,85,85,85,85,85],"card_choices":[{"not_picked":["Compile Driver","Sunder"],"picked":"Gash","floor":1},{"not_picked":["Beam Cell","Auto Shields"],"picked":"Leap","floor":2},{"not_picked":["Redo","Recycle"],"picked":"Glacier","floor":4},{"not_picked":["Recycle","Consume"],"picked":"Conserve Battery","floor":8},{"not_picked":["Compile Driver","Tempest"],"picked":"BootSequence","floor":10},{"not_picked":["Fusion","Undo"],"picked":"Skim","floor":11},{"not_picked":["Hello World","Barrage"],"picked":"Coolheaded","floor":12},{"not_picked":["Cold Snap","Beam Cell"],"picked":"Gash","floor":13},{"not_picked":["Chill","Glacier","Amplify"],"picked":"SKIP","floor":14},{"not_picked":["Hyperbeam","Rainbow"],"picked":"Reboot","floor":16},{"not_picked":["Compile Driver","Aggregate","Turbo+1"],"picked":"SKIP","floor":18},{"not_picked":["Ball Lightning","Coolheaded"],"picked":"Self Repair+1","floor":19},{"not_picked":["Rip and Tear","Skim"],"picked":"Biased Cognition","floor":21},{"not_picked":["White Noise","Force Field"],"picked":"Reinforced Body","floor":22}],"player_experience":1495624,"relics_obtained":[{"floor":8,"key":"Happy Flower"},{"floor":9,"key":"Bag of Preparation"},{"floor":14,"key":"Lantern"}],"event_choices":[{"cards_removed":["Reboot"],"damage_healed":8,"gold_gain":0,"player_choice":"Offered Rare","damage_taken":0,"max_hp_gain":10,"max_hp_loss":0,"event_name":"Bonfire Elementals","floor":3,"gold_loss":0},{"damage_healed":0,"gold_gain":75,"player_choice":"Gather Gold","damage_taken":11,"max_hp_gain":0,"max_hp_loss":0,"event_name":"World of Goop","floor":5,"gold_loss":0}],"is_beta":false,"boss_relics":[{"not_picked":["FrozenCore","Velvet Choker"],"picked":"Pandora\u0027s Box"}],"items_purged_floors":[20],"is_endless":false,"potions_floor_spawned":[2,4,10,11,21],"killed_by":"Slavers","ascension_level":6}