{"gold_per_floor":[110,110,110,130,130,130,141,4,58,89,105,105,140,158,158,232,232,242,31,21,21,40,40,40],"floor_reached":24,"playtime":1302,"items_purged":[],"score":391,"play_id":"e7cea88c-9a6b-4253-aadf-01474552b92f","local_time":"20190505132758","is_ascension_mode":true,"campfire_choices":[{"data":"Survivor","floor":6,"key":"SMITH"},{"floor":12,"key":"REST"},{"floor":15,"key":"REST"},{"floor":23,"key":"REST"}],"neow_cost":"NONE","seed_source_timestamp":1206224639622591,"circlet_count":0,"master_deck":["AscendersBane","Defend_G","Defend_G","Defend_G","Defend_G","Defend_G+1","Strike_G+1","Strike_G","Strike_G","Strike_G+1","Survivor+1","Neutralize+1","Dodge and Roll+1","Cloak And Dagger+1","Footwork","Sucker Punch","Acrobatics","All Out Attack","Heel Hook","Cloak And Dagger","Venomology","All Out Attack","RitualDagger","Flying Knee"],"relics":["Ring of the Snake","War Paint","Pen Nib","Ancient Tea Set","Cursed Key","Membership Card"],"potions_floor_usage":[13,16,16,20,22,22,24],"damage_taken":[{"damage":0,"enemies":"Small Slimes","floor":1,"turns":4},{"damage":0,"enemies":"Jaw Worm","floor":4,"turns":6},{"damage":0,"enemies":"2 Louse","floor":7,"turns":4},{"damage":26,"enemies":"3 Sentries","floor":10,"turns":14},{"damage":1,"enemies":"Blue Slaver","floor":11,"turns":6},{"damage":15,"enemies":"Lagavulin","floor":13,"turns":8},{"damage":3,"enemies":"Looter","floor":14,"turns":3},{"damage":19,"enemies":"The Guardian","floor":16,"turns":15},{"damage":6,"enemies":"Shell Parasite","floor":18,"turns":9},{"damage":10,"enemies":"2 Thieves","floor":20,"turns":4},{"damage":27,"enemies":"Cultist and Chosen","floor":22,"turns":10},{"damage":40,"enemies":"Slavers","floor":24,"turns":8}],"seed_played":"3475835345894318601","potions_obtained":[{"floor":4,"key":"GamblersBrew"},{"floor":10,"key":"SneckoOil"},{"floor":11,"key":"AttackPotion"},{"floor":14,"key":"Weak Potion"},{"floor":20,"key":"Swift Potion"}],"is_trial":false,"path_per_floor":["M","?","?","M","?","R","M","$","T","E","M","R","E","M","R","B",null,"M","$","M","?","M","R","E"],"character_chosen":"THE_SILENT","items_purchased":["Footwork","Sucker Punch","Membership Card"],"campfire_rested":3,"item_purchase_floors":[8,8,19],"current_hp_per_floor":[59,52,52,52,32,32,32,32,32,6,5,24,9,6,25,6,51,45,45,35,29,17,36,0],"gold":40,"neow_bonus":"UPGRADE_CARD","is_prod":false,"is_daily":false,"chose_seed":false,"campfire_upgraded":1,"win_rate":0,"timestamp":1557055678,"path_taken":["M","?","?","M","?","R","M","$","T","E","M","R","E","M","R","BOSS","M","$","M","?","M","R","E"],"build_version":"2019-04-23","purchased_purges":0,"victory":false,"max_hp_per_floor":[66,66,66,66,66,66,66,66,66,66,66,66,66,66,66,66,66,66,66,66,66,66,66,66],"card_choices":[{"not_picked":["Deflect","Terror"],"picked":"Dodge and Roll","floor":1},{"not_picked":["Quick Slash","Endless Agony","Concentrate"],"picked":"SKIP","floor":4},{"not_picked":["Well Laid Plans","Flying Knee"],"picked":"Cloak And Dagger","floor":7},{"not_picked":["Poisoned Stab","Finisher"],"picked":"Acrobatics","floor":10},{"not_picked":["Quick Slash","Slice"],"picked":"All Out Attack","floor":11},{"not_picked":["Deadly Poison","Slice"],"picked":"Heel Hook","floor":13},{"not_picked":["Crippling Poison","Flying Knee"],"picked":"Cloak And Dagger","floor":14},{"not_picked":["Grand Finale","Tools of the Trade"],"picked":"Venomology","floor":16},{"not_picked":["Slice","Deflect","Dagger Throw"],"picked":"SKIP","floor":18},{"not_picked":["Acrobatics","Prepared"],"picked":"All Out Attack","floor":20},{"not_picked":["Blade Dance","Bullet Time"],"picked":"Flying Knee","floor":22}],"player_experience":1514152,"relics_obtained":[{"floor":9,"key":"War Paint"},{"floor":10,"key":"Pen Nib"},{"floor":13,"key":"Ancient Tea Set"}],"event_choices":[{"cards_removed":["Strike_G"],"damage_healed":0,"gold_gain":0,"player_choice":"Card Removal","damage_taken":7,"max_hp_gain":0,"max_hp_loss":0,"event_name":"Golden Wing","floor":2,"gold_loss":0},{"damage_healed":0,"gold_gain":0,"player_choice":"Grow","damage_taken":0,"max_hp_gain":0,"max_hp_loss":0,"event_name":"Living Wall","floor":3,"gold_loss":0,"cards_upgraded":["Dodge and Roll"]},{"damage_healed":0,"gold_gain":0,"player_choice":"Entered Light","damage_taken":20,"max_hp_gain":0,"max_hp_loss":0,"event_name":"Shining Light","floor":5,"gold_loss":0,"cards_upgraded":["Strike_G","Strike_G"]},{"damage_healed":0,"gold_gain":0,"player_choice":"Joined the Cult","damage_taken":6,"max_hp_gain":0,"max_hp_loss":0,"event_name":"Nest","floor":21,"gold_loss":0,"cards_obtained":["RitualDagger"]}],"is_beta":true,"boss_relics":[{"not_picked":["Astrolabe","Velvet Choker"],"picked":"Cursed Key"}],"items_purged_floors":[],"is_endless":false,"potions_floor_spawned":[4,10,11,14,20],"killed_by":"Slavers","ascension_level":18}