{"gold_per_floor":[112,125,139,151,151,151,169,169,169,169,203,295,307,334,346,478,490,517,529,559,571,599,649,661,694,706,753,784,819,831,882,894,906],"floor_reached":33,"playtime":1825,"items_purged":[],"score":380,"play_id":"6bcf15e9-490d-4260-9a34-df09beb27116","local_time":"20190421195058","is_ascension_mode":true,"campfire_choices":[{"data":"Zap","floor":6,"key":"SMITH"},{"data":"Redo","floor":8,"key":"SMITH"},{"floor":10,"key":"REST"},{"floor":13,"key":"REST"},{"floor":15,"key":"REST"},{"data":"Dualcast","floor":24,"key":"SMITH"},{"data":"Capacitor","floor":32,"key":"SMITH"}],"neow_cost":"NONE","seed_source_timestamp":19082179800891,"circlet_count":0,"master_deck":["Strike_B","Strike_B","Strike_B","Defend_B","Defend_B","Defend_B","Defend_B","Zap+1","Dualcast+1","FTL","Redo+1","Ball Lightning","Cold Snap","Capacitor","Electrodynamics","Leap","Ghostly","Ghostly","Ghostly","Ghostly","Ghostly","Barrage","Streamline+1","Self Repair","Capacitor+1","Steam","Glacier","Coolheaded+1"],"relics":["Cracked Core","Golden Idol","Boot","MawBank","Question Card","Cursed Key","Molten Egg 2","Turnip","Orichalcum"],"potions_floor_usage":[12,16,20,33,33],"damage_taken":[{"damage":0,"enemies":"2 Louse","floor":1,"turns":1},{"damage":1,"enemies":"Small Slimes","floor":2,"turns":4},{"damage":1,"enemies":"Cultist","floor":3,"turns":3},{"damage":16,"enemies":"Exordium Thugs","floor":4,"turns":4},{"damage":5,"enemies":"3 Louse","floor":7,"turns":3},{"damage":30,"enemies":"3 Sentries","floor":11,"turns":8},{"damage":14,"enemies":"3 Sentries","floor":12,"turns":5},{"damage":1,"enemies":"2 Fungi Beasts","floor":14,"turns":2},{"damage":19,"enemies":"Slime Boss","floor":16,"turns":10},{"damage":2,"enemies":"Chosen","floor":18,"turns":4},{"damage":2,"enemies":"Shell Parasite","floor":20,"turns":6},{"damage":0,"enemies":"Centurion and Healer","floor":22,"turns":6},{"damage":3,"enemies":"Slavers","floor":23,"turns":4},{"damage":0,"enemies":"3 Cultists","floor":25,"turns":4},{"damage":3,"enemies":"Book of Stabbing","floor":27,"turns":6},{"damage":4,"enemies":"Cultist and Chosen","floor":28,"turns":5},{"damage":4,"enemies":"Shelled Parasite and Fungi","floor":29,"turns":5},{"damage":6,"enemies":"Slavers","floor":31,"turns":7},{"damage":44,"enemies":"Automaton","floor":33,"turns":8}],"seed_played":"3678665064431687273","potions_obtained":[{"floor":3,"key":"EssenceOfSteel"},{"floor":4,"key":"Swift Potion"},{"floor":11,"key":"Weak Potion"},{"floor":16,"key":"Fire Potion"},{"floor":18,"key":"Fire Potion"},{"floor":21,"key":"EssenceOfSteel"},{"floor":21,"key":"FairyPotion"},{"floor":31,"key":"FocusPotion"}],"is_trial":false,"path_per_floor":["M","M","M","M","?","R","M","R","T","R","E","?","R","M","R","B",null,"M","?","M","?","M","E","R","M","T","E","M","M","$","E","R","B"],"character_chosen":"DEFECT","items_purchased":[],"campfire_rested":3,"item_purchase_floors":[],"current_hp_per_floor":[75,74,73,57,39,39,34,34,34,56,26,12,34,33,55,36,75,73,37,35,35,35,32,32,32,32,36,37,33,33,34,34,0],"gold":906,"neow_bonus":"REMOVE_CARD","is_prod":false,"is_daily":false,"chose_seed":false,"campfire_upgraded":4,"win_rate":0,"timestamp":1555869058,"path_taken":["M","M","M","M","?","R","M","R","T","R","E","?","R","M","R","BOSS","M","?","M","?","M","E","R","?","T","E","M","M","?","E","R","BOSS"],"build_version":"2019-04-20","purchased_purges":0,"victory":false,"max_hp_per_floor":[75,75,75,75,75,75,75,75,75,75,75,75,75,75,75,75,75,75,37,37,37,37,37,37,37,37,37,37,37,37,37,37,37],"card_choices":[{"not_picked":["Go for the Eyes","Aggregate","Steam Power"],"picked":"SKIP","floor":1},{"not_picked":["Steam","Stack"],"picked":"FTL","floor":2},{"not_picked":["Recycle","Core Surge","Go for the Eyes"],"picked":"SKIP","floor":3},{"not_picked":["Compile Driver","Beam Cell","Stack"],"picked":"SKIP","floor":4},{"not_picked":["Tempest","Chill"],"picked":"Redo","floor":7},{"not_picked":["Compile Driver","Go for the Eyes"],"picked":"Ball Lightning","floor":11},{"not_picked":["Beam Cell","Rebound"],"picked":"Cold Snap","floor":12},{"not_picked":["Sweeping Beam","Beam Cell","Leap"],"picked":"Capacitor","floor":14},{"not_picked":["Amplify","Hyperbeam","Fission"],"picked":"Electrodynamics","floor":16},{"not_picked":["Go for the Eyes","Cold Snap","Ball Lightning"],"picked":"Leap","floor":18},{"not_picked":["Beam Cell","Aggregate+1","Biased Cognition"],"picked":"Barrage","floor":20},{"not_picked":["Steam","Barrage+1","Coolheaded"],"picked":"Streamline+1","floor":22},{"not_picked":["Rebound","Hello World","Gash"],"picked":"Self Repair","floor":23},{"not_picked":["Chaos","Coolheaded","Rebound+1"],"picked":"Capacitor","floor":25},{"not_picked":["Barrage+1","FTL+1","Storm"],"picked":"Steam","floor":27},{"not_picked":["Beam Cell+1","Barrage+1","Reboot"],"picked":"Glacier","floor":28},{"not_picked":["Skim","BootSequence+1","Beam Cell+1"],"picked":"Coolheaded+1","floor":29},{"not_picked":["White Noise","Stack","Hello World+1","Steam+1"],"picked":"SKIP","floor":31}],"player_experience":1151105,"relics_obtained":[{"floor":9,"key":"Boot"},{"floor":11,"key":"MawBank"},{"floor":12,"key":"Question Card"},{"floor":23,"key":"Molten Egg 2"},{"floor":27,"key":"Turnip"},{"floor":31,"key":"Orichalcum"}],"event_choices":[{"damage_healed":0,"gold_gain":0,"player_choice":"Take Damage","damage_taken":18,"relics_obtained":["Golden Idol"],"max_hp_gain":0,"max_hp_loss":0,"event_name":"Golden Idol","floor":5,"gold_loss":0},{"damage_healed":0,"gold_gain":0,"player_choice":"Searched \u00271\u0027 times","damage_taken":0,"max_hp_gain":0,"max_hp_loss":0,"event_name":"Dead Adventurer","floor":12,"gold_loss":0},{"damage_healed":0,"gold_gain":0,"player_choice":"Became a Ghost","damage_taken":0,"max_hp_gain":0,"max_hp_loss":38,"event_name":"Ghosts","floor":19,"gold_loss":0,"cards_obtained":["Ghostly","Ghostly","Ghostly","Ghostly","Ghostly"]},{"damage_healed":0,"gold_gain":0,"player_choice":"Got Potions","damage_taken":0,"max_hp_gain":0,"max_hp_loss":0,"event_name":"Lab","floor":21,"gold_loss":0}],"is_beta":true,"boss_relics":[{"not_picked":["Empty Cage","Ectoplasm"],"picked":"Cursed Key"}],"items_purged_floors":[],"is_endless":false,"potions_floor_spawned":[3,4,11,16,18,23,27,31],"killed_by":"Automaton","ascension_level":3}