{"gold_per_floor":[368,368,378,32,43,43,20,30,30,30,41,66,83,117,117,212,212,228,244,244,344,355,388,388,415,467,499,511,98,98,98,98,199,199,218,218,68,86,102,132,152,252,252,252,270,270,290,301,301,301],"floor_reached":51,"playtime":4521,"items_purged":["Strike_G","Defend_G"],"score":1212,"play_id":"e489a94f-4399-4046-8dd3-4da36e8dded6","local_time":"20190428170953","is_ascension_mode":true,"campfire_choices":[{"data":"Footwork","floor":6,"key":"SMITH"},{"data":"Bouncing Flask","floor":10,"key":"SMITH"},{"data":"Dagger Spray","floor":15,"key":"SMITH"},{"floor":24,"key":"REST"},{"floor":30,"key":"REST"},{"floor":32,"key":"REST"},{"floor":44,"key":"REST"},{"floor":49,"key":"REST"}],"neow_cost":"TEN_PERCENT_HP_LOSS","seed_source_timestamp":611503821920069,"circlet_count":0,"master_deck":["AscendersBane","Defend_G+1","Defend_G+1","Defend_G+1","Defend_G+1","Strike_G+1","Strike_G+1","Strike_G+1","Survivor","Neutralize+1","Backflip","Cloak And Dagger","Backstab","PiercingWail","Footwork+1","Bouncing Flask+1","Predator","Dagger Spray+1","Backflip","Sucker Punch","Tools of the Trade","Acrobatics","Leg Sweep","Noxious Fumes","Venomology","Poisoned Stab","Backstab","Apotheosis","Malaise","Blade Dance","Corpse Explosion","Well Laid Plans","Caltrops","Blur","Predator","Blur","Heel Hook"],"relics":["Ring of the Snake","Orichalcum","Centennial Puzzle","Anchor","Bottled Flame","Fusion Hammer","MutagenicStrength","Ginger","Shuriken","Potion Belt","Paper Crane","Bronze Scales","Strawberry","Bag of Preparation","Lizard Tail","FossilizedHelix","Torii","Gambling Chip"],"potions_floor_usage":[14,14,16,21,21,21,23,27,33,33,39,40,40,40,45,47,48,50,50,50],"damage_taken":[{"damage":10,"enemies":"Jaw Worm","floor":1,"turns":7},{"damage":2,"enemies":"Cultist","floor":3,"turns":4},{"damage":0,"enemies":"2 Louse","floor":5,"turns":4},{"damage":5,"enemies":"Exordium Thugs","floor":7,"turns":5},{"damage":1,"enemies":"Exordium Wildlife","floor":8,"turns":4},{"damage":3,"enemies":"Looter","floor":11,"turns":3},{"damage":2,"enemies":"3 Sentries","floor":12,"turns":10},{"damage":0,"enemies":"Lots of Slimes","floor":13,"turns":3},{"damage":7,"enemies":"Lagavulin","floor":14,"turns":5},{"damage":5,"enemies":"The Guardian","floor":16,"turns":9},{"damage":8,"enemies":"2 Thieves","floor":18,"turns":4},{"damage":3,"enemies":"Spheric Guardian","floor":19,"turns":5},{"damage":5,"enemies":"Colosseum Slavers","floor":21,"turns":3},{"damage":0,"enemies":"Colosseum Nobs","floor":21,"turns":4},{"damage":1,"enemies":"Centurion and Healer","floor":22,"turns":6},{"damage":2,"enemies":"Slavers","floor":23,"turns":5},{"damage":20,"enemies":"Book of Stabbing","floor":25,"turns":5},{"damage":14,"enemies":"Gremlin Leader","floor":27,"turns":7},{"damage":1,"enemies":"Shelled Parasite and Fungi","floor":28,"turns":6},{"damage":14,"enemies":"Collector","floor":33,"turns":7},{"damage":1,"enemies":"Orb Walker","floor":35,"turns":2},{"damage":1,"enemies":"3 Shapes","floor":38,"turns":2},{"damage":11,"enemies":"3 Darklings","floor":39,"turns":4},{"damage":31,"enemies":"Reptomancer","floor":40,"turns":7},{"damage":1,"enemies":"Maw","floor":41,"turns":7},{"damage":0,"enemies":"Mind Bloom Boss Battle","floor":42,"turns":6},{"damage":11,"enemies":"Transient","floor":45,"turns":5},{"damage":4,"enemies":"Sphere and 2 Shapes","floor":47,"turns":4},{"damage":12,"enemies":"Spire Growth","floor":48,"turns":5},{"damage":32,"enemies":"Donu and Deca","floor":50,"turns":8}],"seed_played":"358480684390550313","potions_obtained":[{"floor":1,"key":"FearPotion"},{"floor":3,"key":"Energy Potion"},{"floor":14,"key":"Poison Potion"},{"floor":16,"key":"SmokeBomb"},{"floor":18,"key":"EntropicBrew"},{"floor":22,"key":"Energy Potion"},{"floor":23,"key":"Fruit Juice"},{"floor":33,"key":"SteroidPotion"},{"floor":35,"key":"SkillPotion"},{"floor":38,"key":"Energy Potion"},{"floor":41,"key":"SpeedPotion"},{"floor":45,"key":"Fruit Juice"}],"is_trial":false,"path_per_floor":["M","?","M","$","M","R","M","M","T","R","M","E","M","E","R","B",null,"M","M","?","?","M","E","R","E","T","E","M","$","R","?","R","B",null,"M","?","$","M","M","E","M","?","T","R","M","?","M","M","R","B",null],"character_chosen":"THE_SILENT","items_purchased":["Orichalcum","Backstab","PiercingWail","Apotheosis","Bag of Preparation","Corpse Explosion","Well Laid Plans"],"campfire_rested":5,"item_purchase_floors":[4,4,4,29,29,37,37],"current_hp_per_floor":[53,53,51,51,51,51,46,45,45,45,42,40,40,33,33,28,54,46,43,43,52,51,49,63,43,43,41,40,40,62,62,75,61,72,71,75,75,74,63,32,31,31,31,53,42,42,43,31,55,23],"gold":301,"neow_bonus":"TWO_FIFTY_GOLD","is_prod":false,"is_daily":false,"chose_seed":false,"campfire_upgraded":3,"win_rate":0,"timestamp":1556464193,"path_taken":["M","?","M","$","M","R","M","M","T","R","?","E","M","E","R","BOSS","M","M","?","?","M","E","R","E","T","E","?","$","R","?","R","BOSS","M","?","$","M","?","E","M","?","T","R","M","?","M","M","R","BOSS"],"build_version":"2019-04-23","purchased_purges":2,"victory":true,"max_hp_per_floor":[63,63,63,63,63,63,63,63,63,63,63,63,63,63,63,63,63,63,63,63,63,63,63,63,63,63,75,75,75,75,75,75,75,75,75,75,75,75,75,75,75,75,75,75,75,75,80,80,80,80],"card_choices":[{"not_picked":["Dash","Flying Knee"],"picked":"Backflip","floor":1},{"not_picked":["Endless Agony","Accuracy"],"picked":"Cloak And Dagger","floor":3},{"not_picked":["Bane","Backstab"],"picked":"Footwork","floor":5},{"not_picked":["All Out Attack","Endless Agony"],"picked":"Bouncing Flask","floor":7},{"not_picked":["Bane","Dagger Spray"],"picked":"Predator","floor":8},{"not_picked":["Poisoned Stab","Night Terror"],"picked":"Dagger Spray","floor":11},{"not_picked":["Expertise","Dagger Throw"],"picked":"Backflip","floor":12},{"not_picked":["Underhanded Strike","Outmaneuver","Dagger Spray"],"picked":"SKIP","floor":13},{"not_picked":["Distraction","Bane"],"picked":"Sucker Punch","floor":14},{"not_picked":["Phantasmal Killer","Grand Finale"],"picked":"Tools of the Trade","floor":16},{"not_picked":["Deflect","Masterful Stab"],"picked":"Acrobatics","floor":18},{"not_picked":["Prepared","Escape Plan"],"picked":"Leg Sweep","floor":19},{"not_picked":["Outmaneuver+1","Dagger Throw+1"],"picked":"Noxious Fumes","floor":21},{"not_picked":["Slice","Deadly Poison"],"picked":"Venomology","floor":22},{"not_picked":["Bane","Underhanded Strike"],"picked":"Poisoned Stab","floor":23},{"not_picked":["Dagger Throw","Endless Agony","Dagger Spray"],"picked":"SKIP","floor":25},{"not_picked":["Accuracy+1","Poisoned Stab","Acrobatics"],"picked":"SKIP","floor":27},{"not_picked":["Dagger Spray","Footwork"],"picked":"Backstab","floor":28},{"not_picked":["After Image","Corpse Explosion"],"picked":"Malaise","floor":33},{"not_picked":["Dagger Throw+1","Reflex"],"picked":"Blade Dance","floor":35},{"not_picked":["Cloak And Dagger","Tactician","Poisoned Stab"],"picked":"SKIP","floor":38},{"not_picked":["Accuracy+1","Flechettes","Prepared"],"picked":"SKIP","floor":39},{"not_picked":["Infinite Blades","Reflex"],"picked":"Caltrops","floor":40},{"not_picked":["Blade Dance","Accuracy"],"picked":"Blur","floor":41},{"not_picked":["Choke","Leg Sweep","Deflect"],"picked":"SKIP","floor":45},{"not_picked":["Deadly Poison","Flechettes"],"picked":"Blur","floor":47},{"not_picked":["Leg Sweep","Blur"],"picked":"Heel Hook","floor":48}],"player_experience":1285368,"relics_obtained":[{"floor":9,"key":"Centennial Puzzle"},{"floor":12,"key":"Anchor"},{"floor":14,"key":"Bottled Flame"},{"floor":21,"key":"Ginger"},{"floor":21,"key":"Shuriken"},{"floor":23,"key":"Potion Belt"},{"floor":25,"key":"Paper Crane"},{"floor":26,"key":"Bronze Scales"},{"floor":27,"key":"Strawberry"},{"floor":40,"key":"FossilizedHelix"},{"floor":42,"key":"Torii"},{"floor":43,"key":"Gambling Chip"}],"event_choices":[{"damage_healed":0,"gold_gain":0,"player_choice":"Upgraded","damage_taken":0,"max_hp_gain":0,"max_hp_loss":0,"event_name":"Upgrade Shrine","floor":2,"gold_loss":0,"cards_upgraded":["Neutralize"]},{"damage_healed":0,"gold_gain":0,"player_choice":"Inject Mutagens","damage_taken":0,"relics_obtained":["MutagenicStrength"],"max_hp_gain":0,"max_hp_loss":0,"event_name":"Drug Dealer","floor":20,"gold_loss":0},{"damage_healed":0,"gold_gain":0,"player_choice":"Fight","damage_taken":0,"max_hp_gain":0,"max_hp_loss":0,"event_name":"Colosseum","floor":21,"gold_loss":0},{"damage_healed":0,"gold_gain":0,"player_choice":"Fought Nobs","damage_taken":0,"max_hp_gain":0,"max_hp_loss":0,"event_name":"Colosseum","floor":21,"gold_loss":0},{"damage_healed":0,"gold_gain":0,"player_choice":"Simplicity","damage_taken":0,"max_hp_gain":0,"max_hp_loss":0,"event_name":"Back to Basics","floor":31,"gold_loss":0,"cards_upgraded":["Defend_G","Defend_G","Defend_G","Defend_G","Strike_G","Strike_G","Strike_G","Strike_G"]},{"damage_healed":4,"gold_gain":0,"player_choice":"Full Heal","damage_taken":0,"max_hp_gain":0,"max_hp_loss":0,"event_name":"Wheel of Change","floor":36,"gold_loss":0},{"damage_healed":0,"gold_gain":0,"player_choice":"Fight","damage_taken":0,"max_hp_gain":0,"max_hp_loss":0,"event_name":"MindBloom","floor":42,"gold_loss":0},{"damage_healed":0,"gold_gain":0,"cards_transformed":["Strike_G"],"player_choice":"Transformed","damage_taken":0,"max_hp_gain":0,"max_hp_loss":0,"event_name":"Transmorgrifier","floor":46,"gold_loss":0,"cards_obtained":["Predator"]}],"is_beta":true,"boss_relics":[{"not_picked":["WristBlade","HoveringKite"],"picked":"Fusion Hammer"},{"not_picked":["Astrolabe","Velvet Choker"],"picked":"Lizard Tail"}],"items_purged_floors":[4,29],"is_endless":false,"potions_floor_spawned":[1,3,8,13,14,16,18,22,23,33,35,38,41,45],"ascension_level":12}