{"gold_per_floor":[11,25,25,44,61,61,88,88,112,128,157,119,137,147,147,226,226,245,245,263,263,263,263,263,263,286,301,301],"floor_reached":28,"playtime":8533,"items_purged":[],"score":391,"play_id":"b8abcc4e-9d61-47ee-9b47-51c9812317a3","local_time":"20190411231516","is_ascension_mode":true,"campfire_choices":[{"data":"Sunder","floor":6,"key":"SMITH"},{"floor":8,"key":"REST"},{"data":"Beam Cell","floor":15,"key":"SMITH"},{"data":"Thunder Strike","floor":23,"key":"SMITH"},{"floor":25,"key":"REST"}],"neow_cost":"NO_GOLD","seed_source_timestamp":471520088865000,"circlet_count":0,"master_deck":["AscendersBane","Strike_B","Strike_B","Defend_B","Defend_B","Defend_B","Defend_B","Zap","Dualcast","Leap+1","Sunder+1","BootSequence+1","Ball Lightning","Core Surge","Hello World","Self Repair","Reinforced Body","Beam Cell+1","Thunder Strike+1","Ball Lightning","Steam+1","Undo","Auto Shields","Reboot"],"relics":["Cracked Core","Du-Vu Doll","Regal Pillow","War Paint","Omamori","Eternal Feather","Nilry\u0027s Codex","Blood Vial"],"potions_floor_usage":[5,18,19,28],"damage_taken":[{"damage":9,"enemies":"Jaw Worm","floor":1,"turns":3},{"damage":6,"enemies":"Cultist","floor":2,"turns":3},{"damage":0,"enemies":"2 Louse","floor":4,"turns":1},{"damage":0,"enemies":"Looter","floor":5,"turns":2},{"damage":30,"enemies":"3 Sentries","floor":7,"turns":7},{"damage":0,"enemies":"3 Louse","floor":10,"turns":3},{"damage":17,"enemies":"Lagavulin","floor":11,"turns":6},{"damage":1,"enemies":"Blue Slaver","floor":13,"turns":3},{"damage":8,"enemies":"Exordium Wildlife","floor":14,"turns":4},{"damage":35,"enemies":"The Guardian","floor":16,"turns":12},{"damage":0,"enemies":"3 Byrds","floor":18,"turns":2},{"damage":0,"enemies":"Masked Bandits","floor":19,"turns":1},{"damage":16,"enemies":"Shell Parasite","floor":20,"turns":7},{"damage":49,"enemies":"Shelled Parasite and Fungi","floor":27,"turns":10},{"damage":31,"enemies":"Snake Plant","floor":28,"turns":5}],"seed_played":"-1454370350124259774","potions_obtained":[{"floor":2,"key":"GamblersBrew"},{"floor":3,"key":"LiquidBronze"},{"floor":3,"key":"Fire Potion"},{"floor":5,"key":"SmokeBomb"},{"floor":18,"key":"SkillPotion"}],"is_trial":false,"path_per_floor":["M","M","?","M","M","R","E","R","T","M","E","$","M","M","R","B",null,"M","?","M","?","?","R","?","R","T","M","M"],"character_chosen":"DEFECT","items_purchased":["Self Repair"],"campfire_rested":2,"item_purchase_floors":[12],"current_hp_per_floor":[55,49,49,49,49,49,19,55,55,55,38,38,37,36,36,8,55,55,55,46,46,46,58,42,71,71,29,0],"gold":301,"neow_bonus":"ONE_RARE_RELIC","is_prod":false,"is_daily":false,"chose_seed":false,"campfire_upgraded":3,"win_rate":0,"timestamp":1555038916,"path_taken":["M","M","?","M","?","R","E","R","T","M","E","$","M","M","R","BOSS","M","?","M","?","?","R","?","R","T","M","?"],"build_version":"2019-01-23","purchased_purges":0,"victory":false,"max_hp_per_floor":[71,71,71,71,71,71,71,71,71,71,71,71,71,71,71,71,71,71,71,71,71,71,71,71,71,71,71,71],"card_choices":[{"not_picked":["Hologram","Stack"],"picked":"Leap","floor":1},{"not_picked":["Gash","Barrage"],"picked":"Sunder","floor":2},{"not_picked":["Streamline","Compile Driver"],"picked":"BootSequence","floor":4},{"not_picked":["Rebound","Gash","Compile Driver"],"picked":"SKIP","floor":5},{"not_picked":["Recycle","Go for the Eyes"],"picked":"Ball Lightning","floor":7},{"not_picked":["Turbo","Gash"],"picked":"Core Surge","floor":10},{"not_picked":["Genetic Algorithm","Rebound"],"picked":"Hello World","floor":11},{"not_picked":["Conserve Battery","Gash"],"picked":"Reinforced Body","floor":13},{"not_picked":["Turbo","Rebound"],"picked":"Beam Cell","floor":14},{"not_picked":["Biased Cognition","Reboot"],"picked":"Thunder Strike","floor":16},{"not_picked":["Genetic Algorithm","Cold Snap+1"],"picked":"Ball Lightning","floor":18},{"not_picked":["Scrape","Barrage"],"picked":"Steam+1","floor":20},{"not_picked":["Reprogram","Stack"],"picked":"Reboot","floor":27}],"player_experience":2682114,"relics_obtained":[{"floor":7,"key":"Regal Pillow"},{"floor":9,"key":"War Paint"},{"floor":11,"key":"Omamori"},{"floor":24,"key":"Nilry\u0027s Codex"},{"floor":26,"key":"Blood Vial"}],"event_choices":[{"damage_healed":0,"gold_gain":0,"player_choice":"Got Potions","damage_taken":0,"max_hp_gain":0,"max_hp_loss":0,"event_name":"Lab","floor":3,"gold_loss":0},{"damage_healed":0,"gold_gain":0,"player_choice":"Fought Bandits","damage_taken":0,"max_hp_gain":0,"max_hp_loss":0,"event_name":"Masked Bandits","floor":19,"gold_loss":0},{"damage_healed":0,"gold_gain":0,"cards_transformed":["Strike_B","Strike_B"],"player_choice":"Became Test Subject","damage_taken":0,"max_hp_gain":0,"max_hp_loss":0,"event_name":"Drug Dealer","floor":21,"gold_loss":0,"cards_obtained":["Undo","Auto Shields"]},{"damage_healed":0,"gold_gain":0,"player_choice":"Ignored","damage_taken":0,"max_hp_gain":0,"max_hp_loss":0,"event_name":"Ghosts","floor":22,"gold_loss":0},{"damage_healed":0,"gold_gain":0,"player_choice":"Obtained Book","damage_taken":16,"max_hp_gain":0,"max_hp_loss":0,"event_name":"Cursed Tome","floor":24,"gold_loss":0}],"is_beta":false,"boss_relics":[{"not_picked":["Runic Pyramid","Snecko Eye"],"picked":"Eternal Feather"}],"items_purged_floors":[],"is_endless":false,"potions_floor_spawned":[2,5,11,13,14,18,19],"killed_by":"Snake Plant","ascension_level":14}