{"gold_per_floor":[116,116,134,9,9,9,36,51,51,67,67,93,93,109,109,109],"floor_reached":16,"playtime":428,"items_purged":["Strike_B"],"score":257,"play_id":"25277473-00ce-4675-857c-0e385fdd6e37","local_time":"20190506135657","is_ascension_mode":true,"campfire_choices":[{"data":"Stack","floor":6,"key":"SMITH"},{"data":"Sweeping Beam","floor":11,"key":"SMITH"},{"data":"Glacier","floor":13,"key":"SMITH"},{"data":"Zap","floor":15,"key":"SMITH"}],"neow_cost":"NONE","seed_source_timestamp":1295238168096837,"circlet_count":0,"master_deck":["AscendersBane","Strike_B","Strike_B","Strike_B","Defend_B","Defend_B","Defend_B","Defend_B","Zap+1","Dualcast","Sweeping Beam+1","Stack+1","Ball Lightning","Compile Driver","Compile Driver","Glacier+1"],"relics":["Cracked Core","NeowsBlessing","Singing Bowl","Question Card","Art of War"],"potions_floor_usage":[12,16],"damage_taken":[{"damage":0,"enemies":"Small Slimes","floor":1,"turns":1},{"damage":0,"enemies":"Cultist","floor":3,"turns":1},{"damage":0,"enemies":"Gremlin Nob","floor":7,"turns":1},{"damage":2,"enemies":"Jaw Worm","floor":8,"turns":4},{"damage":13,"enemies":"2 Fungi Beasts","floor":10,"turns":3},{"damage":20,"enemies":"3 Sentries","floor":12,"turns":5},{"damage":0,"enemies":"Blue Slaver","floor":14,"turns":5},{"damage":42,"enemies":"Hexaghost","floor":16,"turns":11}],"seed_played":"-8352327987911946139","potions_obtained":[{"floor":1,"key":"Energy Potion"},{"floor":2,"key":"SpeedPotion"},{"floor":8,"key":"AttackPotion"}],"is_trial":false,"path_per_floor":["M","?","M","$","?","R","E","M","T","M","R","E","R","M","R","B"],"character_chosen":"DEFECT","items_purchased":["Ball Lightning"],"campfire_rested":0,"item_purchase_floors":[4],"current_hp_per_floor":[64,64,64,64,69,69,71,69,69,56,56,36,36,38,38,0],"gold":109,"neow_bonus":"THREE_ENEMY_KILL","is_prod":false,"is_daily":false,"chose_seed":false,"campfire_upgraded":4,"win_rate":0,"timestamp":1557143817,"path_taken":["M","?","?","$","?","R","E","M","T","M","R","E","R","M","R","BOSS"],"build_version":"2019-04-23","purchased_purges":1,"victory":false,"max_hp_per_floor":[71,71,71,71,76,76,78,78,78,78,78,78,78,80,80,80],"card_choices":[{"not_picked":["Undo","Beam Cell"],"picked":"Sweeping Beam","floor":1},{"not_picked":["Darkness","Sweeping Beam"],"picked":"Stack","floor":3},{"not_picked":["All For One","Redo","Sweeping Beam"],"picked":"Singing Bowl","floor":7},{"not_picked":["Cold Snap","Redo"],"picked":"Compile Driver","floor":8},{"not_picked":["Melter","Ball Lightning","Rip and Tear"],"picked":"Compile Driver","floor":10},{"not_picked":["Conserve Battery","Steam Power","Sweeping Beam"],"picked":"Glacier","floor":12},{"not_picked":["Redo","Streamline","Barrage","Loop"],"picked":"Singing Bowl","floor":14}],"player_experience":1541580,"relics_obtained":[{"floor":7,"key":"Singing Bowl"},{"floor":9,"key":"Question Card"},{"floor":12,"key":"Art of War"}],"event_choices":[{"damage_healed":0,"gold_gain":0,"player_choice":"Got Potions","damage_taken":0,"max_hp_gain":0,"max_hp_loss":0,"event_name":"Lab","floor":2,"gold_loss":0},{"damage_healed":0,"gold_gain":0,"player_choice":"Donut","damage_taken":0,"max_hp_gain":5,"max_hp_loss":0,"event_name":"Big Fish","floor":5,"gold_loss":0}],"is_beta":true,"boss_relics":[],"items_purged_floors":[4],"is_endless":false,"potions_floor_spawned":[1,8],"killed_by":"Hexaghost","ascension_level":18}