{"gold_per_floor":[115,128,142,157,41,66,66,101,126,144,159,159,172,247,247,318,318,336,261,30,48,67,67,78,91,146,146,146,177,177,189,189,189],"floor_reached":33,"playtime":2387,"items_purged":[],"score":496,"play_id":"5aa5e655-8207-4cc5-88cd-7418681352f0","local_time":"20190507160202","is_ascension_mode":true,"campfire_choices":[{"data":"Redo","floor":7,"key":"SMITH"},{"data":"Self Repair","floor":12,"key":"SMITH"},{"floor":15,"key":"REST"},{"data":"Reinforced Body","floor":23,"key":"SMITH"},{"floor":27,"key":"REST"},{"floor":32,"key":"REST"}],"neow_cost":"NONE","seed_source_timestamp":1387184452975404,"circlet_count":0,"master_deck":["AscendersBane","Strike_B","Strike_B","Strike_B","Defend_B","Defend_B","Defend_B","Defend_B","Zap","Dualcast","Leap","Ball Lightning","Self Repair+1","Redo+1","Reinforced Body+1","Cold Snap","BootSequence","Capacitor","Conserve Battery","Auto Shields","Electrodynamics","Compile Driver","Doom and Gloom","Conserve Battery","Seek","Hologram","Barrage","Conserve Battery+1","Self Repair","Chill","Multi-Cast","Coolheaded","RitualDagger","Sweeping Beam"],"relics":["Cracked Core","Strawberry","Boot","Ancient Tea Set","Orrery","Chemical X","Oddly Smooth Stone","Red Mask"],"potions_floor_usage":[6,22,29,33],"damage_taken":[{"damage":1,"enemies":"Cultist","floor":1,"turns":3},{"damage":0,"enemies":"2 Louse","floor":2,"turns":2},{"damage":1,"enemies":"Small Slimes","floor":3,"turns":3},{"damage":9,"enemies":"3 Louse","floor":4,"turns":4},{"damage":5,"enemies":"3 Sentries","floor":6,"turns":8},{"damage":36,"enemies":"Lagavulin","floor":8,"turns":6},{"damage":0,"enemies":"2 Fungi Beasts","floor":10,"turns":4},{"damage":16,"enemies":"Exordium Thugs","floor":11,"turns":5},{"damage":6,"enemies":"Blue Slaver","floor":13,"turns":4},{"damage":30,"enemies":"The Guardian","floor":16,"turns":17},{"damage":22,"enemies":"Chosen","floor":18,"turns":6},{"damage":18,"enemies":"Spheric Guardian","floor":21,"turns":6},{"damage":27,"enemies":"Snake Plant","floor":22,"turns":6},{"damage":31,"enemies":"Centurion and Healer","floor":24,"turns":11},{"damage":13,"enemies":"Shelled Parasite and Fungi","floor":25,"turns":10},{"damage":0,"enemies":"Masked Bandits","floor":29,"turns":2},{"damage":33,"enemies":"Snake Plant","floor":31,"turns":11},{"damage":76,"enemies":"Champ","floor":33,"turns":15}],"seed_played":"-7960091025593261595","potions_obtained":[{"floor":2,"key":"EssenceOfSteel"},{"floor":8,"key":"Ancient Potion"},{"floor":10,"key":"Ancient Potion"},{"floor":13,"key":"Block Potion"},{"floor":24,"key":"Strength Potion"},{"floor":31,"key":"Explosive Potion"}],"is_trial":false,"path_per_floor":["M","M","M","M","$","E","R","E","T","M","M","R","M","?","R","B",null,"M","?","$","M","M","R","M","M","T","R","?","?","?","M","R","B"],"character_chosen":"DEFECT","items_purchased":["Reinforced Body","Cold Snap","Chemical X"],"campfire_rested":3,"item_purchase_floors":[5,5,20],"current_hp_per_floor":[70,70,69,67,67,76,76,40,40,47,38,38,42,31,56,36,73,61,61,61,53,36,36,22,26,26,51,51,51,45,29,54,0],"gold":189,"neow_bonus":"TEN_PERCENT_HP_BONUS","is_prod":false,"is_daily":false,"chose_seed":false,"campfire_upgraded":3,"win_rate":0,"timestamp":1557237722,"path_taken":["M","M","M","M","$","E","R","E","T","M","M","R","?","?","R","BOSS","M","?","$","M","M","R","M","M","T","R","?","?","?","M","R","BOSS"],"build_version":"2019-04-23","purchased_purges":0,"victory":false,"max_hp_per_floor":[78,78,78,78,78,85,85,85,85,85,85,85,85,85,85,85,85,85,85,85,85,85,85,85,85,85,85,85,85,85,85,85,85],"card_choices":[{"not_picked":["Streamline","Barrage"],"picked":"Leap","floor":1},{"not_picked":["Redo","Barrage"],"picked":"Ball Lightning","floor":2},{"not_picked":["Steam Power","Core Surge"],"picked":"Self Repair","floor":3},{"not_picked":["Static Discharge","Rebound"],"picked":"Redo","floor":4},{"not_picked":["Barrage","Streamline"],"picked":"BootSequence","floor":6},{"not_picked":["Reinforced Body","Beam Cell"],"picked":"Capacitor","floor":8},{"not_picked":["Lockon","Chaos","Hello World"],"picked":"SKIP","floor":10},{"not_picked":["Chaos","Skim"],"picked":"Conserve Battery","floor":11},{"not_picked":["Barrage","Darkness"],"picked":"Auto Shields","floor":13},{"not_picked":["Meteor Strike","Core Surge"],"picked":"Electrodynamics","floor":16},{"not_picked":["Rip and Tear","Melter"],"picked":"Compile Driver","floor":17},{"not_picked":["Redo","Barrage"],"picked":"Doom and Gloom","floor":17},{"not_picked":["Ball Lightning","Hyperbeam"],"picked":"Conserve Battery","floor":17},{"not_picked":["Gash","Leap"],"picked":"Seek","floor":17},{"not_picked":["Darkness","Storm"],"picked":"Hologram","floor":17},{"not_picked":["Gash","Streamline"],"picked":"Barrage","floor":18},{"not_picked":["Streamline","Scrape+1"],"picked":"Conserve Battery+1","floor":21},{"not_picked":["Heatsinks","Turbo"],"picked":"Self Repair","floor":22},{"not_picked":["Turbo","Aggregate"],"picked":"Chill","floor":24},{"not_picked":["Melter","Rebound"],"picked":"Multi-Cast","floor":25},{"not_picked":["Leap","Beam Cell"],"picked":"Coolheaded","floor":29},{"not_picked":["White Noise","Coolheaded"],"picked":"Sweeping Beam","floor":31}],"player_experience":1564119,"relics_obtained":[{"floor":6,"key":"Strawberry"},{"floor":8,"key":"Boot"},{"floor":9,"key":"Ancient Tea Set"},{"floor":26,"key":"Oddly Smooth Stone"},{"floor":29,"key":"Red Mask"}],"event_choices":[{"damage_healed":0,"gold_gain":75,"player_choice":"Gather Gold","damage_taken":11,"max_hp_gain":0,"max_hp_loss":0,"event_name":"World of Goop","floor":14,"gold_loss":0},{"cards_removed":["Strike_B"],"damage_healed":0,"gold_gain":0,"player_choice":"Gave Gold","damage_taken":0,"max_hp_gain":0,"max_hp_loss":0,"event_name":"Beggar","floor":19,"gold_loss":75},{"damage_healed":0,"gold_gain":0,"player_choice":"Ignored","damage_taken":0,"max_hp_gain":0,"max_hp_loss":0,"event_name":"Cursed Tome","floor":28,"gold_loss":0},{"damage_healed":0,"gold_gain":0,"player_choice":"Fought Bandits","damage_taken":0,"max_hp_gain":0,"max_hp_loss":0,"event_name":"Masked Bandits","floor":29,"gold_loss":0},{"damage_healed":0,"gold_gain":0,"player_choice":"Joined the Cult","damage_taken":6,"max_hp_gain":0,"max_hp_loss":0,"event_name":"Nest","floor":30,"gold_loss":0,"cards_obtained":["RitualDagger"]}],"is_beta":true,"boss_relics":[{"not_picked":["Calling Bell","Coffee Dripper"],"picked":"Orrery"}],"items_purged_floors":[],"is_endless":false,"potions_floor_spawned":[2,8,10,13,21,24,25,31],"killed_by":"Champ","ascension_level":18}