{"gold_per_floor":[112,112,1,20,20,46,46,46,92,123,139,151,151,151],"floor_reached":14,"playtime":813,"items_purged":[],"score":118,"play_id":"06dd0521-d997-458e-a1ce-39c647e5f2b5","local_time":"20190518180222","is_ascension_mode":true,"campfire_choices":[{"floor":7,"key":"REST"}],"neow_cost":"NONE","seed_source_timestamp":4287554251775,"circlet_count":0,"master_deck":["Strike_R","Strike_R","Strike_R","Strike_R","Strike_R","Defend_R","Defend_R","Defend_R+1","Defend_R+1","Bash","Fire Breathing","Inflame","Intimidate","Cleave","Flame Barrier","Armaments"],"relics":["Burning Blood","Bag of Marbles","Orichalcum","PreservedInsect","Paper Frog"],"potions_floor_usage":[6,14],"damage_taken":[{"damage":8,"enemies":"Jaw Worm","floor":1,"turns":4},{"damage":15,"enemies":"2 Louse","floor":4,"turns":2},{"damage":42,"enemies":"Lagavulin","floor":6,"turns":7},{"damage":22,"enemies":"Gremlin Nob","floor":10,"turns":4},{"damage":0,"enemies":"Cultist","floor":11,"turns":3},{"damage":0,"enemies":"Large Slime","floor":12,"turns":4},{"damage":38,"enemies":"Exordium Thugs","floor":14,"turns":4}],"seed_played":"364863177444815782","potions_obtained":[{"floor":1,"key":"BloodPotion"},{"floor":4,"key":"Dexterity Potion"}],"is_trial":false,"path_per_floor":["M","?","$","M","?","E","R","?","T","E","M","M","?","M"],"character_chosen":"IRONCLAD","items_purchased":["Inflame","Intimidate"],"campfire_rested":1,"item_purchase_floors":[3,3],"current_hp_per_floor":[78,66,66,57,57,21,45,50,50,34,40,46,29,0],"gold":151,"neow_bonus":"THREE_CARDS","is_prod":false,"is_daily":false,"chose_seed":false,"campfire_upgraded":0,"win_rate":0,"timestamp":1558195342,"path_taken":["M","?","$","M","?","E","R","?","T","E","M","M","?","M"],"build_version":"2019-05-07","purchased_purges":0,"victory":false,"max_hp_per_floor":[80,80,80,80,80,80,80,85,85,85,85,85,85,85],"card_choices":[{"not_picked":["Sentinel","Havoc"],"picked":"Fire Breathing","floor":0},{"not_picked":["Second Wind","Heavy Blade","Dual Wield"],"picked":"SKIP","floor":1},{"not_picked":["Ghostly Armor","Wild Strike"],"picked":"Cleave","floor":4},{"not_picked":["Bloodletting","Metallicize"],"picked":"Flame Barrier","floor":6},{"not_picked":["Flex","Thunderclap"],"picked":"Armaments","floor":10},{"not_picked":["Cleave","Bludgeon","Rupture"],"picked":"SKIP","floor":11},{"not_picked":["Havoc","Warcry","Wild Strike"],"picked":"SKIP","floor":12}],"player_experience":288460,"relics_obtained":[{"floor":6,"key":"Orichalcum"},{"floor":9,"key":"PreservedInsect"},{"floor":10,"key":"Paper Frog"}],"event_choices":[{"damage_healed":0,"gold_gain":0,"player_choice":"Success","damage_taken":12,"relics_obtained":["Bag of Marbles"],"max_hp_gain":0,"max_hp_loss":0,"event_name":"Scrap Ooze","floor":2,"gold_loss":0},{"damage_healed":0,"gold_gain":0,"player_choice":"Leave","damage_taken":0,"max_hp_gain":0,"max_hp_loss":0,"event_name":"The Cleric","floor":5,"gold_loss":0},{"damage_healed":0,"gold_gain":0,"player_choice":"Donut","damage_taken":0,"max_hp_gain":5,"max_hp_loss":0,"event_name":"Big Fish","floor":8,"gold_loss":0},{"damage_healed":0,"gold_gain":0,"player_choice":"Entered Light","damage_taken":17,"max_hp_gain":0,"max_hp_loss":0,"event_name":"Shining Light","floor":13,"gold_loss":0,"cards_upgraded":["Defend_R","Defend_R"]}],"is_beta":true,"boss_relics":[],"items_purged_floors":[],"is_endless":false,"potions_floor_spawned":[1,4],"killed_by":"Exordium Thugs","ascension_level":4}