{"gold_per_floor":[111,124,12,187,187,187,220,220,220,220,220,233,251,261,261,261],"floor_reached":16,"playtime":3884,"items_purged":["Strike_R"],"score":170,"play_id":"3309b73a-8dd7-448e-b0c1-42d3ae8e6f94","local_time":"20190119214859","is_ascension_mode":true,"campfire_choices":[{"data":"Armaments","floor":6,"key":"SMITH"},{"data":"Bash","floor":8,"key":"SMITH"},{"data":"Clothesline","floor":10,"key":"SMITH"},{"data":"Feed","floor":15,"key":"SMITH"}],"neow_cost":"NONE","seed_source_timestamp":295600445961800,"circlet_count":0,"master_deck":["AscendersBane","Strike_R","Strike_R","Strike_R","Strike_R","Defend_R","Defend_R","Defend_R","Defend_R","Bash+1","Clothesline+1","Armaments+1","Evolve","Rage","Cleave","Uppercut","Perfected Strike","Feed+1"],"relics":["Burning Blood","Prayer Wheel","Juzu Bracelet"],"potions_floor_usage":[16],"damage_taken":[{"damage":6,"enemies":"2 Louse","floor":1,"turns":4},{"damage":2,"enemies":"Small Slimes","floor":2,"turns":3},{"damage":37,"enemies":"Gremlin Nob","floor":7,"turns":5},{"damage":7,"enemies":"Jaw Worm","floor":12,"turns":3},{"damage":7,"enemies":"3 Louse","floor":13,"turns":4},{"damage":6,"enemies":"Looter","floor":14,"turns":3},{"damage":45,"enemies":"Slime Boss","floor":16,"turns":8}],"seed_played":"7504772190699814119","potions_obtained":[{"floor":1,"key":"SpeedPotion"},{"floor":12,"key":"SneckoOil"},{"floor":14,"key":"SteroidPotion"}],"is_trial":false,"path_per_floor":["M","M","$","?","?","R","E","R","T","R","?","M","M","M","R","B"],"character_chosen":"IRONCLAD","items_purchased":["Evolve"],"campfire_rested":0,"item_purchase_floors":[3],"current_hp_per_floor":[75,79,79,79,72,72,41,41,41,41,41,40,39,39,39,0],"gold":261,"neow_bonus":"TEN_PERCENT_HP_BONUS","is_prod":false,"is_daily":false,"chose_seed":false,"campfire_upgraded":4,"win_rate":0,"timestamp":1547952539,"path_taken":["M","M","$","?","?","R","E","R","T","R","?","M","M","M","R","BOSS"],"build_version":"2019-01-17v2","purchased_purges":1,"victory":false,"max_hp_per_floor":[82,82,82,82,82,82,82,82,82,82,82,82,82,82,82,86],"card_choices":[{"not_picked":["Warcry","Sword Boomerang"],"picked":"Clothesline","floor":1},{"not_picked":["Pommel Strike","Warcry"],"picked":"Armaments","floor":2},{"not_picked":["Headbutt","Iron Wave"],"picked":"Rage","floor":7},{"not_picked":["Clash","Hemokinesis"],"picked":"Cleave","floor":12},{"not_picked":["Heavy Blade","Carnage","Berserk"],"picked":"SKIP","floor":12},{"not_picked":["Perfected Strike","Warcry"],"picked":"Uppercut","floor":13},{"not_picked":["Armaments","Pommel Strike","Headbutt"],"picked":"SKIP","floor":13},{"not_picked":["Seeing Red","Twin Strike"],"picked":"Perfected Strike","floor":14},{"not_picked":["Iron Wave","Twin Strike"],"picked":"Feed","floor":14}],"player_experience":1803208,"relics_obtained":[{"floor":7,"key":"Prayer Wheel"},{"floor":9,"key":"Juzu Bracelet"}],"event_choices":[{"damage_healed":0,"gold_gain":175,"player_choice":"AGREE","damage_taken":0,"max_hp_gain":0,"max_hp_loss":0,"event_name":"Liars Game","floor":4,"gold_loss":0,"cards_obtained":["Doubt"]},{"cards_removed":["Doubt"],"damage_healed":0,"gold_gain":0,"player_choice":"Card Removal","damage_taken":7,"max_hp_gain":0,"max_hp_loss":0,"event_name":"Golden Wing","floor":5,"gold_loss":0},{"damage_healed":0,"gold_gain":0,"player_choice":"Ignored","damage_taken":0,"max_hp_gain":0,"max_hp_loss":0,"event_name":"Golden Idol","floor":11,"gold_loss":0}],"is_beta":false,"boss_relics":[],"items_purged_floors":[3],"is_endless":false,"potions_floor_spawned":[1,12,14],"killed_by":"Slime Boss","ascension_level":14}