{"gold_per_floor":[219,9,9,19,19,19,47,47,47,47,57,72,18,30,30,30],"floor_reached":16,"playtime":1020,"items_purged":[],"score":175,"play_id":"cbc34e1b-ef46-4246-8a16-356fb16da49a","local_time":"20190501200914","is_ascension_mode":true,"campfire_choices":[{"data":"Inflame","floor":6,"key":"SMITH"},{"floor":8,"key":"REST"},{"floor":15,"key":"REST"}],"neow_cost":"NONE","seed_source_timestamp":884983055909203,"circlet_count":0,"master_deck":["AscendersBane","Strike_R","Strike_R+1","Strike_R","Strike_R","Defend_R+1","Defend_R","Defend_R","Defend_R","Bash+1","Shrug It Off+1","Inflame+1","Anger","Twin Strike","Heavy Blade","Clothesline","Ghostly Armor"],"relics":["Burning Blood","MealTicket","Happy Flower","War Paint","Blue Candle"],"potions_floor_usage":[16,16],"damage_taken":[{"damage":10,"enemies":"Cultist","floor":1,"turns":5},{"damage":5,"enemies":"Small Slimes","floor":4,"turns":3},{"damage":28,"enemies":"Gremlin Nob","floor":7,"turns":5},{"damage":0,"enemies":"2 Louse","floor":11,"turns":3},{"damage":2,"enemies":"Blue Slaver","floor":12,"turns":3},{"damage":14,"enemies":"Lots of Slimes","floor":14,"turns":5},{"damage":42,"enemies":"The Guardian","floor":16,"turns":5}],"seed_played":"8498370969833220148","potions_obtained":[{"floor":7,"key":"Strength Potion"},{"floor":11,"key":"Strength Potion"}],"is_trial":false,"path_per_floor":["M","$","?","M","?","R","E","R","T","?","M","M","$","M","R","B"],"character_chosen":"IRONCLAD","items_purchased":["MealTicket","Clothesline"],"campfire_rested":2,"item_purchase_floors":[2,13],"current_hp_per_floor":[64,64,57,58,35,35,13,35,35,17,23,27,27,19,41,0],"gold":30,"neow_bonus":"HUNDRED_GOLD","is_prod":false,"is_daily":false,"chose_seed":false,"campfire_upgraded":1,"win_rate":0,"timestamp":1556734154,"path_taken":["M","$","?","M","?","R","E","R","T","?","M","M","?","M","R","BOSS"],"build_version":"2019-04-23","purchased_purges":0,"victory":false,"max_hp_per_floor":[75,75,75,75,75,75,75,75,75,75,75,75,75,75,75,75],"card_choices":[{"not_picked":["Thunderclap","Iron Wave"],"picked":"Shrug It Off","floor":1},{"not_picked":["Thunderclap","Hemokinesis"],"picked":"Inflame","floor":4},{"not_picked":["Combust","Armaments"],"picked":"Anger","floor":7},{"not_picked":["Rage","Evolve"],"picked":"Twin Strike","floor":11},{"not_picked":["Carnage","Flex"],"picked":"Heavy Blade","floor":12},{"not_picked":["Thunderclap","Warcry"],"picked":"Ghostly Armor","floor":14}],"player_experience":1409118,"relics_obtained":[{"floor":7,"key":"Happy Flower"},{"floor":9,"key":"War Paint"}],"event_choices":[{"cards_removed":["Strike_R"],"damage_healed":0,"gold_gain":0,"player_choice":"Card Removal","damage_taken":7,"max_hp_gain":0,"max_hp_loss":0,"event_name":"Golden Wing","floor":3,"gold_loss":0},{"damage_healed":0,"gold_gain":0,"player_choice":"Entered Light","damage_taken":23,"max_hp_gain":0,"max_hp_loss":0,"event_name":"Shining Light","floor":5,"gold_loss":0,"cards_upgraded":["Strike_R","Bash"]},{"damage_healed":0,"gold_gain":0,"player_choice":"Success","damage_taken":18,"relics_obtained":["Blue Candle"],"max_hp_gain":0,"max_hp_loss":0,"event_name":"Scrap Ooze","floor":10,"gold_loss":0}],"is_beta":true,"boss_relics":[],"items_purged_floors":[],"is_endless":false,"potions_floor_spawned":[7,11,14],"killed_by":"The Guardian","ascension_level":15}