{"gold_per_floor":[111,186,202,32,94,128,143,162,162,162,179,179,198,123,123,223,223,243,343,343,359,377,405,405,438,463,463,463,463,463,479,479,582,582,600,600,147,0,16,16],"floor_reached":40,"playtime":4025,"items_purged":["Strike_B","Strike_B"],"score":541,"play_id":"6b388519-224b-4e79-8b26-e019337a0770","local_time":"20190422173522","is_ascension_mode":true,"campfire_choices":[{"data":"Defragment","floor":10,"key":"SMITH"},{"data":"Loop","floor":12,"key":"SMITH"},{"data":"Redo","floor":15,"key":"SMITH"},{"floor":24,"key":"REST"},{"floor":27,"key":"REST"},{"floor":29,"key":"REST"},{"data":"Multi-Cast","floor":32,"key":"SMITH"}],"neow_cost":"NONE","seed_source_timestamp":95142475960443,"circlet_count":0,"master_deck":["Strike_B","Strike_B","Defend_B","Defend_B","Defend_B","Defend_B","Zap","Dualcast","Doom and Gloom","Steam","Defragment+1","Redo+1","Streamline","Loop+1","Ball Lightning","Sweeping Beam","Echo Form","Cold Snap","Static Discharge+1","Multi-Cast+1","Defragment+1","Redo"],"relics":["Cracked Core","NeowsBlessing","Mercury Hourglass","Ornamental Fan","Nuclear Battery","Nunchaku","Pear","Sundial","Shovel","Regal Pillow","Busted Crown","Art of War","Bag of Preparation","Red Mask"],"potions_floor_usage":[19,19,19,25,28,40],"damage_taken":[{"damage":0,"enemies":"2 Louse","floor":1,"turns":1},{"damage":0,"enemies":"Jaw Worm","floor":3,"turns":1},{"damage":0,"enemies":"Gremlin Nob","floor":6,"turns":1},{"damage":0,"enemies":"Small Slimes","floor":7,"turns":2},{"damage":6,"enemies":"Looter","floor":8,"turns":2},{"damage":0,"enemies":"3 Louse","floor":11,"turns":2},{"damage":11,"enemies":"Exordium Wildlife","floor":13,"turns":2},{"damage":14,"enemies":"Hexaghost","floor":16,"turns":7},{"damage":0,"enemies":"Spheric Guardian","floor":18,"turns":3},{"damage":38,"enemies":"Colosseum Slavers","floor":19,"turns":3},{"damage":1,"enemies":"Colosseum Nobs","floor":19,"turns":3},{"damage":10,"enemies":"Chosen","floor":21,"turns":3},{"damage":8,"enemies":"Snecko","floor":22,"turns":3},{"damage":27,"enemies":"Book of Stabbing","floor":23,"turns":4},{"damage":38,"enemies":"Slavers","floor":25,"turns":4},{"damage":24,"enemies":"Snake Plant","floor":28,"turns":3},{"damage":12,"enemies":"Cultist and Chosen","floor":31,"turns":3},{"damage":47,"enemies":"Automaton","floor":33,"turns":6},{"damage":24,"enemies":"3 Darklings","floor":35,"turns":3},{"damage":8,"enemies":"3 Shapes","floor":39,"turns":3},{"damage":91,"enemies":"Nemesis","floor":40,"turns":6}],"seed_played":"-7023330757084993462","potions_obtained":[{"floor":3,"key":"Weak Potion"},{"floor":6,"key":"Block Potion"},{"floor":7,"key":"Swift Potion"},{"floor":16,"key":"Regen Potion"},{"floor":22,"key":"SmokeBomb"},{"floor":23,"key":"Block Potion"},{"floor":25,"key":"Poison Potion"},{"floor":33,"key":"AttackPotion"},{"floor":39,"key":"LiquidBronze"}],"is_trial":false,"path_per_floor":["M","?","M","$","?","E","M","M","T","R","M","R","M","$","R","B",null,"M","?","?","M","M","E","R","E","T","R","M","R","?","M","R","B",null,"M","?","$","?","M","E"],"character_chosen":"DEFECT","items_purchased":["Defragment","Redo","Streamline","Art of War","Bag of Preparation","Redo"],"campfire_rested":3,"item_purchase_floors":[4,4,4,37,37,37],"current_hp_per_floor":[75,64,64,64,64,64,64,58,58,58,58,58,47,47,47,33,75,75,55,83,73,65,38,63,25,25,65,41,81,81,69,69,22,85,61,61,61,61,53,0],"gold":16,"neow_bonus":"THREE_ENEMY_KILL","is_prod":false,"is_daily":false,"chose_seed":false,"campfire_upgraded":4,"win_rate":0,"timestamp":1555947322,"path_taken":["M","?","M","$","?","E","M","M","T","R","M","R","M","?","R","BOSS","M","?","?","M","M","E","R","E","T","R","M","R","?","?","R","BOSS","M","?","$","?","M","E"],"build_version":"2019-04-21","purchased_purges":2,"victory":false,"max_hp_per_floor":[75,75,75,75,75,75,75,75,75,75,75,75,75,75,75,75,75,75,85,85,85,85,85,85,85,85,85,85,85,85,85,85,85,85,85,85,85,85,85,85],"card_choices":[{"not_picked":["Sweeping Beam","Coolheaded"],"picked":"Doom and Gloom","floor":1},{"not_picked":["Chaos","Coolheaded"],"picked":"Steam","floor":3},{"not_picked":["Creative AI","Double Energy"],"picked":"Loop","floor":6},{"not_picked":["Sweeping Beam","BootSequence"],"picked":"Ball Lightning","floor":7},{"not_picked":["Compile Driver","Beam Cell"],"picked":"Sweeping Beam","floor":8},{"not_picked":["Cold Snap","Leap"],"picked":"Echo Form","floor":11},{"not_picked":["Coolheaded","Streamline"],"picked":"Cold Snap","floor":13},{"not_picked":["Turbo+1","Conserve Battery","Gash"],"picked":"SKIP","floor":18},{"not_picked":["Turbo+1","Compile Driver","Conserve Battery"],"picked":"SKIP","floor":21},{"not_picked":["FTL","Rebound+1"],"picked":"Static Discharge+1","floor":22},{"not_picked":["Ball Lightning","Cold Snap+1","Conserve Battery+1"],"picked":"SKIP","floor":23},{"not_picked":["FTL+1","Tempest"],"picked":"Multi-Cast","floor":25},{"not_picked":["Coolheaded","Rebound+1","Cold Snap"],"picked":"SKIP","floor":31},{"not_picked":["Compile Driver+1"],"picked":"SKIP","floor":35},{"not_picked":["Rebound"],"picked":"SKIP","floor":39}],"player_experience":1162879,"relics_obtained":[{"floor":6,"key":"Mercury Hourglass"},{"floor":9,"key":"Ornamental Fan"},{"floor":19,"key":"Nunchaku"},{"floor":19,"key":"Pear"},{"floor":23,"key":"Sundial"},{"floor":25,"key":"Shovel"},{"floor":26,"key":"Regal Pillow"}],"event_choices":[{"damage_healed":0,"gold_gain":75,"player_choice":"Gather Gold","damage_taken":11,"max_hp_gain":0,"max_hp_loss":0,"event_name":"World of Goop","floor":2,"gold_loss":0},{"damage_healed":0,"gold_gain":62,"player_choice":"Gained Gold","damage_taken":0,"max_hp_gain":0,"max_hp_loss":0,"event_name":"Golden Wing","floor":5,"gold_loss":0},{"damage_healed":0,"gold_gain":0,"player_choice":"Fight","damage_taken":0,"max_hp_gain":0,"max_hp_loss":0,"event_name":"Colosseum","floor":19,"gold_loss":0},{"damage_healed":0,"gold_gain":0,"player_choice":"Fought Nobs","damage_taken":0,"max_hp_gain":0,"max_hp_loss":0,"event_name":"Colosseum","floor":19,"gold_loss":0},{"damage_healed":28,"gold_gain":0,"player_choice":"Heal","damage_taken":0,"max_hp_gain":0,"max_hp_loss":0,"event_name":"The Library","floor":20,"gold_loss":0},{"damage_healed":0,"gold_gain":0,"player_choice":"Copied","damage_taken":0,"max_hp_gain":0,"max_hp_loss":0,"event_name":"Duplicator","floor":30,"gold_loss":0,"cards_obtained":["Defragment"]},{"damage_healed":0,"gold_gain":0,"player_choice":"Memory 1","damage_taken":0,"max_hp_gain":0,"max_hp_loss":0,"event_name":"SensoryStone","floor":36,"gold_loss":0},{"damage_healed":0,"gold_gain":0,"player_choice":"Paid","damage_taken":0,"relics_obtained":["Red Mask"],"max_hp_gain":0,"max_hp_loss":0,"event_name":"Tomb of Lord Red Mask","floor":38,"gold_loss":147}],"is_beta":true,"boss_relics":[{"not_picked":["Orrery","Runic Pyramid"],"picked":"Nuclear Battery"},{"not_picked":["Lizard Tail","Pandora\u0027s Box"],"picked":"Busted Crown"}],"items_purged_floors":[14,37],"is_endless":false,"potions_floor_spawned":[3,6,7,13,16,19,22,23,25,33,39],"killed_by":"Nemesis","ascension_level":4}