{"gold_per_floor":[109,21,37,48,68,68,98,98,125,139,149,178,190,190,190,267,267,281,292,217,132,0,0,34,34,87,104,104,104,121,147,147,147],"floor_reached":33,"playtime":1323,"items_purged":["Pain"],"score":564,"play_id":"f56cea8b-e7d9-4b01-a818-904f7ca8906c","local_time":"20190505110845","is_ascension_mode":true,"campfire_choices":[{"data":"Whirlwind","floor":6,"key":"SMITH"},{"data":"Flame Barrier","floor":8,"key":"SMITH"},{"data":"Iron Wave","floor":15,"key":"SMITH"},{"floor":23,"key":"REST"},{"data":"Armaments","floor":25,"key":"SMITH"},{"floor":29,"key":"REST"},{"floor":32,"key":"REST"}],"neow_cost":"NONE","seed_source_timestamp":1197850900994986,"circlet_count":0,"master_deck":["AscendersBane","Strike_R","Strike_R","Strike_R","Strike_R","Strike_R","Defend_R","Defend_R","Defend_R","Defend_R","Bash+1","Thunderclap","Corruption","Iron Wave+1","Whirlwind+1","Pommel Strike","Flame Barrier+1","Fiend Fire","Shrug It Off","Armaments+1","Armaments","Reaper","Intimidate+1","Shrug It Off","Evolve+1","Iron Wave","Shrug It Off","Flame Barrier"],"relics":["Burning Blood","Potion Belt","Orichalcum","Bronze Scales","WarpedTongs","Busted Crown","Frozen Egg 2","Bird Faced Urn","Ancient Tea Set","Bag of Preparation"],"potions_floor_usage":[7,10,12,16,24,24,31,31],"damage_taken":[{"damage":9,"enemies":"Jaw Worm","floor":1,"turns":3},{"damage":11,"enemies":"Cultist","floor":3,"turns":4},{"damage":2,"enemies":"Small Slimes","floor":4,"turns":3},{"damage":10,"enemies":"2 Fungi Beasts","floor":5,"turns":3},{"damage":5,"enemies":"Lagavulin","floor":7,"turns":6},{"damage":7,"enemies":"Gremlin Gang","floor":10,"turns":3},{"damage":7,"enemies":"Exordium Thugs","floor":11,"turns":4},{"damage":12,"enemies":"Gremlin Nob","floor":12,"turns":4},{"damage":0,"enemies":"2 Fungi Beasts","floor":13,"turns":2},{"damage":27,"enemies":"Slime Boss","floor":16,"turns":8},{"damage":25,"enemies":"2 Thieves","floor":18,"turns":4},{"damage":8,"enemies":"Spheric Guardian","floor":19,"turns":5},{"damage":33,"enemies":"Slavers","floor":24,"turns":5},{"damage":2,"enemies":"Centurion and Healer","floor":27,"turns":6},{"damage":27,"enemies":"Snecko","floor":30,"turns":6},{"damage":15,"enemies":"Book of Stabbing","floor":31,"turns":5},{"damage":76,"enemies":"Automaton","floor":33,"turns":6}],"seed_played":"-8999318888330310479","potions_obtained":[{"floor":3,"key":"Weak Potion"},{"floor":4,"key":"Block Potion"},{"floor":7,"key":"Weak Potion"},{"floor":10,"key":"GamblersBrew"},{"floor":13,"key":"Weak Potion"},{"floor":18,"key":"PowerPotion"},{"floor":19,"key":"SkillPotion"},{"floor":27,"key":"Weak Potion"},{"floor":31,"key":"Poison Potion"}],"is_trial":false,"path_per_floor":["M","$","M","M","M","R","E","R","T","M","M","E","M","?","R","B",null,"M","M","$","?","$","R","E","R","T","M","?","R","M","E","R","B"],"character_chosen":"IRONCLAD","items_purchased":["Corruption","Shrug It Off","Evolve+1"],"campfire_rested":3,"item_purchase_floors":[2,22,22],"current_hp_per_floor":[65,65,60,64,60,60,61,61,61,60,59,53,59,59,59,38,66,51,49,49,49,49,71,44,44,44,52,31,55,41,36,60,0],"gold":147,"neow_bonus":"UPGRADE_CARD","is_prod":false,"is_daily":false,"chose_seed":false,"campfire_upgraded":4,"win_rate":0,"timestamp":1557047325,"path_taken":["M","$","M","M","M","R","E","R","T","M","M","E","M","?","R","BOSS","M","?","$","?","$","R","E","R","T","M","?","R","M","E","R","BOSS"],"build_version":"2019-04-23","purchased_purges":1,"victory":false,"max_hp_per_floor":[75,75,75,75,75,75,75,75,75,75,75,75,75,75,75,75,75,75,75,75,75,75,75,75,75,75,75,80,80,80,80,80,80],"card_choices":[{"not_picked":["Body Slam","Feel No Pain"],"picked":"Thunderclap","floor":1},{"not_picked":["Pommel Strike","Corruption"],"picked":"Iron Wave","floor":3},{"not_picked":["Pommel Strike","Sword Boomerang"],"picked":"Whirlwind","floor":4},{"not_picked":["Reckless Charge","Carnage"],"picked":"Pommel Strike","floor":5},{"not_picked":["Twin Strike","Evolve"],"picked":"Flame Barrier","floor":7},{"not_picked":["Rampage","Twin Strike"],"picked":"Fiend Fire","floor":10},{"not_picked":["Twin Strike","Dual Wield"],"picked":"Shrug It Off","floor":11},{"not_picked":["Infernal Blade","Seeing Red"],"picked":"Armaments","floor":12},{"not_picked":["Perfected Strike","Second Wind"],"picked":"Armaments","floor":13},{"not_picked":["Brutality","Bludgeon"],"picked":"Reaper","floor":16},{"not_picked":[],"picked":"Intimidate+1","floor":18},{"not_picked":["Rupture"],"picked":"SKIP","floor":19},{"not_picked":["Dual Wield"],"picked":"SKIP","floor":24},{"not_picked":[],"picked":"Iron Wave","floor":27},{"not_picked":[],"picked":"Shrug It Off","floor":30},{"not_picked":[],"picked":"Flame Barrier","floor":31}],"player_experience":1507311,"relics_obtained":[{"floor":7,"key":"Potion Belt"},{"floor":9,"key":"Orichalcum"},{"floor":12,"key":"Bronze Scales"},{"floor":24,"key":"Bird Faced Urn"},{"floor":26,"key":"Ancient Tea Set"},{"floor":31,"key":"Bag of Preparation"}],"event_choices":[{"damage_healed":0,"gold_gain":0,"player_choice":"Rummage","damage_taken":0,"relics_obtained":["WarpedTongs"],"max_hp_gain":0,"max_hp_loss":0,"event_name":"Accursed Blacksmith","floor":14,"gold_loss":0,"cards_obtained":["Pain"]},{"damage_healed":0,"gold_gain":0,"player_choice":"Obtained Relic","damage_taken":0,"relics_obtained":["Frozen Egg 2"],"max_hp_gain":0,"max_hp_loss":0,"event_name":"Addict","floor":21,"gold_loss":85},{"damage_healed":0,"gold_gain":0,"player_choice":"Shed Blood","damage_taken":26,"max_hp_gain":5,"max_hp_loss":0,"event_name":"Forgotten Altar","floor":28,"gold_loss":0}],"is_beta":true,"boss_relics":[{"not_picked":["Eternal Feather","Lizard Tail"],"picked":"Busted Crown"}],"items_purged_floors":[20],"is_endless":false,"potions_floor_spawned":[3,4,7,10,13,18,19,27,31],"killed_by":"Automaton","ascension_level":18}