{"gold_per_floor":[111,5,5,5,5,40,40,75,129,29,58,89,89,45,45,144,144,160,85,85,43,66,105,105,105,153,153,169,44,78,98,98,98],"floor_reached":33,"playtime":1169,"items_purged":["Strike_B"],"score":656,"play_id":"b88dc021-d295-4c4a-b769-f71e5874936d","local_time":"20190507205642","is_ascension_mode":true,"campfire_choices":[{"data":"Conserve Battery","floor":7,"key":"SMITH"},{"floor":15,"key":"REST"},{"floor":24,"key":"REST"},{"data":"Reinforced Body","floor":27,"key":"SMITH"},{"floor":32,"key":"REST"}],"neow_cost":"NONE","seed_source_timestamp":1406082084101866,"circlet_count":0,"master_deck":["AscendersBane","Strike_B","Strike_B","Defend_B","Defend_B","Defend_B","Defend_B","Zap","Dualcast","Conserve Battery","Ball Lightning","Conserve Battery+1","Streamline+1","Rip and Tear+1","Self Repair","Sweeping Beam+1","Compile Driver+1","Defragment","All For One+1","Aggregate","Reinforced Body+1","Sweeping Beam+1","Biased Cognition","Writhe","Coolheaded","Stack+1","Coolheaded"],"relics":["Cracked Core","NeowsBlessing","Golden Idol","Molten Egg 2","Juzu Bracelet","Potion Belt","Odd Mushroom","Meat on the Bone","Runic Pyramid","MutagenicStrength","FossilizedHelix","Singing Bowl","DataDisk","Sundial"],"potions_floor_usage":[23,28,30,33],"damage_taken":[{"damage":0,"enemies":"Cultist","floor":1,"turns":1},{"damage":0,"enemies":"Lagavulin","floor":6,"turns":1},{"damage":0,"enemies":"3 Sentries","floor":8,"turns":1},{"damage":18,"enemies":"The Mushroom Lair","floor":11,"turns":3},{"damage":24,"enemies":"Gremlin Nob","floor":12,"turns":4},{"damage":33,"enemies":"Hexaghost","floor":16,"turns":8},{"damage":42,"enemies":"Shell Parasite","floor":18,"turns":5},{"damage":4,"enemies":"Chosen","floor":22,"turns":4},{"damage":46,"enemies":"Slavers","floor":23,"turns":7},{"damage":4,"enemies":"Centurion and Healer","floor":28,"turns":8},{"damage":41,"enemies":"Book of Stabbing","floor":30,"turns":6},{"damage":5,"enemies":"Snecko","floor":31,"turns":5},{"damage":102,"enemies":"Automaton","floor":33,"turns":12}],"seed_played":"4560610977211619134","potions_obtained":[{"floor":11,"key":"Dexterity Potion"},{"floor":16,"key":"SneckoOil"},{"floor":18,"key":"Weak Potion"},{"floor":23,"key":"SkillPotion"},{"floor":30,"key":"SkillPotion"},{"floor":31,"key":"FearPotion"}],"is_trial":false,"path_per_floor":["M","$","?","?","?","E","R","E","T","$","?","E","?","?","R","B",null,"M","?","?","$","M","E","R","?","T","R","M","$","E","M","R","B"],"character_chosen":"DEFECT","items_purchased":["Ball Lightning","Conserve Battery","Self Repair","Sweeping Beam+1","Reinforced Body","Coolheaded"],"campfire_rested":3,"item_purchase_floors":[2,2,10,10,21,29],"current_hp_per_floor":[64,64,64,40,45,45,45,45,45,45,34,17,17,17,39,25,63,40,40,40,40,48,21,43,43,43,43,48,48,26,40,63,0],"gold":98,"neow_bonus":"THREE_ENEMY_KILL","is_prod":false,"is_daily":false,"chose_seed":false,"campfire_upgraded":2,"win_rate":0,"timestamp":1557255402,"path_taken":["M","$","?","?","?","E","R","E","T","$","?","E","?","?","R","BOSS","M","?","?","$","M","E","R","?","T","R","M","$","E","M","R","BOSS"],"build_version":"2019-04-23","purchased_purges":1,"victory":false,"max_hp_per_floor":[71,71,71,71,76,76,76,76,76,76,76,76,76,76,76,76,76,76,76,76,76,76,76,76,76,76,76,78,78,78,78,78,78],"card_choices":[{"not_picked":["Redo","FTL"],"picked":"Conserve Battery","floor":1},{"not_picked":["Lockon","Leap"],"picked":"Streamline","floor":6},{"not_picked":["Barrage+1","Hologram"],"picked":"Rip and Tear+1","floor":8},{"not_picked":["Streamline+1","Turbo"],"picked":"Compile Driver+1","floor":11},{"not_picked":["BootSequence","Double Energy"],"picked":"Defragment","floor":12},{"not_picked":["Hyperbeam+1","Seek"],"picked":"All For One+1","floor":16},{"not_picked":["Streamline+1","Scrape+1"],"picked":"Aggregate","floor":18},{"not_picked":["Sunder+1","Steam"],"picked":"Sweeping Beam+1","floor":22},{"not_picked":["Defragment","Rebound+1"],"picked":"Biased Cognition","floor":23},{"not_picked":["Consume","Chaos","Sweeping Beam+1"],"picked":"Singing Bowl","floor":28},{"not_picked":["Melter+1","Barrage+1"],"picked":"Stack+1","floor":30},{"not_picked":["Redo","Streamline+1"],"picked":"Coolheaded","floor":31}],"player_experience":1576660,"relics_obtained":[{"floor":6,"key":"Molten Egg 2"},{"floor":8,"key":"Juzu Bracelet"},{"floor":9,"key":"Potion Belt"},{"floor":11,"key":"Odd Mushroom"},{"floor":12,"key":"Meat on the Bone"},{"floor":23,"key":"FossilizedHelix"},{"floor":26,"key":"DataDisk"},{"floor":30,"key":"Sundial"}],"event_choices":[{"damage_healed":0,"gold_gain":0,"player_choice":"Leave","damage_taken":0,"max_hp_gain":0,"max_hp_loss":0,"event_name":"The Cleric","floor":3,"gold_loss":0},{"damage_healed":0,"gold_gain":0,"player_choice":"Take Damage","damage_taken":24,"relics_obtained":["Golden Idol"],"max_hp_gain":0,"max_hp_loss":0,"event_name":"Golden Idol","floor":4,"gold_loss":0},{"damage_healed":0,"gold_gain":0,"player_choice":"Donut","damage_taken":0,"max_hp_gain":5,"max_hp_loss":0,"event_name":"Big Fish","floor":5,"gold_loss":0},{"damage_healed":0,"gold_gain":0,"player_choice":"Fought Mushrooms","damage_taken":0,"max_hp_gain":0,"max_hp_loss":0,"event_name":"Mushrooms","floor":11,"gold_loss":0},{"damage_healed":0,"gold_gain":0,"player_choice":"Ignored","damage_taken":0,"max_hp_gain":0,"max_hp_loss":0,"event_name":"Shining Light","floor":13,"gold_loss":0},{"damage_healed":0,"gold_gain":0,"player_choice":"Left Gold","damage_taken":0,"max_hp_gain":0,"max_hp_loss":0,"event_name":"World of Goop","floor":14,"gold_loss":44},{"cards_removed":["Strike_B"],"damage_healed":0,"gold_gain":0,"player_choice":"Gave Gold","damage_taken":0,"max_hp_gain":0,"max_hp_loss":0,"event_name":"Beggar","floor":19,"gold_loss":75},{"damage_healed":0,"gold_gain":0,"player_choice":"Inject Mutagens","damage_taken":0,"relics_obtained":["MutagenicStrength"],"max_hp_gain":0,"max_hp_loss":0,"event_name":"Drug Dealer","floor":20,"gold_loss":0},{"damage_healed":0,"gold_gain":0,"player_choice":"Opened","damage_taken":0,"relics_obtained":["Singing Bowl"],"max_hp_gain":0,"max_hp_loss":0,"event_name":"The Mausoleum","floor":25,"gold_loss":0,"cards_obtained":["Writhe"]}],"is_beta":true,"boss_relics":[{"not_picked":["Busted Crown","Philosopher\u0027s Stone"],"picked":"Runic Pyramid"}],"items_purged_floors":[29],"is_endless":false,"potions_floor_spawned":[11,16,18,23,30,31],"killed_by":"Automaton","ascension_level":18}