{"gold_per_floor":[115,131,150,150,3,3,21,21,21,21,21,40,40,51,51,51],"floor_reached":16,"playtime":504,"items_purged":[],"score":161,"play_id":"4e8d00d8-6563-41f5-85ac-36b2cefd35a0","local_time":"20190430175358","is_ascension_mode":true,"campfire_choices":[{"data":"Bash","floor":6,"key":"SMITH"},{"floor":8,"key":"REST"},{"data":"Whirlwind","floor":10,"key":"SMITH"},{"data":"Ghostly Armor","floor":15,"key":"SMITH"}],"neow_cost":"NONE","seed_source_timestamp":790982918037595,"circlet_count":0,"master_deck":["AscendersBane","Strike_R","Strike_R","Strike_R","Strike_R","Strike_R","Defend_R","Defend_R","Defend_R","Defend_R","Bash+1","Deep Breath","Ghostly Armor+1","Battle Trance","Whirlwind+1","Carnage","Headbutt","Thunderclap"],"relics":["Burning Blood","Red Skull","Question Card","NlothsMask"],"potions_floor_usage":[16,16],"damage_taken":[{"damage":11,"enemies":"Cultist","floor":1,"turns":4},{"damage":9,"enemies":"Jaw Worm","floor":2,"turns":6},{"damage":7,"enemies":"Small Slimes","floor":3,"turns":4},{"damage":51,"enemies":"Exordium Thugs","floor":7,"turns":6},{"damage":0,"enemies":"2 Fungi Beasts","floor":12,"turns":1},{"damage":18,"enemies":"Large Slime","floor":14,"turns":5},{"damage":34,"enemies":"The Guardian","floor":16,"turns":9}],"seed_played":"207604950065329146","potions_obtained":[{"floor":2,"key":"LiquidBronze"},{"floor":4,"key":"Swift Potion"},{"floor":7,"key":"PowerPotion"}],"is_trial":false,"path_per_floor":["M","M","M","?","$","R","M","R","T","R","?","M","?","M","R","B"],"character_chosen":"IRONCLAD","items_purchased":["Red Skull"],"campfire_rested":1,"item_purchase_floors":[5],"current_hp_per_floor":[63,60,59,59,59,59,14,36,36,36,36,42,42,30,30,0],"gold":51,"neow_bonus":"RANDOM_COLORLESS","is_prod":false,"is_daily":false,"chose_seed":false,"campfire_upgraded":3,"win_rate":0,"timestamp":1556639638,"path_taken":["M","M","M","?","$","R","?","R","T","R","?","M","?","M","R","BOSS"],"build_version":"2019-04-23","purchased_purges":0,"victory":false,"max_hp_per_floor":[75,75,75,75,75,75,75,75,75,75,75,75,75,75,75,75],"card_choices":[{"not_picked":["Intimidate","Warcry"],"picked":"Ghostly Armor","floor":1},{"not_picked":["Flex","Havoc"],"picked":"Battle Trance","floor":2},{"not_picked":["Warcry","Pummel"],"picked":"Whirlwind","floor":3},{"not_picked":["Warcry","Ghostly Armor"],"picked":"Carnage","floor":7},{"not_picked":["Battle Trance","Infernal Blade","Whirlwind"],"picked":"Headbutt","floor":12},{"not_picked":["Armaments","Havoc","Bloodletting"],"picked":"Thunderclap","floor":14}],"player_experience":1364820,"relics_obtained":[{"floor":9,"key":"Question Card"}],"event_choices":[{"damage_healed":0,"gold_gain":0,"player_choice":"Got Potions","damage_taken":0,"max_hp_gain":0,"max_hp_loss":0,"event_name":"Lab","floor":4,"gold_loss":0},{"damage_healed":0,"gold_gain":0,"player_choice":"Ignored","damage_taken":0,"max_hp_gain":0,"max_hp_loss":0,"event_name":"Liars Game","floor":11,"gold_loss":0},{"damage_healed":0,"gold_gain":0,"player_choice":"Trade","damage_taken":0,"relics_obtained":["NlothsMask"],"max_hp_gain":0,"max_hp_loss":0,"event_name":"FaceTrader","floor":13,"gold_loss":0}],"is_beta":true,"boss_relics":[],"items_purged_floors":[],"is_endless":false,"potions_floor_spawned":[2,7],"killed_by":"The Guardian","ascension_level":15}