{"gold_per_floor":[212,212,137,161,161,194,207,270,295,295,335,358,433,451,451,572,572,588,520,520,520,538,538,577,577,600,639,639,652,672,686,686,816,816,816],"floor_reached":35,"playtime":2120,"items_purged":["Strike_B"],"score":436,"play_id":"c1bd577c-6427-4d4e-9e0a-1af52b119aad","local_time":"20180810015153","is_ascension_mode":true,"campfire_choices":[{"floor":10,"key":"REST"},{"data":"Loop","floor":15,"key":"SMITH"},{"floor":23,"key":"REST"},{"floor":25,"key":"REST"},{"floor":28,"key":"REST"},{"floor":32,"key":"REST"}],"neow_cost":"NONE","seed_source_timestamp":32600943885383,"circlet_count":0,"master_deck":["Strike_B","Strike_B","Strike_B","Defend_B","Defend_B","Defend_B+1","Defend_B+1","Zap","Dualcast","Capacitor","Self Repair+1","Glacier","Conserve Battery","Ball Lightning","Consume","Loop+1","Conserve Battery","Echo Form","Ball Lightning","Static Discharge","Thunder Strike","Defragment","Hologram+1","Leap","Thunder Strike"],"relics":["Cracked Core","Golden Idol","War Paint","Tiny Chest","Dream Catcher","Regal Pillow","Fusion Hammer","Bag of Preparation","Anchor","Ancient Tea Set","Boot","Sozu"],"potions_floor_usage":[6,6,14,14,24,33],"damage_taken":[{"damage":0,"enemies":"2 Louse","floor":1,"turns":2},{"damage":5,"enemies":"Small Slimes","floor":4,"turns":4},{"damage":28,"enemies":"Gremlin Nob","floor":6,"turns":4},{"damage":0,"enemies":"Jaw Worm","floor":7,"turns":5},{"damage":15,"enemies":"3 Sentries","floor":8,"turns":10},{"damage":2,"enemies":"Lagavulin","floor":11,"turns":8},{"damage":0,"enemies":"3 Louse","floor":12,"turns":3},{"damage":3,"enemies":"Looter","floor":14,"turns":3},{"damage":16,"enemies":"The Guardian","floor":16,"turns":8},{"damage":21,"enemies":"3 Byrds","floor":18,"turns":6},{"damage":10,"enemies":"Chosen","floor":22,"turns":4},{"damage":6,"enemies":"Book of Stabbing","floor":24,"turns":7},{"damage":46,"enemies":"Gremlin Leader","floor":27,"turns":6},{"damage":21,"enemies":"Centurion and Healer","floor":29,"turns":7},{"damage":6,"enemies":"Snake Plant","floor":30,"turns":7},{"damage":26,"enemies":"Sentry and Sphere","floor":31,"turns":4},{"damage":32,"enemies":"Automaton","floor":33,"turns":11},{"damage":80,"enemies":"3 Shapes","floor":35,"turns":3}],"seed_played":"1437626047334698356","potions_obtained":[{"floor":1,"key":"Energy Potion"},{"floor":4,"key":"Poison Potion"},{"floor":7,"key":"PowerPotion"},{"floor":12,"key":"PowerPotion"},{"floor":18,"key":"Block Potion"},{"floor":22,"key":"Strength Potion"},{"floor":29,"key":"Swift Potion"}],"is_trial":false,"path_per_floor":["M","?","$","M","?","E","M","E","T","R","E","M","?","M","R","B",null,"M","$","?","?","M","R","E","R","T","E","R","M","M","M","R","B",null],"character_chosen":"DEFECT","items_purchased":["Static Discharge"],"campfire_rested":5,"item_purchase_floors":[19],"current_hp_per_floor":[75,57,57,52,52,34,44,39,39,61,69,75,64,71,71,65,75,64,64,64,64,54,75,75,75,75,29,66,55,59,33,70,48,75,0],"gold":816,"neow_bonus":"HUNDRED_GOLD","is_prod":false,"is_daily":false,"chose_seed":false,"campfire_upgraded":1,"win_rate":0,"timestamp":1533880313,"path_taken":["M","?","$","M","?","E","M","E","T","R","E","M","?","?","R","BOSS","M","$","?","?","M","R","E","R","T","E","R","M","M","M","R","BOSS","M"],"build_version":"2018-08-09","purchased_purges":1,"victory":false,"max_hp_per_floor":[75,75,75,75,75,75,75,75,75,75,75,75,75,75,75,75,75,75,75,75,75,75,75,75,75,75,75,75,75,75,75,75,75,75,75],"card_choices":[{"not_picked":["Coolheaded","Genetic Algorithm"],"picked":"Capacitor","floor":1},{"not_picked":["Genetic Algorithm","Beam Cell"],"picked":"Self Repair","floor":4},{"not_picked":["Static Discharge","Go for the Eyes"],"picked":"Glacier","floor":6},{"not_picked":["Coolheaded","BootSequence"],"picked":"Conserve Battery","floor":7},{"not_picked":["Core Surge","Steam Power","Compile Driver"],"picked":"SKIP","floor":8},{"not_picked":["Doom and Gloom","Lockon"],"picked":"Ball Lightning","floor":10},{"not_picked":["Hello World","Aggregate"],"picked":"Consume","floor":11},{"not_picked":["Go for the Eyes","Force Field"],"picked":"Loop","floor":12},{"not_picked":["Reprogram","Gash"],"picked":"Conserve Battery","floor":14},{"not_picked":["Machine Learning","Reboot"],"picked":"Echo Form","floor":16},{"not_picked":["Coolheaded","Stack"],"picked":"Ball Lightning","floor":18},{"not_picked":["Ball Lightning","Conserve Battery"],"picked":"Thunder Strike","floor":22},{"not_picked":["Hologram","Compile Driver+1","Rebound"],"picked":"SKIP","floor":24},{"not_picked":["Reinforced Body","Redo"],"picked":"Defragment","floor":25},{"not_picked":["Lockon","Fusion","Hologram"],"picked":"SKIP","floor":27},{"not_picked":["Turbo","Redo"],"picked":"Hologram+1","floor":28},{"not_picked":["FTL","Rip and Tear+1","Go for the Eyes"],"picked":"SKIP","floor":29},{"not_picked":["Streamline","Core Surge"],"picked":"Leap","floor":30},{"not_picked":["Hologram","Darkness","Coolheaded"],"picked":"SKIP","floor":31},{"not_picked":["Creative AI","Fission"],"picked":"Thunder Strike","floor":33}],"player_experience":614107,"relics_obtained":[{"floor":6,"key":"War Paint"},{"floor":8,"key":"Tiny Chest"},{"floor":9,"key":"Dream Catcher"},{"floor":11,"key":"Regal Pillow"},{"floor":24,"key":"Anchor"},{"floor":26,"key":"Ancient Tea Set"},{"floor":27,"key":"Boot"}],"event_choices":[{"event_name":"Golden Idol","player_choice":"Take Damage","floor":2,"damage_taken":0},{"event_name":"Living Wall","player_choice":"Grow","floor":5,"damage_taken":0},{"event_name":"World of Goop","player_choice":"Gather Gold","floor":13,"damage_taken":0},{"event_name":"Ghosts","player_choice":"Ignored","floor":20,"damage_taken":0},{"event_name":"The Mausoleum","player_choice":"Yes","floor":21,"damage_taken":0}],"is_beta":false,"boss_relics":[{"not_picked":["Ectoplasm","Snecko Eye"],"picked":"Fusion Hammer"},{"not_picked":["Busted Crown","Calling Bell"],"picked":"Sozu"}],"items_purged_floors":[3],"is_endless":false,"potions_floor_spawned":[1,4,7,12,18,22,29],"killed_by":"3 Shapes","ascension_level":1}