{"gold_per_floor":[117,132,146,146,158,186,206,206,206,206,206,224,244,244,244,369,369,385,399,125,224,249,249],"floor_reached":23,"playtime":1041,"items_purged":["Strike_B"],"score":195,"play_id":"28f10dbe-ea48-4314-8717-2c76069cb6c4","local_time":"20190402221330","is_ascension_mode":false,"campfire_choices":[{"floor":8,"key":"REST"},{"data":"Dualcast","floor":11,"key":"SMITH"},{"data":"Hologram","floor":15,"key":"SMITH"}],"neow_cost":"NONE","seed_source_timestamp":812957182175566,"circlet_count":0,"master_deck":["Strike_B","Strike_B","Strike_B","Defend_B","Defend_B","Defend_B","Defend_B","Zap+1","Dualcast+1","Auto Shields","Hologram+1","Cold Snap","Ball Lightning","Barrage","Capacitor+1","Echo Form+1","Coolheaded+1","Redo","Beam Cell"],"relics":["Cracked Core","Omamori","Regal Pillow","Frozen Egg 2","Golden Idol","Sozu","MealTicket"],"potions_floor_usage":[6,16],"damage_taken":[{"damage":7,"enemies":"Small Slimes","floor":1,"turns":3},{"damage":0,"enemies":"2 Louse","floor":2,"turns":2},{"damage":3,"enemies":"Cultist","floor":3,"turns":3},{"damage":2,"enemies":"Exordium Thugs","floor":5,"turns":5},{"damage":24,"enemies":"Lagavulin","floor":6,"turns":7},{"damage":9,"enemies":"3 Louse","floor":7,"turns":3},{"damage":0,"enemies":"Blue Slaver","floor":12,"turns":3},{"damage":0,"enemies":"Looter","floor":13,"turns":3},{"damage":36,"enemies":"Hexaghost","floor":16,"turns":10},{"damage":13,"enemies":"Chosen","floor":18,"turns":4},{"damage":13,"enemies":"3 Byrds","floor":19,"turns":5},{"damage":11,"enemies":"Snecko","floor":22,"turns":7},{"damage":64,"enemies":"Gremlin Leader","floor":23,"turns":5}],"seed_played":"6939077978424498942","potions_obtained":[{"floor":1,"key":"FairyPotion"},{"floor":2,"key":"Weak Potion"},{"floor":7,"key":"Energy Potion"},{"floor":12,"key":"Weak Potion"}],"is_trial":false,"path_per_floor":["M","M","M","?","M","E","M","R","T","?","R","M","M","?","R","B",null,"M","M","$","?","M","E"],"character_chosen":"DEFECT","items_purchased":["MealTicket"],"campfire_rested":1,"item_purchase_floors":[20],"current_hp_per_floor":[68,68,65,70,68,44,35,74,74,74,74,74,74,74,74,38,80,67,54,54,54,43,0],"gold":249,"neow_bonus":"RANDOM_COMMON_RELIC","is_prod":false,"is_daily":false,"chose_seed":false,"campfire_upgraded":2,"win_rate":0.0,"timestamp":1554236010,"path_taken":["M","M","M","?","M","E","M","R","T","?","R","M","M","?","R","BOSS","M","M","$","?","M","E"],"build_version":"2019-03-15","purchased_purges":1,"victory":false,"max_hp_per_floor":[75,75,75,80,80,80,80,80,80,80,80,80,80,80,80,80,80,80,80,80,80,80,80],"card_choices":[{"not_picked":["Melter","Lockon"],"picked":"Auto Shields","floor":1},{"not_picked":["Coolheaded","Skim"],"picked":"Hologram","floor":2},{"not_picked":["Chaos","Sunder"],"picked":"Cold Snap","floor":3},{"not_picked":["Tempest","Leap","Rebound"],"picked":"SKIP","floor":5},{"not_picked":["Scrape","Creative AI","Go for the Eyes"],"picked":"SKIP","floor":6},{"not_picked":["Reinforced Body","Static Discharge"],"picked":"Ball Lightning","floor":7},{"not_picked":["Turbo","Beam Cell"],"picked":"Barrage","floor":12},{"not_picked":["Go for the Eyes","Hologram"],"picked":"Capacitor+1","floor":13},{"not_picked":["Thunder Strike","Machine Learning+1"],"picked":"Echo Form+1","floor":16},{"not_picked":["Auto Shields","Reprogram"],"picked":"Coolheaded+1","floor":18},{"not_picked":["Streamline","Skim"],"picked":"Redo","floor":19},{"not_picked":["Static Discharge+1","Conserve Battery"],"picked":"Beam Cell","floor":22}],"player_experience":1113795,"relics_obtained":[{"floor":6,"key":"Regal Pillow"},{"floor":9,"key":"Frozen Egg 2"}],"event_choices":[{"damage_healed":0,"gold_gain":0,"player_choice":"Donut","damage_taken":0,"max_hp_gain":5,"max_hp_loss":0,"event_name":"Big Fish","floor":4,"gold_loss":0},{"damage_healed":0,"gold_gain":0,"player_choice":"Grow","damage_taken":0,"max_hp_gain":0,"max_hp_loss":0,"event_name":"Living Wall","floor":10,"gold_loss":0,"cards_upgraded":["Zap"]},{"damage_healed":0,"gold_gain":0,"player_choice":"Take Wound","damage_taken":0,"relics_obtained":["Golden Idol"],"max_hp_gain":0,"max_hp_loss":0,"event_name":"Golden Idol","floor":14,"gold_loss":0,"cards_obtained":["Injury"]},{"damage_healed":0,"gold_gain":99,"player_choice":"Stole From Cult","damage_taken":0,"max_hp_gain":0,"max_hp_loss":0,"event_name":"Nest","floor":21,"gold_loss":0}],"is_beta":true,"boss_relics":[{"not_picked":["Cursed Key","Ectoplasm"],"picked":"Sozu"}],"items_purged_floors":[20],"is_endless":false,"potions_floor_spawned":[1,2,7,12,19],"killed_by":"Gremlin Leader","ascension_level":0}