{"gold_per_floor":[109,109,124,124,124,163,163,184,184,184,224,224,245,6,6,135,135,150,163,163,187,210,210,233,53,53,53,53,67,90,115,115,236,236,259,259,282,282,305,305,9,9,9,44,57,73,73,24,24,24],"floor_reached":51,"playtime":6789,"items_purged":["Regret","Writhe"],"score":639,"play_id":"1a7916a5-5403-45d3-96ef-a5084066a070","local_time":"20190520151608","is_ascension_mode":false,"campfire_choices":[{"floor":7.0,"key":"REST"},{"floor":10.0,"key":"REST"},{"floor":12.0,"key":"REST"},{"floor":15.0,"key":"REST"},{"floor":23,"key":"REST"},{"floor":27,"key":"REST"},{"floor":28,"key":"REST"},{"data":"Loop","floor":32,"key":"SMITH"},{"floor":40,"key":"REST"},{"floor":42,"key":"REST"},{"floor":47,"key":"REST"},{"floor":49,"key":"REST"}],"neow_cost":"CURSE","seed_source_timestamp":0,"circlet_count":0,"master_deck":["Strike_B","Strike_B","Strike_B","Strike_B","Defend_B","Defend_B","Defend_B","Defend_B","Zap+1","Dualcast+1","Doubt","Cold Snap","Conserve Battery","Double Energy","Beam Cell","Aggregate","Coolheaded","Apotheosis+1","Multi-Cast","Sweeping Beam","Compile Driver","Loop+1","Coolheaded+1","Beam Cell+1","Doom and Gloom","Fusion","Stack+1","Multi-Cast","Stack+1","Fusion+1","Double Energy+1","Multi-Cast"],"special_seed":0,"relics":["Cracked Core","StoneCalendar","Bronze Scales","Golden Idol","War Paint","Dodecahedron","WingedGreaves","Nuclear Battery","Blood Vial","Du-Vu Doll","Eternal Feather","PreservedInsect","Centennial Puzzle","Nunchaku"],"potions_floor_usage":[21,33,33,38,44,46,50,50],"damage_taken":[{"damage":1.0,"enemies":"Cultist","floor":1.0,"turns":4.0},{"damage":0.0,"enemies":"2 Louse","floor":3.0,"turns":1.0},{"damage":23.0,"enemies":"3 Sentries","floor":6.0,"turns":7.0},{"damage":4.0,"enemies":"Small Slimes","floor":8.0,"turns":3.0},{"damage":35.0,"enemies":"Gremlin Nob","floor":11.0,"turns":5.0},{"damage":5.0,"enemies":"Exordium Wildlife","floor":13.0,"turns":4.0},{"damage":14.0,"enemies":"The Guardian","floor":16.0,"turns":8.0},{"damage":4,"enemies":"3 Byrds","floor":18,"turns":3},{"damage":24,"enemies":"Shell Parasite","floor":19,"turns":6},{"damage":0,"enemies":"Snecko","floor":21,"turns":4},{"damage":17,"enemies":"Sentry and Sphere","floor":22,"turns":4},{"damage":22,"enemies":"Cultist and Chosen","floor":24,"turns":7},{"damage":0,"enemies":"Chosen and Byrds","floor":29,"turns":4},{"damage":3,"enemies":"Snecko","floor":30,"turns":3},{"damage":2,"enemies":"Cultist and Chosen","floor":31,"turns":4},{"damage":11,"enemies":"Champ","floor":33,"turns":7},{"damage":36,"enemies":"3 Shapes","floor":35,"turns":4},{"damage":36,"enemies":"3 Darklings","floor":37,"turns":5},{"damage":21,"enemies":"4 Shapes","floor":39,"turns":4},{"damage":40,"enemies":"Giant Head","floor":44,"turns":6},{"damage":19,"enemies":"Writhing Mass","floor":45,"turns":3},{"damage":23,"enemies":"Maw","floor":46,"turns":7},{"damage":51,"enemies":"Donu and Deca","floor":50,"turns":10}],"seed_played":"1436121599166520020","potions_obtained":[{"floor":6.0,"key":"LiquidBronze"},{"floor":8.0,"key":"GamblersBrew"},{"floor":16.0,"key":"Energy Potion"},{"floor":18,"key":"Energy Potion"},{"floor":22,"key":"Weak Potion"},{"floor":24,"key":"SneckoOil"},{"floor":35,"key":"SmokeBomb"},{"floor":38,"key":"Fruit Juice"},{"floor":38,"key":"FairyPotion"},{"floor":46,"key":"Block Potion"}],"is_trial":false,"path_per_floor":["M","?","M","?","?","E","R","M","T","R","E","R","M","$","R","B",null,"M","M","?","M","M","R","M","$","T","R","R","M","M","M","R","B",null,"M","?","M","?","M","R","$","R","T","E","M","M","R","$","R","B",null],"character_chosen":"DEFECT","items_purchased":["Apotheosis","Blood Vial","Doom and Gloom","Energy Potion","PreservedInsect","Weak Potion"],"campfire_rested":11,"item_purchase_floors":[14,25,25,41,41,48],"current_hp_per_floor":[74,74,74,74,56,33,55,51,51,73,38,60,55,55,75,61,75,71,47,47,47,30,52,30,30,30,52,74,75,72,72,72,63,75,39,58,24,29,10,52,52,80,80,40,23,2,44,44,80,29],"gold":24,"neow_bonus":"ONE_RARE_RELIC","is_prod":false,"is_daily":false,"chose_seed":false,"campfire_upgraded":1,"win_rate":0.0,"timestamp":1558358168,"path_taken":["M","?","M","?","?","E","R","M","T","R","E","R","M","$","R","BOSS","M","M","?","M","?","R","M","$","T","R","R","?","?","M","R","BOSS","M","?","M","?","M","R","$","R","T","E","M","?","R","$","R","BOSS"],"build_version":"2019-01-23","purchased_purges":2,"victory":true,"max_hp_per_floor":[75,75,75,75,75,75,75,75,75,75,75,75,75,75,75,75,75,75,75,75,75,75,75,75,75,75,75,75,75,75,75,75,75,75,75,75,75,80,80,80,80,80,80,80,80,80,80,80,80,80],"card_choices":[{"not_picked":["Sweeping Beam","Streamline"],"picked":"Cold Snap","floor":1.0},{"not_picked":["Capacitor","Hello World"],"picked":"Conserve Battery","floor":3.0},{"not_picked":["FTL","Consume"],"picked":"Double Energy","floor":6.0},{"not_picked":["Skim","Redo"],"picked":"Beam Cell","floor":8.0},{"not_picked":["Barrage","Hologram"],"picked":"Aggregate","floor":11.0},{"not_picked":["Steam","Sweeping Beam"],"picked":"Coolheaded","floor":13.0},{"not_picked":["Rainbow","Biased Cognition"],"picked":"Multi-Cast","floor":16.0},{"not_picked":["Ball Lightning","Barrage"],"picked":"Sweeping Beam","floor":18},{"not_picked":["Go for the Eyes","Buffer"],"picked":"Compile Driver","floor":19},{"not_picked":["BootSequence+1","Barrage"],"picked":"Loop","floor":21},{"not_picked":["Capacitor","Streamline"],"picked":"Coolheaded+1","floor":22},{"not_picked":["Streamline","Barrage"],"picked":"Beam Cell+1","floor":24},{"not_picked":["Aggregate","Genetic Algorithm+1"],"picked":"Fusion","floor":29},{"not_picked":["Hologram","Consume","Steam Power"],"picked":"SKIP","floor":30},{"not_picked":["Compile Driver","Hello World"],"picked":"Stack+1","floor":31},{"not_picked":["Creative AI","Amplify"],"picked":"Multi-Cast","floor":33},{"not_picked":["Rip and Tear","Cold Snap"],"picked":"Stack+1","floor":35},{"not_picked":["Reprogram","Cold Snap","Hologram+1"],"picked":"SKIP","floor":37},{"not_picked":["Sweeping Beam","Storm+1","Go for the Eyes"],"picked":"SKIP","floor":39},{"not_picked":["Steam","Streamline"],"picked":"Fusion+1","floor":44},{"not_picked":["Streamline","Coolheaded"],"picked":"Double Energy+1","floor":45},{"not_picked":["Storm","Steam Power"],"picked":"Multi-Cast","floor":46}],"player_experience":19203,"relics_obtained":[{"floor":6.0,"key":"War Paint"},{"floor":9.0,"key":"Dodecahedron"},{"floor":11.0,"key":"WingedGreaves"},{"floor":26,"key":"Du-Vu Doll"},{"floor":43,"key":"Centennial Puzzle"},{"floor":44,"key":"Nunchaku"}],"event_choices":[{"damage_healed":0.0,"max_hp_gain":0.0,"max_hp_loss":0.0,"gold_gain":0.0,"event_name":"Shining Light","player_choice":"Ignored","floor":2.0,"gold_loss":0.0,"damage_taken":0.0},{"damage_healed":0.0,"max_hp_gain":0.0,"max_hp_loss":0.0,"gold_gain":0.0,"event_name":"Big Fish","player_choice":"Box","floor":4.0,"gold_loss":0.0,"damage_taken":0.0,"relics_obtained":["Bronze Scales"],"cards_obtained":["Regret"]},{"damage_healed":0.0,"max_hp_gain":0.0,"max_hp_loss":0.0,"gold_gain":0.0,"event_name":"Golden Idol","player_choice":"Take Damage","floor":5.0,"gold_loss":0.0,"damage_taken":18.0,"relics_obtained":["Golden Idol"]},{"damage_healed":0,"gold_gain":0,"player_choice":"Upgraded","damage_taken":0,"max_hp_gain":0,"max_hp_loss":0,"event_name":"Upgrade Shrine","floor":20,"gold_loss":0,"cards_upgraded":["Apotheosis"]},{"damage_healed":19,"gold_gain":0,"player_choice":"Writhe","damage_taken":0,"max_hp_gain":0,"max_hp_loss":0,"event_name":"Winding Halls","floor":36,"gold_loss":0,"cards_obtained":["Writhe"]},{"damage_healed":0,"gold_gain":0,"player_choice":"Got Potions","damage_taken":0,"max_hp_gain":0,"max_hp_loss":0,"event_name":"Lab","floor":38,"gold_loss":0}],"is_beta":false,"boss_relics":[{"not_picked":["Black Star","Empty Cage"],"picked":"Nuclear Battery"},{"not_picked":["Snecko Eye","Coffee Dripper"],"picked":"Eternal Feather"}],"items_purged_floors":[14,41],"is_endless":false,"potions_floor_spawned":[6,8,16,18,22,24,35,46],"ascension_level":0}