{"gold_per_floor":[117,128,52,63,76,107,72,72,72,86,96,96,114,132,132,237,237,247,257,274,274],"floor_reached":21,"playtime":1160,"items_purged":[],"score":234,"play_id":"b3a61f64-b980-4d77-bcdd-dccea6b8deed","local_time":"20180929182524","is_ascension_mode":true,"campfire_choices":[{"floor":12,"key":"REST"},{"floor":15,"key":"REST"}],"neow_cost":"","seed_source_timestamp":204611346874765,"circlet_count":0,"master_deck":["Strike_R","Strike_R","Strike_R","Strike_R","Strike_R","Defend_R","Defend_R","Defend_R","Defend_R","Bash","Wild Strike","Fire Breathing","Double Tap","Shockwave","Wild Strike","Power Through","Pain","Warcry+1","Battle Trance+1","Shrug It Off+1","Spot Weakness+1","Bludgeon","Warcry+1","Flame Barrier+1","Rage+1"],"relics":["Burning Blood","Shuriken","WarpedTongs","Toxic Egg 2","White Beast Statue"],"potions_floor_usage":[16,18,19,21,21],"damage_taken":[{"damage":1,"enemies":"Cultist","floor":1,"turns":4},{"damage":6,"enemies":"2 Louse","floor":2,"turns":3},{"damage":8,"enemies":"Jaw Worm","floor":4,"turns":4},{"damage":30,"enemies":"Lots of Slimes","floor":5,"turns":4},{"damage":35,"enemies":"3 Sentries","floor":6,"turns":8},{"damage":9,"enemies":"Looter","floor":10,"turns":4},{"damage":15,"enemies":"Gremlin Gang","floor":11,"turns":5},{"damage":15,"enemies":"Blue Slaver","floor":13,"turns":2},{"damage":19,"enemies":"2 Fungi Beasts","floor":14,"turns":4},{"damage":46,"enemies":"Slime Boss","floor":16,"turns":8},{"damage":26,"enemies":"Spheric Guardian","floor":18,"turns":6},{"damage":25,"enemies":"Shell Parasite","floor":19,"turns":6},{"damage":25,"enemies":"Centurion and Healer","floor":20,"turns":8},{"damage":29,"enemies":"Chosen and Byrds","floor":21,"turns":6}],"seed_played":"-2020601105697734233","potions_obtained":[{"floor":6,"key":"Strength Potion"},{"floor":10,"key":"GamblersBrew"},{"floor":11,"key":"Block Potion"},{"floor":18,"key":"BloodPotion"},{"floor":19,"key":"FearPotion"},{"floor":20,"key":"SkillPotion"}],"is_trial":false,"path_per_floor":["M","M","$","M","M","E","?","?","T","M","M","R","M","M","R","B",null,"M","M","M"],"character_chosen":"IRONCLAD","items_purchased":["Double Tap"],"campfire_rested":2,"item_purchase_floors":[3],"current_hp_per_floor":[80,80,80,78,54,25,45,45,45,42,33,57,48,35,59,19,65,45,34,15,0],"gold":274,"neow_bonus":"","is_prod":false,"is_daily":false,"chose_seed":false,"campfire_upgraded":0,"win_rate":0,"timestamp":1538259924,"path_taken":["M","M","$","M","M","E","?","?","T","M","?","R","M","M","R","BOSS","M","M","M","M"],"build_version":"2018-09-27","purchased_purges":0,"victory":false,"max_hp_per_floor":[80,80,80,80,80,80,80,80,80,80,80,80,80,80,80,80,80,80,80,80,80],"card_choices":[{"not_picked":["Corruption","Seeing Red"],"picked":"Wild Strike","floor":1},{"not_picked":["Twin Strike","True Grit"],"picked":"Fire Breathing","floor":2},{"not_picked":["Warcry","Pommel Strike"],"picked":"Shockwave","floor":4},{"not_picked":["Twin Strike","Havoc"],"picked":"Wild Strike","floor":5},{"not_picked":["Whirlwind","Ghostly Armor"],"picked":"Power Through","floor":6},{"not_picked":["Havoc+1","Body Slam"],"picked":"Warcry+1","floor":10},{"not_picked":["Body Slam","Pummel"],"picked":"Battle Trance+1","floor":11},{"not_picked":["Dropkick","True Grit+1"],"picked":"Shrug It Off+1","floor":13},{"not_picked":["Blood for Blood","Disarm+1"],"picked":"Spot Weakness+1","floor":14},{"not_picked":["Berserk","Juggernaut"],"picked":"Bludgeon","floor":16},{"not_picked":["Sword Boomerang+1","Rampage"],"picked":"Warcry+1","floor":18},{"not_picked":["Body Slam","Battle Trance+1"],"picked":"Flame Barrier+1","floor":19},{"not_picked":["Body Slam+1","Sword Boomerang"],"picked":"Rage+1","floor":20}],"player_experience":1077717,"relics_obtained":[{"floor":6,"key":"Shuriken"},{"floor":9,"key":"Toxic Egg 2"}],"event_choices":[{"event_name":"The Cleric","player_choice":"Healed","floor":7,"damage_taken":0},{"event_name":"Accursed Blacksmith","player_choice":"Rummage","floor":8,"damage_taken":0}],"is_beta":false,"boss_relics":[{"not_picked":["Runic Dome","Empty Cage"],"picked":"White Beast Statue"}],"items_purged_floors":[],"is_endless":false,"potions_floor_spawned":[6,10,11,18,19,20],"killed_by":"Chosen and Byrds","ascension_level":5}