{"gold_per_floor":[111,111,125,141,141,141,166,166,190,222,236,43,43,43,43,117,117,134,7,7,7,18,18,45,71,83,129,141,163,193,230,242,328,340,369,381,393,421,29,61,77,77,104,104],"floor_reached":44,"playtime":2187,"items_purged":["Strike_R","Strike_R"],"score":898,"play_id":"18d1dc8a-f80c-4d96-88a5-fbf7b15192b9","local_time":"20190427134937","is_ascension_mode":true,"campfire_choices":[{"data":"Bash","floor":6,"key":"SMITH"},{"data":"Armaments","floor":13,"key":"SMITH"},{"floor":15,"key":"REST"},{"data":"Shrug It Off","floor":23,"key":"SMITH"},{"floor":28,"key":"REST"},{"floor":32,"key":"REST"}],"neow_cost":"NONE","seed_source_timestamp":515439162752416,"circlet_count":0,"master_deck":["AscendersBane","Defend_R","Defend_R","Defend_R","Defend_R","Bash+1","True Grit+1","Rage","Shrug It Off+1","Inflame","Pommel Strike","Uppercut","Armaments+1","Demon Form","Heavy Blade","Sword Boomerang","Bite","Bite","Bite","Bite","Bite","Battle Trance","Thunderclap","Flame Barrier+1","Shrug It Off","Shrug It Off+1","Madness","Madness","Flame Barrier+1","Apotheosis"],"relics":["Burning Blood","FaceOfCleric","Happy Flower","Pen Nib","Darkstone Periapt","Snecko Eye","MawBank","Blue Candle","Red Skull","Oddly Smooth Stone","Velvet Choker","Bottled Lightning","Du-Vu Doll","Strawberry"],"potions_floor_usage":[7,27,27,44],"damage_taken":[{"damage":3,"enemies":"2 Louse","floor":1,"turns":3},{"damage":6,"enemies":"Cultist","floor":3,"turns":4},{"damage":14,"enemies":"Jaw Worm","floor":4,"turns":4},{"damage":32,"enemies":"Gremlin Nob","floor":7,"turns":4},{"damage":18,"enemies":"3 Sentries","floor":10,"turns":10},{"damage":6,"enemies":"2 Fungi Beasts","floor":11,"turns":2},{"damage":17,"enemies":"The Guardian","floor":16,"turns":13},{"damage":19,"enemies":"2 Thieves","floor":18,"turns":5},{"damage":12,"enemies":"Chosen","floor":22,"turns":3},{"damage":49,"enemies":"Book of Stabbing","floor":24,"turns":5},{"damage":13,"enemies":"Centurion and Healer","floor":25,"turns":6},{"damage":22,"enemies":"Slavers","floor":27,"turns":4},{"damage":26,"enemies":"Snake Plant","floor":29,"turns":3},{"damage":0,"enemies":"Chosen and Byrds","floor":30,"turns":2},{"damage":23,"enemies":"Book of Stabbing","floor":31,"turns":4},{"damage":49,"enemies":"Automaton","floor":33,"turns":8},{"damage":14,"enemies":"3 Darklings","floor":35,"turns":6},{"damage":0,"enemies":"3 Shapes","floor":38,"turns":7},{"damage":57,"enemies":"Giant Head","floor":40,"turns":9},{"damage":0,"enemies":"Maw","floor":41,"turns":6},{"damage":72,"enemies":"Nemesis","floor":44,"turns":6}],"seed_played":"3601639994631811940","potions_obtained":[{"floor":0,"key":"AttackPotion"},{"floor":0,"key":"SteroidPotion"},{"floor":7,"key":"Poison Potion"},{"floor":30,"key":"FearPotion"},{"floor":31,"key":"PowerPotion"}],"is_trial":false,"path_per_floor":["M","?","M","M","?","R","E","?","T","E","M","$","R","?","R","B",null,"M","$","?","?","M","R","E","M","T","E","R","M","M","E","R","B",null,"M","?","?","M","$","E","M","$","T","E"],"character_chosen":"IRONCLAD","items_purchased":["Uppercut","Armaments","Sword Boomerang","Apotheosis","Bottled Lightning"],"campfire_rested":3,"item_purchase_floors":[12,12,19,39,39],"current_hp_per_floor":[75,75,76,69,69,69,44,44,44,33,34,34,34,27,52,42,75,63,63,87,60,61,61,21,23,23,20,39,24,31,21,41,13,54,60,51,51,66,66,27,40,40,47,0],"gold":104,"neow_bonus":"THREE_SMALL_POTIONS","is_prod":false,"is_daily":false,"chose_seed":false,"campfire_upgraded":3,"win_rate":0,"timestamp":1556365777,"path_taken":["M","?","M","?","?","R","E","?","T","E","M","$","R","?","R","BOSS","M","$","?","?","M","R","E","M","T","E","R","?","M","E","R","BOSS","M","?","?","?","?","E","M","$","T","E"],"build_version":"2019-04-23","purchased_purges":2,"victory":false,"max_hp_per_floor":[80,80,81,82,82,82,83,83,83,84,85,85,85,85,85,86,86,87,87,87,60,61,61,62,63,63,64,64,65,66,67,67,68,68,69,69,69,70,70,71,72,72,79,79],"card_choices":[{"not_picked":["Twin Strike","Metallicize"],"picked":"True Grit","floor":1},{"not_picked":["Hemokinesis","Sever Soul"],"picked":"Rage","floor":3},{"not_picked":["Heavy Blade","Pummel"],"picked":"Shrug It Off","floor":4},{"not_picked":["Cleave","Flex"],"picked":"Inflame","floor":7},{"not_picked":["Warcry","Sentinel","Fiend Fire"],"picked":"SKIP","floor":10},{"not_picked":["Body Slam","Sword Boomerang"],"picked":"Pommel Strike","floor":11},{"not_picked":["Berserk","Fiend Fire"],"picked":"Demon Form","floor":16},{"not_picked":["Pummel","Shrug It Off+1"],"picked":"Heavy Blade","floor":18},{"not_picked":["Rage","True Grit"],"picked":"Battle Trance","floor":22},{"not_picked":["Corruption","Heavy Blade","Intimidate"],"picked":"SKIP","floor":24},{"not_picked":["Iron Wave","True Grit"],"picked":"Thunderclap","floor":25},{"not_picked":["Disarm","Dual Wield","Hemokinesis"],"picked":"SKIP","floor":27},{"not_picked":["Thunderclap","Inflame"],"picked":"Flame Barrier+1","floor":29},{"not_picked":["Whirlwind","Infernal Blade"],"picked":"Shrug It Off","floor":30},{"not_picked":["Intimidate","Sentinel+1"],"picked":"Shrug It Off+1","floor":31},{"not_picked":["Warcry","Body Slam","Armaments"],"picked":"SKIP","floor":35},{"not_picked":["Perfected Strike","Heavy Blade","Wild Strike+1"],"picked":"SKIP","floor":38},{"not_picked":["Flame Barrier+1","Clash","Combust"],"picked":"SKIP","floor":40},{"not_picked":["Corruption+1","Clash","Burning Pact"],"picked":"SKIP","floor":41}],"player_experience":1263777,"relics_obtained":[{"floor":7,"key":"Happy Flower"},{"floor":9,"key":"Pen Nib"},{"floor":10,"key":"Darkstone Periapt"},{"floor":24,"key":"MawBank"},{"floor":26,"key":"Blue Candle"},{"floor":27,"key":"Red Skull"},{"floor":31,"key":"Oddly Smooth Stone"},{"floor":40,"key":"Du-Vu Doll"},{"floor":43,"key":"Strawberry"}],"event_choices":[{"damage_healed":0,"gold_gain":0,"player_choice":"Trade","damage_taken":0,"relics_obtained":["FaceOfCleric"],"max_hp_gain":0,"max_hp_loss":0,"event_name":"FaceTrader","floor":2,"gold_loss":0},{"damage_healed":0,"gold_gain":0,"player_choice":"Ignored","damage_taken":0,"max_hp_gain":0,"max_hp_loss":0,"event_name":"Liars Game","floor":5,"gold_loss":0},{"damage_healed":0,"gold_gain":0,"player_choice":"Grow","damage_taken":0,"max_hp_gain":0,"max_hp_loss":0,"event_name":"Living Wall","floor":8,"gold_loss":0,"cards_upgraded":["True Grit"]},{"cards_removed":["Strike_R"],"damage_healed":0,"gold_gain":0,"player_choice":"Card Removal","damage_taken":7,"max_hp_gain":0,"max_hp_loss":0,"event_name":"Golden Wing","floor":14,"gold_loss":0},{"damage_healed":29,"gold_gain":0,"player_choice":"Heal","damage_taken":0,"max_hp_gain":0,"max_hp_loss":0,"event_name":"The Library","floor":20,"gold_loss":0},{"damage_healed":0,"gold_gain":0,"player_choice":"Became a vampire","damage_taken":0,"max_hp_gain":0,"max_hp_loss":27,"event_name":"Vampires","floor":21,"gold_loss":0,"cards_obtained":["Bite","Bite","Bite","Bite","Bite"]},{"damage_healed":0,"gold_gain":0,"player_choice":"Embrace Madness","damage_taken":9,"max_hp_gain":0,"max_hp_loss":0,"event_name":"Winding Halls","floor":36,"gold_loss":0,"cards_obtained":["Madness","Madness"]},{"damage_healed":0,"gold_gain":0,"player_choice":"Copied","damage_taken":0,"max_hp_gain":0,"max_hp_loss":0,"event_name":"Duplicator","floor":37,"gold_loss":0,"cards_obtained":["Flame Barrier"]}],"is_beta":true,"boss_relics":[{"not_picked":["Runic Cube","Pandora\u0027s Box"],"picked":"Snecko Eye"},{"not_picked":["Empty Cage","Eternal Feather"],"picked":"Velvet Choker"}],"items_purged_floors":[12,19],"is_endless":false,"potions_floor_spawned":[3,4,7,11,25,30,31,38,40],"killed_by":"Nemesis","ascension_level":13}