{"gold_per_floor":[117,117,129,129,279,279,296,296,296,36,71,71,97,113,113,186,186,204,214,228,53,53,53,82,82,82,113,113,129,129,146,146,224,224,236,253,25,25,45,45,45,45,68,68,15,35,0,0,0,0],"floor_reached":51,"playtime":5869,"items_purged":["Doubt","Strike_B","Defend_B"],"score":1324,"play_id":"3213ccc7-a5f1-4351-b243-892c4a95c2ca","local_time":"20190511213532","is_ascension_mode":true,"campfire_choices":[{"data":"Doom and Gloom","floor":6,"key":"SMITH"},{"data":"Self Repair","floor":8,"key":"SMITH"},{"floor":12,"key":"REST"},{"data":"Rainbow","floor":15,"key":"SMITH"},{"data":"Biased Cognition","floor":23,"key":"SMITH"},{"data":"Doom and Gloom","floor":25,"key":"SMITH"},{"data":"Loop","floor":32,"key":"SMITH"},{"data":"Multi-Cast","floor":40,"key":"SMITH"},{"data":"Barrage","floor":42,"key":"SMITH"},{"data":"Glacier","floor":44,"key":"SMITH"},{"floor":49,"key":"REST"}],"neow_cost":"TEN_PERCENT_HP_LOSS","seed_source_timestamp":1749285958425945,"circlet_count":0,"master_deck":["AscendersBane","Defend_B","Defend_B","Defend_B","Zap","Dualcast","Rainbow+1","Doom and Gloom+1","Gash","Self Repair+1","Sunder+1","Conserve Battery","Loop+1","Ball Lightning+1","Sweeping Beam","Ball Lightning","Biased Cognition+1","Ball Lightning","Doom and Gloom+1","Capacitor+1","Self Repair","Core Surge","Auto Shields","Compile Driver","Glacier+1","Self Repair","Compile Driver","Multi-Cast+1","Aggregate","Go for the Eyes","Capacitor","Doom and Gloom","Turbo","Heatsinks+1","Steam","Storm","Barrage+1","Stack","Defragment+1"],"relics":["Cracked Core","Pen Nib","Orichalcum","Matryoshka","Philosopher\u0027s Stone","Pantograph","Bag of Preparation","Whetstone","Bird Faced Urn","Orrery","Frozen Egg 2","Centennial Puzzle","Red Mask"],"potions_floor_usage":[13,16,18,27,33,33,35,50,50],"damage_taken":[{"damage":5,"enemies":"2 Louse","floor":1,"turns":3},{"damage":7,"enemies":"Jaw Worm","floor":3,"turns":3},{"damage":11,"enemies":"Small Slimes","floor":7,"turns":3},{"damage":32,"enemies":"Lagavulin","floor":11,"turns":6},{"damage":11,"enemies":"3 Sentries","floor":13,"turns":5},{"damage":9,"enemies":"3 Louse","floor":14,"turns":3},{"damage":11,"enemies":"Slime Boss","floor":16,"turns":5},{"damage":7,"enemies":"Chosen","floor":18,"turns":3},{"damage":6,"enemies":"Spheric Guardian","floor":19,"turns":3},{"damage":17,"enemies":"Centurion and Healer","floor":20,"turns":5},{"damage":0,"enemies":"Gremlin Leader","floor":24,"turns":6},{"damage":36,"enemies":"Book of Stabbing","floor":27,"turns":3},{"damage":6,"enemies":"Sentry and Sphere","floor":29,"turns":5},{"damage":4,"enemies":"Snake Plant","floor":31,"turns":3},{"damage":38,"enemies":"Automaton","floor":33,"turns":8},{"damage":39,"enemies":"3 Darklings","floor":35,"turns":4},{"damage":24,"enemies":"3 Shapes","floor":36,"turns":5},{"damage":31,"enemies":"3 Darklings","floor":39,"turns":6},{"damage":48,"enemies":"Jaw Worm Horde","floor":46,"turns":4},{"damage":80,"enemies":"Time Eater","floor":50,"turns":10}],"seed_played":"8647202504564367177","potions_obtained":[{"floor":1,"key":"Explosive Potion"},{"floor":7,"key":"GamblersBrew"},{"floor":14,"key":"PowerPotion"},{"floor":24,"key":"LiquidBronze"},{"floor":27,"key":"Energy Potion"},{"floor":31,"key":"SkillPotion"},{"floor":33,"key":"GamblersBrew"},{"floor":36,"key":"FearPotion"},{"floor":48,"key":"SpeedPotion"},{"floor":48,"key":"EssenceOfSteel"}],"is_trial":false,"path_per_floor":["M","?","M","?","?","R","M","R","T","$","E","R","E","M","R","B",null,"M","M","M","$","?","R","E","R","T","E","?","M","?","M","R","B",null,"M","M","$","?","M","R","$","R","T","R","$","M","?","?","R","B",null],"character_chosen":"DEFECT","items_purchased":["Sunder","Conserve Battery","Loop","Self Repair","Steam","Storm","Stack"],"campfire_rested":2,"item_purchase_floors":[10,10,10,21,37,37,45],"current_hp_per_floor":[59,52,45,50,50,50,39,39,39,39,17,37,36,37,37,26,58,61,65,58,58,58,58,69,69,69,33,33,43,43,43,43,64,68,30,19,19,69,69,69,69,69,69,69,69,44,44,44,64,18],"gold":0,"neow_bonus":"THREE_RARE_CARDS","is_prod":false,"is_daily":false,"chose_seed":false,"campfire_upgraded":9,"win_rate":0,"timestamp":1557603332,"path_taken":["M","?","M","?","?","R","M","R","T","$","E","R","E","M","R","BOSS","M","M","M","$","?","R","E","R","T","E","?","M","?","M","R","BOSS","M","M","$","?","M","R","$","R","T","R","?","?","?","?","R","BOSS"],"build_version":"2019-05-07","purchased_purges":3,"victory":true,"max_hp_per_floor":[64,64,64,69,69,69,69,69,69,69,69,69,69,69,69,69,69,69,69,69,69,69,69,69,69,69,69,69,69,69,69,69,69,69,69,69,69,69,69,69,69,69,69,69,69,69,69,69,69,69],"card_choices":[{"not_picked":["Machine Learning","Reboot"],"picked":"Rainbow","floor":0},{"not_picked":["White Noise","Hologram"],"picked":"Doom and Gloom","floor":1},{"not_picked":["Blizzard","Barrage"],"picked":"Gash","floor":3},{"not_picked":["Sunder","Go for the Eyes"],"picked":"Self Repair","floor":7},{"not_picked":["Chill","Skim"],"picked":"Ball Lightning","floor":11},{"not_picked":["Steam Power","Tempest"],"picked":"Sweeping Beam","floor":13},{"not_picked":["Tempest","Redo"],"picked":"Ball Lightning","floor":14},{"not_picked":["Core Surge","Amplify"],"picked":"Biased Cognition","floor":16},{"not_picked":["Streamline","Turbo"],"picked":"Ball Lightning","floor":18},{"not_picked":["Streamline","Undo"],"picked":"Doom and Gloom","floor":19},{"not_picked":["Undo","Rebound"],"picked":"Capacitor+1","floor":20},{"not_picked":["Turbo","Hyperbeam"],"picked":"Compile Driver","floor":24},{"not_picked":["Lockon+1","Leap"],"picked":"Glacier","floor":27},{"not_picked":["Lockon+1","Darkness"],"picked":"Self Repair","floor":29},{"not_picked":["Steam","Beam Cell"],"picked":"Compile Driver","floor":31},{"not_picked":["Thunder Strike","Creative AI"],"picked":"Multi-Cast","floor":33},{"not_picked":["Beam Cell","Scrape+1"],"picked":"Aggregate","floor":34},{"not_picked":["Rebound","Turbo"],"picked":"Go for the Eyes","floor":34},{"not_picked":["Blizzard","Rebound"],"picked":"Capacitor","floor":34},{"not_picked":["Turbo+1","Streamline"],"picked":"Doom and Gloom","floor":34},{"not_picked":["Static Discharge+1","Ball Lightning"],"picked":"Turbo","floor":34},{"not_picked":["Static Discharge","Hello World"],"picked":"Heatsinks+1","floor":35},{"not_picked":["Rebound","Redo","Meteor Strike"],"picked":"SKIP","floor":36},{"not_picked":["Sunder","Cold Snap"],"picked":"Barrage","floor":39},{"not_picked":["Ball Lightning+1","Recycle"],"picked":"Defragment+1","floor":46}],"player_experience":1784514,"relics_obtained":[{"floor":9,"key":"Pen Nib"},{"floor":11,"key":"Orichalcum"},{"floor":13,"key":"Matryoshka"},{"floor":24,"key":"Pantograph"},{"floor":26,"key":"Bag of Preparation"},{"floor":26,"key":"Whetstone"},{"floor":27,"key":"Bird Faced Urn"},{"floor":43,"key":"Frozen Egg 2"},{"floor":43,"key":"Centennial Puzzle"}],"event_choices":[{"cards_removed":["Strike_B"],"damage_healed":0,"gold_gain":0,"player_choice":"Card Removal","damage_taken":7,"max_hp_gain":0,"max_hp_loss":0,"event_name":"Golden Wing","floor":2,"gold_loss":0},{"damage_healed":0,"gold_gain":0,"player_choice":"Donut","damage_taken":0,"max_hp_gain":5,"max_hp_loss":0,"event_name":"Big Fish","floor":4,"gold_loss":0},{"damage_healed":0,"gold_gain":150,"player_choice":"AGREE","damage_taken":0,"max_hp_gain":0,"max_hp_loss":0,"event_name":"Liars Game","floor":5,"gold_loss":0,"cards_obtained":["Doubt"]},{"damage_healed":0,"gold_gain":0,"cards_transformed":["Strike_B","Strike_B"],"player_choice":"Became Test Subject","damage_taken":0,"max_hp_gain":0,"max_hp_loss":0,"event_name":"Drug Dealer","floor":22,"gold_loss":0,"cards_obtained":["Core Surge","Auto Shields"]},{"damage_healed":0,"gold_gain":0,"player_choice":"Ignored","damage_taken":0,"max_hp_gain":0,"max_hp_loss":0,"event_name":"Vampires","floor":28,"gold_loss":0},{"damage_healed":0,"gold_gain":0,"player_choice":"Ignored","damage_taken":0,"max_hp_gain":0,"max_hp_loss":0,"event_name":"Ghosts","floor":30,"gold_loss":0},{"damage_healed":50,"gold_gain":0,"player_choice":"Full Heal","damage_taken":0,"max_hp_gain":0,"max_hp_loss":0,"event_name":"Wheel of Change","floor":38,"gold_loss":0},{"damage_healed":0,"gold_gain":0,"player_choice":"Paid","damage_taken":0,"relics_obtained":["Red Mask"],"max_hp_gain":0,"max_hp_loss":0,"event_name":"Tomb of Lord Red Mask","floor":47,"gold_loss":35},{"damage_healed":0,"gold_gain":0,"player_choice":"Got Potions","damage_taken":0,"max_hp_gain":0,"max_hp_loss":0,"event_name":"Lab","floor":48,"gold_loss":0}],"is_beta":true,"boss_relics":[{"not_picked":["Cursed Key","Coffee Dripper"],"picked":"Philosopher\u0027s Stone"},{"not_picked":["Tiny House","Eternal Feather"],"picked":"Orrery"}],"items_purged_floors":[10,21,37],"is_endless":false,"potions_floor_spawned":[1,7,14,24,27,31,33,36],"ascension_level":19}