{"gold_per_floor":[114,114,114,130,205,238,238,252,252,277,277,288,60,78,78,78],"floor_reached":16,"playtime":562,"items_purged":[],"score":236,"play_id":"1cfd8e34-925d-4ae8-b727-50537566f78e","local_time":"20190501183617","is_ascension_mode":true,"campfire_choices":[{"data":"Body Slam","floor":7,"key":"SMITH"},{"data":"Bash","floor":11,"key":"SMITH"},{"data":"Entrench","floor":15,"key":"SMITH"}],"neow_cost":"NONE","seed_source_timestamp":879864327545172,"circlet_count":0,"master_deck":["AscendersBane","Strike_R","Strike_R","Strike_R","Strike_R","Strike_R","Defend_R","Defend_R","Defend_R","Defend_R","Bash+1","Iron Wave","Body Slam+1","Iron Wave","True Grit","Entrench+1","Headbutt","True Grit"],"relics":["Burning Blood","NeowsBlessing","Unceasing Top","Dodecahedron","Shuriken","Membership Card"],"potions_floor_usage":[10,16,16],"damage_taken":[{"damage":0,"enemies":"Small Slimes","floor":1,"turns":1},{"damage":0,"enemies":"Jaw Worm","floor":4,"turns":1},{"damage":0,"enemies":"3 Sentries","floor":6,"turns":1},{"damage":1,"enemies":"Cultist","floor":8,"turns":3},{"damage":16,"enemies":"Gremlin Nob","floor":10,"turns":3},{"damage":1,"enemies":"Large Slime","floor":12,"turns":6},{"damage":7,"enemies":"Blue Slaver","floor":14,"turns":4},{"damage":73,"enemies":"The Guardian","floor":16,"turns":15}],"seed_played":"-3752922242990921002","potions_obtained":[{"floor":1,"key":"AttackPotion"},{"floor":3,"key":"GamblersBrew"},{"floor":10,"key":"Strength Potion"}],"is_trial":false,"path_per_floor":["M","?","?","M","?","E","R","M","T","E","R","M","$","M","R","B"],"character_chosen":"IRONCLAD","items_purchased":["Membership Card","Headbutt"],"campfire_rested":0,"item_purchase_floors":[13,13],"current_hp_per_floor":[74,56,56,62,51,57,57,62,62,52,52,57,57,56,56,0],"gold":78,"neow_bonus":"THREE_ENEMY_KILL","is_prod":false,"is_daily":false,"chose_seed":false,"campfire_upgraded":3,"win_rate":0,"timestamp":1556728577,"path_taken":["M","?","?","?","?","E","R","M","T","E","R","M","$","M","R","BOSS"],"build_version":"2019-04-23","purchased_purges":0,"victory":false,"max_hp_per_floor":[75,75,75,75,75,75,75,75,75,75,75,75,75,75,75,75],"card_choices":[{"not_picked":["Sentinel","Corruption"],"picked":"Iron Wave","floor":1},{"not_picked":["Rage","Perfected Strike"],"picked":"Body Slam","floor":4},{"not_picked":["Thunderclap","Power Through"],"picked":"Iron Wave","floor":6},{"not_picked":["Cleave","Thunderclap"],"picked":"True Grit","floor":8},{"not_picked":["Fiend Fire","Rupture","Dual Wield"],"picked":"SKIP","floor":10},{"not_picked":["Havoc","Infernal Blade"],"picked":"Entrench","floor":12},{"not_picked":["Wild Strike","Thunderclap"],"picked":"True Grit","floor":14}],"player_experience":1404035,"relics_obtained":[{"floor":6,"key":"Dodecahedron"},{"floor":10,"key":"Shuriken"}],"event_choices":[{"damage_healed":0,"gold_gain":0,"player_choice":"Success","damage_taken":18,"relics_obtained":["Unceasing Top"],"max_hp_gain":0,"max_hp_loss":0,"event_name":"Scrap Ooze","floor":2,"gold_loss":0},{"damage_healed":0,"gold_gain":0,"player_choice":"Got Potions","damage_taken":0,"max_hp_gain":0,"max_hp_loss":0,"event_name":"Lab","floor":3,"gold_loss":0},{"damage_healed":0,"gold_gain":75,"player_choice":"Gather Gold","damage_taken":11,"max_hp_gain":0,"max_hp_loss":0,"event_name":"World of Goop","floor":5,"gold_loss":0}],"is_beta":true,"boss_relics":[],"items_purged_floors":[],"is_endless":false,"potions_floor_spawned":[1,10],"killed_by":"The Guardian","ascension_level":15}