{"gold_per_floor":[111,128,143,83,98,98,127,144,219,219,155,174,174,202,202,273,273,173,173,173,173,173,173,173],"floor_reached":24,"playtime":2573,"items_purged":[],"score":416,"play_id":"af390932-9c54-452b-b1fb-db1430ae0c48","local_time":"20190514181941","is_ascension_mode":true,"campfire_choices":[{"data":"Dagger Spray","floor":6,"key":"SMITH"},{"floor":10,"key":"REST"},{"data":"1","floor":13,"key":"LIFT"},{"data":"2","floor":15,"key":"LIFT"},{"data":"3","floor":23,"key":"LIFT"}],"neow_cost":"NONE","seed_source_timestamp":2000056076454225,"circlet_count":0,"master_deck":["AscendersBane","Defend_G","Defend_G","Defend_G","Defend_G","Defend_G","Strike_G","Strike_G","Strike_G","Strike_G","Survivor","Neutralize","Footwork","PiercingWail","Dagger Spray+1","Backflip","Dodge and Roll","Dagger Spray","Dash"],"relics":["Ring of the Snake","Sundial","Gremlin Horn","Girya","Bronze Scales","Ectoplasm"],"potions_floor_usage":[7,14,16,16,21,24],"damage_taken":[{"damage":6,"enemies":"Jaw Worm","floor":1,"turns":8},{"damage":1,"enemies":"Cultist","floor":2,"turns":6},{"damage":0,"enemies":"2 Louse","floor":3,"turns":4},{"damage":1,"enemies":"Looter","floor":4,"turns":5},{"damage":5,"enemies":"3 Louse","floor":5,"turns":4},{"damage":39,"enemies":"Gremlin Nob","floor":7,"turns":6},{"damage":1,"enemies":"Blue Slaver","floor":8,"turns":5},{"damage":7,"enemies":"Red Slaver","floor":12,"turns":4},{"damage":3,"enemies":"3 Sentries","floor":14,"turns":4},{"damage":9,"enemies":"The Guardian","floor":16,"turns":14},{"damage":8,"enemies":"2 Thieves","floor":18,"turns":5},{"damage":3,"enemies":"Shell Parasite","floor":20,"turns":5},{"damage":8,"enemies":"Centurion and Healer","floor":21,"turns":7},{"damage":33,"enemies":"Book of Stabbing","floor":24,"turns":5}],"seed_played":"-3498549271470632287","potions_obtained":[{"floor":5,"key":"Block Potion"},{"floor":7,"key":"SteroidPotion"},{"floor":12,"key":"SpeedPotion"},{"floor":14,"key":"FearPotion"},{"floor":18,"key":"LiquidBronze"},{"floor":19,"key":"Regen Potion"},{"floor":21,"key":"Strength Potion"}],"is_trial":false,"path_per_floor":["M","M","M","M","M","R","E","M","T","R","?","M","R","E","R","B",null,"M","?","M","M","?","R","E"],"character_chosen":"THE_SILENT","items_purchased":[],"campfire_rested":1,"item_purchase_floors":[],"current_hp_per_floor":[53,52,52,51,46,46,7,6,6,25,25,18,18,15,15,6,51,43,43,40,47,29,29,0],"gold":173,"neow_bonus":"REMOVE_CARD","is_prod":false,"is_daily":false,"chose_seed":false,"campfire_upgraded":1,"win_rate":0,"timestamp":1557850781,"path_taken":["M","M","M","M","M","R","E","M","T","R","?","?","R","E","R","BOSS","M","?","?","M","?","R","E"],"build_version":"2019-05-07","purchased_purges":0,"victory":false,"max_hp_per_floor":[66,66,66,66,66,66,66,66,66,66,66,66,66,66,66,66,66,66,66,66,66,71,71,71],"card_choices":[{"not_picked":["Quick Slash","Deadly Poison"],"picked":"Footwork","floor":1},{"not_picked":["Concentrate","Deflect","Acrobatics"],"picked":"SKIP","floor":2},{"not_picked":["Sucker Punch","Expertise"],"picked":"PiercingWail","floor":3},{"not_picked":["Crippling Poison","Setup"],"picked":"Dagger Spray","floor":4},{"not_picked":["Slice","Accuracy"],"picked":"Backflip","floor":5},{"not_picked":["Quick Slash","Finisher","Bane"],"picked":"SKIP","floor":7},{"not_picked":["Deflect","Masterful Stab","Storm of Steel"],"picked":"SKIP","floor":8},{"not_picked":["Slice","Flying Knee"],"picked":"Dodge and Roll","floor":12},{"not_picked":["Bane","Poisoned Stab"],"picked":"Dagger Spray","floor":14},{"not_picked":["Masterful Stab","PiercingWail"],"picked":"Dash","floor":18},{"not_picked":["Poisoned Stab+1","Bane","Accuracy"],"picked":"SKIP","floor":20},{"not_picked":["Poisoned Stab","A Thousand Cuts","Underhanded Strike"],"picked":"SKIP","floor":21}],"player_experience":1893679,"relics_obtained":[{"floor":7,"key":"Sundial"},{"floor":9,"key":"Gremlin Horn"},{"floor":14,"key":"Bronze Scales"}],"event_choices":[{"damage_healed":0,"gold_gain":0,"player_choice":"Paid Gold","damage_taken":0,"relics_obtained":["Girya"],"max_hp_gain":0,"max_hp_loss":0,"event_name":"WeMeetAgain","floor":11,"gold_loss":64},{"damage_healed":0,"gold_gain":0,"player_choice":"Got Potions","damage_taken":0,"max_hp_gain":0,"max_hp_loss":0,"event_name":"Lab","floor":19,"gold_loss":0},{"damage_healed":0,"gold_gain":0,"player_choice":"Shed Blood","damage_taken":23,"max_hp_gain":5,"max_hp_loss":0,"event_name":"Forgotten Altar","floor":22,"gold_loss":0}],"is_beta":true,"boss_relics":[{"not_picked":["Runic Dome","Coffee Dripper"],"picked":"Ectoplasm"}],"items_purged_floors":[],"is_endless":false,"potions_floor_spawned":[5,7,12,14,18,21],"killed_by":"Book of Stabbing","ascension_level":20}