{"gold_per_floor":[112,129,204,204,220,220,240,258,283,283,208,208,1,13,13,88,88,108,108,15,30,43,43,60,60,60,60,60,78,78,97,97,168,168,178,96,96,0,0,0,35,35,111,123,143,143],"floor_reached":46,"playtime":3652,"items_purged":[],"score":770,"play_id":"8bc9a955-3e39-4c2c-8a40-6109f036b29d","local_time":"20190424225622","is_ascension_mode":true,"campfire_choices":[{"data":"Static Discharge","floor":6.0,"key":"SMITH"},{"floor":10.0,"key":"REST"},{"data":"Static Discharge","floor":12.0,"key":"SMITH"},{"data":"Apotheosis","floor":15.0,"key":"SMITH"},{"data":"Echo Form","floor":23.0,"key":"SMITH"},{"floor":27.0,"key":"REST"},{"data":"Zap","floor":30.0,"key":"SMITH"},{"floor":32.0,"key":"REST"},{"data":"Thunder Strike","floor":40.0,"key":"SMITH"},{"floor":42,"key":"REST"}],"neow_cost":"TEN_PERCENT_HP_LOSS","seed_source_timestamp":0,"circlet_count":0,"master_deck":["AscendersBane","Strike_B+1","Strike_B+1","Defend_B+1","Defend_B+1","Defend_B+1","Defend_B+1","Zap+1","Dualcast","Thunder Strike+1","Leap","Static Discharge+1","Steam","Static Discharge+1","Chaos","Apotheosis+1","Self Repair","Echo Form+1","Ball Lightning","Bandage Up","Reinforced Body","Recycle","White Noise+1","Storm","Rainbow","Steam","Bandage Up","Steam","Thunder Strike"],"special_seed":0,"relics":["Cracked Core","Pen Nib","Runic Pyramid","Bottled Flame","Inserter","Red Mask","Anchor","Letter Opener"],"potions_floor_usage":[46],"damage_taken":[{"damage":2.0,"enemies":"2 Louse","floor":1.0,"turns":3.0},{"damage":11.0,"enemies":"Small Slimes","floor":2.0,"turns":5.0},{"damage":2.0,"enemies":"Jaw Worm","floor":5.0,"turns":4.0},{"damage":3.0,"enemies":"Exordium Wildlife","floor":7.0,"turns":4.0},{"damage":13.0,"enemies":"Large Slime","floor":8.0,"turns":5.0},{"damage":2.0,"enemies":"Exordium Thugs","floor":14.0,"turns":6.0},{"damage":8.0,"enemies":"Hexaghost","floor":16.0,"turns":7.0},{"damage":32.0,"enemies":"2 Thieves","floor":18.0,"turns":4.0},{"damage":0.0,"enemies":"Chosen","floor":21.0,"turns":5.0},{"damage":23.0,"enemies":"Centurion and Healer","floor":22.0,"turns":6.0},{"damage":13.0,"enemies":"Snake Plant","floor":24.0,"turns":3.0},{"damage":10.0,"enemies":"Snecko","floor":29.0,"turns":3.0},{"damage":20.0,"enemies":"Chosen and Byrds","floor":31.0,"turns":4.0},{"damage":33.0,"enemies":"Automaton","floor":33.0,"turns":11.0},{"damage":63.0,"enemies":"3 Darklings","floor":35.0,"turns":6.0},{"damage":39,"enemies":"Nemesis","floor":41,"turns":7},{"damage":2,"enemies":"3 Shapes","floor":44,"turns":5},{"damage":8,"enemies":"Maw","floor":45,"turns":7},{"damage":61,"enemies":"Giant Head","floor":46,"turns":7}],"seed_played":"1317303278448724511","potions_obtained":[{"floor":2.0,"key":"Poison Potion"},{"floor":7.0,"key":"Explosive Potion"},{"floor":8.0,"key":"SteroidPotion"},{"floor":18.0,"key":"Energy Potion"},{"floor":22.0,"key":"PowerPotion"},{"floor":35.0,"key":"LiquidBronze"},{"floor":41,"key":"Block Potion"}],"is_trial":false,"path_per_floor":["M","M","?","?","M","R","M","M","T","R","?","R","$","M","R","B",null,"M","?","$","M","M","R","M","?","T","R","?","M","R","M","R","B",null,"M","$","?","?","?","R","E","R","T","M","M","E"],"character_chosen":"DEFECT","items_purchased":["Apotheosis","Self Repair","Bandage Up","Bandage Up"],"campfire_rested":4,"item_purchase_floors":[13,13,20,36],"current_hp_per_floor":[62,51,40,40,38,38,35,22,22,41,41,41,41,39,39,41,58,36,36,36,49,40,40,37,37,37,56,56,46,46,42,61,38,58,11,11,11,11,52,52,38,52,52,52,52,0],"gold":143,"neow_bonus":"THREE_RARE_CARDS","is_prod":false,"is_daily":false,"chose_seed":false,"campfire_upgraded":6,"win_rate":0,"timestamp":1556160982,"path_taken":["M","M","?","?","M","R","M","M","T","R","?","R","$","M","R","BOSS","M","?","$","M","M","R","M","?","T","R","?","M","R","?","R","BOSS","M","$","?","?","?","R","E","R","T","?","M","E"],"build_version":"2019-01-23","purchased_purges":0,"victory":false,"max_hp_per_floor":[64,64,64,64,64,64,64,64,64,64,64,64,64,64,64,64,64,64,64,64,64,64,64,64,64,64,64,64,64,64,64,64,64,64,64,64,64,64,52,52,52,52,52,52,52,52],"card_choices":[{"not_picked":["Meteor Strike","Multi-Cast"],"picked":"Thunder Strike","floor":0.0},{"not_picked":["Steam Power","Rebound"],"picked":"Leap","floor":1.0},{"not_picked":["Glacier","Stack"],"picked":"Static Discharge","floor":2.0},{"not_picked":["Coolheaded","Hello World"],"picked":"Steam","floor":5.0},{"not_picked":["Redo","Turbo"],"picked":"Static Discharge","floor":7.0},{"not_picked":["Cold Snap","Hello World"],"picked":"Chaos","floor":8.0},{"not_picked":["Stack","Sweeping Beam","Barrage"],"picked":"SKIP","floor":14.0},{"not_picked":["Biased Cognition","Amplify"],"picked":"Echo Form","floor":16.0},{"not_picked":["Redo","Compile Driver"],"picked":"Ball Lightning","floor":18.0},{"not_picked":["Doom and Gloom","Chaos"],"picked":"Reinforced Body","floor":21.0},{"not_picked":["Streamline","Reprogram"],"picked":"Recycle","floor":22.0},{"not_picked":["Compile Driver","Glacier"],"picked":"White Noise+1","floor":24.0},{"not_picked":["Gash","Blizzard"],"picked":"Storm","floor":29.0},{"not_picked":["Barrage","Hologram","Rebound"],"picked":"SKIP","floor":31.0},{"not_picked":["Core Surge","Machine Learning"],"picked":"Rainbow","floor":33.0},{"not_picked":["Skim+1","Beam Cell"],"picked":"Steam","floor":35.0},{"not_picked":["Turbo","Streamline"],"picked":"Steam","floor":41},{"not_picked":["Static Discharge","Glacier"],"picked":"Thunder Strike","floor":44},{"not_picked":["Leap","Ball Lightning","Reprogram"],"picked":"SKIP","floor":45}],"player_experience":2840084,"relics_obtained":[{"floor":9.0,"key":"Pen Nib"},{"floor":26.0,"key":"Bottled Flame"},{"floor":41,"key":"Anchor"},{"floor":43,"key":"Letter Opener"}],"event_choices":[{"damage_healed":0.0,"max_hp_gain":0.0,"max_hp_loss":0.0,"gold_gain":75.0,"event_name":"World of Goop","player_choice":"Gather Gold","floor":3.0,"gold_loss":0.0,"damage_taken":11.0},{"damage_healed":0.0,"max_hp_gain":0.0,"max_hp_loss":0.0,"gold_gain":0.0,"event_name":"Golden Idol","player_choice":"Ignored","floor":4.0,"gold_loss":0.0,"damage_taken":0.0},{"cards_removed":["Strike_B"],"damage_healed":0.0,"max_hp_gain":0.0,"max_hp_loss":0.0,"gold_gain":0.0,"event_name":"The Cleric","player_choice":"Card Removal","floor":11.0,"gold_loss":75.0,"damage_taken":0.0},{"damage_healed":0.0,"max_hp_gain":0.0,"max_hp_loss":0.0,"gold_gain":0.0,"event_name":"Vampires","player_choice":"Ignored","floor":19.0,"gold_loss":0.0,"damage_taken":0.0},{"damage_healed":0.0,"max_hp_gain":0.0,"max_hp_loss":0.0,"gold_gain":0.0,"event_name":"Back to Basics","player_choice":"Simplicity","floor":25.0,"gold_loss":0.0,"damage_taken":0.0,"cards_upgraded":["Strike_B","Strike_B","Strike_B","Defend_B","Defend_B","Defend_B","Defend_B"]},{"cards_removed":["Strike_B"],"damage_healed":0.0,"max_hp_gain":0.0,"max_hp_loss":0.0,"gold_gain":0.0,"event_name":"Falling","player_choice":"Removed Attack","floor":37.0,"gold_loss":0.0,"damage_taken":0.0},{"damage_healed":0.0,"max_hp_gain":0.0,"max_hp_loss":0.0,"gold_gain":0.0,"event_name":"Tomb of Lord Red Mask","player_choice":"Paid","floor":38.0,"gold_loss":96.0,"damage_taken":0.0,"relics_obtained":["Red Mask"]},{"damage_healed":52.0,"max_hp_gain":0.0,"max_hp_loss":12.0,"gold_gain":0.0,"event_name":"The Moai Head","player_choice":"Heal","floor":39.0,"gold_loss":0.0,"damage_taken":0.0}],"is_beta":false,"boss_relics":[{"not_picked":["Tiny House","Black Star"],"picked":"Runic Pyramid"},{"not_picked":["Fusion Hammer","Pandora\u0027s Box"],"picked":"Inserter"}],"items_purged_floors":[],"is_endless":false,"potions_floor_spawned":[2,7,8,18,22,31,35,41],"killed_by":"Giant Head","ascension_level":15}