{"gold_per_floor":[118,193,193,212,11,11,25,38,62,76,88,88,120,171,171,171],"floor_reached":16,"playtime":2213,"items_purged":[],"score":102,"play_id":"864d0525-7eb0-418a-9705-b16b8c7c9131","local_time":"20180623195116","is_ascension_mode":false,"campfire_choices":[{"data":"Infernal Blade","floor":6,"key":"SMITH"},{"floor":15,"key":"REST"}],"neow_cost":"NONE","seed_source_timestamp":2202822472098,"circlet_count":0,"master_deck":["Strike_R","Strike_R","Strike_R","Strike_R","Defend_R","Defend_R","Defend_R","Defend_R","Bash","Intimidate","Rage","Infernal Blade+1","Fire Breathing","Iron Wave","Flame Barrier","Whirlwind","Shrug It Off","Reaper","Headbutt"],"relics":["Burning Blood","Omamori","Pen Nib","Oddly Smooth Stone","Regal Pillow"],"potions_floor_usage":[10,13,16],"damage_taken":[{"damage":0,"enemies":"Small Slimes","floor":1,"turns":3},{"damage":2,"enemies":"Jaw Worm","floor":4,"turns":5},{"damage":1,"enemies":"2 Louse","floor":7,"turns":4},{"damage":4,"enemies":"Exordium Thugs","floor":8,"turns":7},{"damage":18,"enemies":"Gremlin Gang","floor":10,"turns":5},{"damage":5,"enemies":"Blue Slaver","floor":11,"turns":5},{"damage":64,"enemies":"Lagavulin","floor":13,"turns":15},{"damage":75,"enemies":"Hexaghost","floor":16,"turns":14}],"seed_played":"-9044894321294426959","potions_obtained":[{"floor":1,"key":"Explosive Potion"},{"floor":11,"key":"Regen Potion"},{"floor":13,"key":"PowerPotion"}],"is_trial":false,"path_per_floor":["M","?","?","M","$","R","M","M","T","M","M","?","E","T","R"],"character_chosen":"IRONCLAD","items_purchased":["Infernal Blade","Fire Breathing","Iron Wave"],"campfire_rested":1,"item_purchase_floors":[5,5,5],"current_hp_per_floor":[80,69,80,80,80,80,80,80,80,68,69,69,29,29,68,0],"gold":171,"neow_bonus":"RANDOM_COMMON_RELIC","is_prod":false,"is_daily":false,"chose_seed":false,"campfire_upgraded":1,"win_rate":0.0,"timestamp":1529797876,"path_taken":["M","?","?","M","$","R","M","M","T","M","?","?","E","?","R","BOSS"],"build_version":"2018-06-21v2","purchased_purges":0,"victory":false,"max_hp_per_floor":[80,80,80,80,80,80,80,80,80,80,80,80,80,80,80,80],"card_choices":[{"not_picked":["Anger","Burning Pact"],"picked":"Intimidate","floor":1},{"not_picked":["Seeing Red","Pummel"],"picked":"Rage","floor":4},{"not_picked":["Thunderclap","Flex"],"picked":"Flame Barrier","floor":7},{"not_picked":["Cleave","True Grit"],"picked":"Whirlwind","floor":8},{"not_picked":["Clothesline","Twin Strike"],"picked":"Shrug It Off","floor":10},{"not_picked":["True Grit","Rupture"],"picked":"Reaper","floor":11},{"not_picked":["True Grit","Searing Blow"],"picked":"Headbutt","floor":13}],"player_experience":32691,"relics_obtained":[{"floor":9,"key":"Pen Nib"},{"floor":13,"key":"Oddly Smooth Stone"},{"floor":14,"key":"Regal Pillow"}],"event_choices":[{"event_name":"World of Goop","player_choice":"Gather Gold","floor":2,"damage_taken":0},{"event_name":"Wheel of Change","player_choice":"Full Heal","floor":3,"damage_taken":0},{"event_name":"Purifier","player_choice":"One Purge","floor":12,"damage_taken":0}],"boss_relics":[],"items_purged_floors":[],"is_endless":false,"potions_floor_spawned":[1,11,13],"killed_by":"Hexaghost","ascension_level":0}