{"gold_per_floor":[119,132,57,76,93,93,125,136,162,192,206,219,219,184,184,279,279,294,294,36,36,36,36,63,63,116,116,0,0,32,32,32,136,136,149,163,38,38,56,89,89,123,123,123,123,123,154,202,202,202],"floor_reached":51,"playtime":2450,"items_purged":["Strike_R","Strike_R","Defend_R"],"score":863,"play_id":"50fc973a-a034-454a-a919-5f397bf4ed12","local_time":"20180816015236","is_ascension_mode":true,"campfire_choices":[{"data":"Second Wind","floor":6,"key":"SMITH"},{"floor":15,"key":"REST"},{"floor":23,"key":"REST"},{"floor":25,"key":"REST"},{"floor":27,"key":"REST"},{"floor":32,"key":"REST"},{"floor":41,"key":"REST"},{"data":"Limit Break","floor":44,"key":"SMITH"},{"data":"Whirlwind","floor":46,"key":"SMITH"},{"data":"Dark Shackles","floor":49,"key":"SMITH"}],"neow_cost":"PERCENT_DAMAGE","seed_source_timestamp":208938944589643,"circlet_count":0,"master_deck":["Defend_R","Defend_R","Bash","Second Wind+1","Spot Weakness","Flex","Iron Wave","Feed","Whirlwind+1","Sword Boomerang","Iron Wave","Demon Form","Headbutt","Limit Break+1","Necronomicurse","Flex+1","Rage","Bite+1","Bite+1","Bite+1","Bite+1","Bludgeon+1","Rage+1","Madness","Dark Shackles+1","Whirlwind+1"],"relics":["Burning Blood","Juzu Bracelet","Strawberry","Oddly Smooth Stone","Black Star","Necronomicon","Boot","Meat on the Bone","Molten Egg 2","Pen Nib","Bag of Preparation","Orichalcum","Velvet Choker","Pantograph","Blue Candle","Question Card","Ornamental Fan","Self Forming Clay","Bag of Marbles","Art of War","Champion Belt"],"potions_floor_usage":[7,10,10,16,18,24,24,30,35,40,50,50,50],"damage_taken":[{"damage":2,"enemies":"Small Slimes","floor":1,"turns":3},{"damage":12,"enemies":"Jaw Worm","floor":2,"turns":4},{"damage":1,"enemies":"2 Louse","floor":4,"turns":3},{"damage":11,"enemies":"Large Slime","floor":5,"turns":6},{"damage":11,"enemies":"Gremlin Nob","floor":7,"turns":4},{"damage":4,"enemies":"2 Fungi Beasts","floor":8,"turns":4},{"damage":34,"enemies":"Lagavulin","floor":10,"turns":8},{"damage":2,"enemies":"Lots of Slimes","floor":11,"turns":3},{"damage":10,"enemies":"Looter","floor":12,"turns":2},{"damage":37,"enemies":"Slime Boss","floor":16,"turns":11},{"damage":42,"enemies":"2 Thieves","floor":18,"turns":5},{"damage":38,"enemies":"Book of Stabbing","floor":24,"turns":5},{"damage":54,"enemies":"Slavers","floor":30,"turns":4},{"damage":55,"enemies":"Champ","floor":33,"turns":9},{"damage":25,"enemies":"Flame Bruiser 1 Orb","floor":35,"turns":5},{"damage":22,"enemies":"3 Darklings","floor":36,"turns":6},{"damage":27,"enemies":"Sphere and 2 Shapes","floor":39,"turns":5},{"damage":26,"enemies":"Giant Head","floor":40,"turns":6},{"damage":4,"enemies":"2 Orb Walkers","floor":42,"turns":2},{"damage":3,"enemies":"Giant Head","floor":47,"turns":4},{"damage":6,"floor":48,"turns":1},{"damage":80,"enemies":"Awakened One","floor":50,"turns":7}],"seed_played":"8511490027528505136","potions_obtained":[{"floor":1,"key":"FearPotion"},{"floor":4,"key":"Fire Potion"},{"floor":7,"key":"PowerPotion"},{"floor":8,"key":"Poison Potion"},{"floor":11,"key":"PowerPotion"},{"floor":12,"key":"LiquidBronze"},{"floor":18,"key":"EssenceOfSteel"},{"floor":24,"key":"Energy Potion"},{"floor":30,"key":"Explosive Potion"},{"floor":33,"key":"FearPotion"},{"floor":40,"key":"BloodPotion"},{"floor":42,"key":"Regen Potion"},{"floor":48,"key":"Regen Potion"}],"is_trial":false,"path_per_floor":["M","M","$","M","M","R","E","M","T","E","M","M","?","?","R","B",null,"M","?","$","?","T","R","E","R","T","R","?","?","E","?","R","B",null,"M","M","$","?","M","E","R","E","T","R","?","R","E","?","R","B"],"character_chosen":"IRONCLAD","items_purchased":["Limit Break"],"campfire_rested":6,"item_purchase_floors":[20],"current_hp_per_floor":[60,54,54,59,54,54,49,51,58,30,37,33,15,37,64,38,93,57,39,39,23,23,52,22,51,51,80,80,80,46,46,75,62,98,82,84,84,79,70,68,98,100,100,100,100,100,101,101,101,66],"gold":202,"neow_bonus":"REMOVE_TWO","is_prod":false,"is_daily":false,"chose_seed":false,"campfire_upgraded":4,"win_rate":0,"timestamp":1534398756,"path_taken":["M","M","$","M","M","R","E","M","T","E","M","M","?","?","R","BOSS","M","?","$","?","?","R","E","R","T","R","?","?","E","?","R","BOSS","M","M","$","?","M","E","R","E","T","R","?","R","E","?","R","BOSS"],"build_version":"2018-08-09","purchased_purges":3,"victory":true,"max_hp_per_floor":[80,80,80,80,80,80,80,80,87,87,90,90,90,90,90,93,93,93,98,98,98,98,98,98,98,98,98,98,98,98,98,98,98,98,101,101,101,101,101,101,101,101,101,101,101,101,101,101,101,101],"card_choices":[{"not_picked":["Uppercut","Warcry"],"picked":"Second Wind","floor":1},{"not_picked":["Headbutt","Clash"],"picked":"Spot Weakness","floor":2},{"not_picked":["Thunderclap","Iron Wave"],"picked":"Flex","floor":4},{"not_picked":["Fire Breathing","Wild Strike"],"picked":"Iron Wave","floor":5},{"not_picked":["Sever Soul","Intimidate","Second Wind"],"picked":"SKIP","floor":7},{"not_picked":["Dual Wield","Shrug It Off"],"picked":"Feed","floor":8},{"not_picked":["Anger","Sever Soul"],"picked":"Whirlwind","floor":10},{"not_picked":["Seeing Red","Dropkick"],"picked":"Sword Boomerang","floor":11},{"not_picked":["Perfected Strike","Body Slam"],"picked":"Iron Wave","floor":12},{"not_picked":["Barricade","Dark Embrace"],"picked":"Demon Form","floor":16},{"not_picked":["Blood for Blood","True Grit"],"picked":"Headbutt","floor":18},{"not_picked":["Shockwave","Body Slam"],"picked":"Flex+1","floor":24},{"not_picked":["Wild Strike+1","Juggernaut"],"picked":"Rage","floor":30},{"not_picked":["Feed+1","Juggernaut"],"picked":"Bludgeon+1","floor":33},{"not_picked":["Clothesline+1","Havoc+1"],"picked":"Rage+1","floor":35},{"not_picked":["Power Through+1","Armaments","Pommel Strike+1"],"picked":"SKIP","floor":36},{"not_picked":["Panacea","Jack Of All Trades"],"picked":"Madness","floor":38},{"not_picked":["Master of Strategy","Jack Of All Trades"],"picked":"Dark Shackles","floor":38},{"not_picked":["Thunderclap+1","Sword Boomerang+1","Second Wind"],"picked":"SKIP","floor":39},{"not_picked":["Searing Blow+1","Shockwave+1"],"picked":"Whirlwind+1","floor":40},{"not_picked":["Cleave+1","Combust","Evolve"],"picked":"SKIP","floor":42},{"not_picked":["Hemokinesis+1","Battle Trance+1","Thunderclap+1","Sword Boomerang+1"],"picked":"SKIP","floor":47}],"player_experience":625593,"relics_obtained":[{"floor":7,"key":"Juzu Bracelet"},{"floor":9,"key":"Strawberry"},{"floor":10,"key":"Oddly Smooth Stone"},{"floor":21,"key":"Necronomicon"},{"floor":22,"key":"Boot"},{"floor":24,"key":"Meat on the Bone"},{"floor":24,"key":"Molten Egg 2"},{"floor":26,"key":"Pen Nib"},{"floor":30,"key":"Bag of Preparation"},{"floor":30,"key":"Orichalcum"},{"floor":40,"key":"Pantograph"},{"floor":40,"key":"Blue Candle"},{"floor":42,"key":"Question Card"},{"floor":42,"key":"Ornamental Fan"},{"floor":43,"key":"Self Forming Clay"},{"floor":47,"key":"Bag of Marbles"},{"floor":47,"key":"Art of War"},{"floor":48,"key":"Champion Belt"}],"event_choices":[{"event_name":"Scrap Ooze","player_choice":"success","floor":13,"damage_taken":18},{"event_name":"The Cleric","player_choice":"Healed","floor":14,"damage_taken":0},{"event_name":"Forgotten Altar","player_choice":"Shed Blood","floor":19,"damage_taken":0},{"event_name":"Cursed Tome","player_choice":"Obtained Book","floor":21,"damage_taken":0},{"event_name":"Masked Bandits","player_choice":"Paid Fearfully","floor":28,"damage_taken":0},{"event_name":"Ghosts","player_choice":"Ignored","floor":29,"damage_taken":0},{"event_name":"Vampires","player_choice":"Became a vampire (Vial)","floor":31,"damage_taken":0},{"event_name":"SensoryStone","player_choice":"Memory 2","floor":38,"damage_taken":0},{"event_name":"Falling","player_choice":"Removed Attack","floor":45,"damage_taken":0},{"event_name":"Mysterious Sphere","player_choice":"Fight","floor":48,"damage_taken":0}],"is_beta":false,"boss_relics":[{"not_picked":["Ectoplasm","Runic Cube"],"picked":"Black Star"},{"not_picked":["Orrery","Astrolabe"],"picked":"Velvet Choker"}],"items_purged_floors":[3,20,37],"is_endless":false,"potions_floor_spawned":[1,4,7,8,11,12,18,24,30,33,40,42,48],"ascension_level":1}