{"gold_per_floor":[366,366,381,117,117,117,147,186,186,186,186,196,239,274,274,397,397,436,78,58,125,125,178,178,220,245,262,262,324,363,395,395,490,490,555,555,3,14,56,56,89,107,130,130,57,57],"floor_reached":46,"playtime":2224,"items_purged":["Regret","Strike_B","Defend_B","Defend_B"],"score":679,"play_id":"59df462b-b830-4678-9313-df91db5bca6f","local_time":"20181030023608","is_ascension_mode":true,"campfire_choices":[{"floor":6,"key":"REST"},{"data":"HandOfGreed","floor":11,"key":"SMITH"},{"data":"Dualcast","floor":15,"key":"SMITH"},{"floor":24,"key":"REST"},{"floor":28,"key":"REST"},{"floor":32,"key":"REST"},{"floor":40,"key":"REST"},{"floor":44,"key":"REST"}],"neow_cost":"CURSE","seed_source_timestamp":1306644345100,"circlet_count":0,"master_deck":["Strike_B","Strike_B+1","Defend_B+1","Zap","Dualcast+1","Conserve Battery","FTL","HandOfGreed+1","Steam","Rebound","Self Repair","FTL","Echo Form","Self Repair","Metamorphosis","White Noise","Storm","Thunder Strike","Madness","Madness+1","Capacitor","White Noise","Magnetism","Parasite","Hologram+1","Conserve Battery+1","Compile Driver"],"relics":["FrozenCore","Matryoshka","Mercury Hourglass","Singing Bowl","Busted Crown","Bag of Preparation","PreservedInsect","Smiling Mask","Thread and Needle","Runic Capacitor","Art of War","War Paint"],"potions_floor_usage":[23,25,27,30,31,38,41],"damage_taken":[{"damage":6,"enemies":"Jaw Worm","floor":1,"turns":4},{"damage":0,"enemies":"2 Louse","floor":3,"turns":1},{"damage":0,"enemies":"Cultist","floor":7,"turns":2},{"damage":0,"enemies":"Exordium Wildlife","floor":8,"turns":3},{"damage":0,"enemies":"3 Louse","floor":12,"turns":3},{"damage":0,"enemies":"2 Fungi Beasts","floor":13,"turns":3},{"damage":14,"enemies":"Exordium Thugs","floor":14,"turns":4},{"damage":25,"enemies":"The Guardian","floor":16,"turns":13},{"damage":1,"enemies":"Chosen","floor":18,"turns":3},{"damage":16,"enemies":"3 Byrds","floor":21,"turns":4},{"damage":43,"enemies":"Slavers","floor":23,"turns":3},{"damage":22,"enemies":"Cultist and Chosen","floor":25,"turns":6},{"damage":32,"enemies":"Snecko","floor":27,"turns":4},{"damage":16,"enemies":"Centurion and Healer","floor":29,"turns":5},{"damage":6,"enemies":"Sentry and Sphere","floor":30,"turns":3},{"damage":23,"enemies":"Book of Stabbing","floor":31,"turns":4},{"damage":66,"enemies":"Champ","floor":33,"turns":8},{"damage":19,"enemies":"3 Shapes","floor":35,"turns":3},{"damage":25,"enemies":"3 Darklings","floor":38,"turns":8},{"damage":25,"enemies":"Writhing Mass","floor":39,"turns":5},{"damage":39,"enemies":"Nemesis","floor":41,"turns":5},{"damage":19,"enemies":"Sphere and 2 Shapes","floor":42,"turns":3},{"damage":71,"enemies":"Reptomancer","floor":46,"turns":6}],"seed_played":"-1569995134082869552","potions_obtained":[{"floor":7,"key":"FocusPotion"},{"floor":12,"key":"Explosive Potion"},{"floor":20,"key":"Strength Potion"},{"floor":23,"key":"Weak Potion"},{"floor":25,"key":"AttackPotion"},{"floor":30,"key":"FairyPotion"},{"floor":35,"key":"PowerPotion"},{"floor":39,"key":"AttackPotion"}],"is_trial":false,"path_per_floor":["M","?","M","$","?","R","M","M","T","?","R","M","M","M","R","B",null,"M","$","?","M","?","E","R","M","T","M","R","M","M","E","R","B",null,"M","?","$","M","M","R","E","M","T","R","$"],"character_chosen":"DEFECT","items_purchased":["HandOfGreed","Metamorphosis","White Noise","Capacitor","White Noise","Magnetism","Runic Capacitor","Compile Driver"],"campfire_rested":6,"item_purchase_floors":[4,19,19,37,37,37,37,45],"current_hp_per_floor":[62,55,55,55,37,59,59,59,59,44,44,44,53,46,46,28,65,77,77,77,70,70,29,53,52,52,36,60,67,70,56,82,30,74,64,53,53,37,35,63,38,26,26,54,54,0],"gold":57,"neow_bonus":"TWO_FIFTY_GOLD","is_prod":false,"is_daily":false,"chose_seed":false,"campfire_upgraded":2,"win_rate":0,"timestamp":1540881368,"path_taken":["M","?","M","$","?","R","M","M","T","?","R","M","M","?","R","BOSS","M","$","?","M","?","E","R","M","T","M","R","M","M","E","R","BOSS","M","?","$","?","M","R","E","M","T","R","$","E"],"build_version":"2018-10-25v2","purchased_purges":4,"victory":false,"max_hp_per_floor":[75,75,75,75,75,75,75,75,75,75,75,75,77,77,77,77,77,77,77,77,79,79,81,81,81,81,83,83,85,87,89,89,89,89,91,91,91,93,95,95,95,95,95,95,95,95],"card_choices":[{"not_picked":["Go for the Eyes","Stack"],"picked":"Conserve Battery","floor":1},{"not_picked":["Chill","Glacier"],"picked":"FTL","floor":3},{"not_picked":["Stack","Lockon"],"picked":"Steam","floor":7},{"not_picked":["Seek","Redo"],"picked":"Rebound","floor":8},{"not_picked":["Chill","Consume"],"picked":"Self Repair","floor":12},{"not_picked":["Rebound","Redo","Steam"],"picked":"Singing Bowl","floor":13},{"not_picked":["Sunder","Chill"],"picked":"FTL","floor":14},{"not_picked":["Amplify","Multi-Cast"],"picked":"Echo Form","floor":16},{"not_picked":[],"picked":"Self Repair","floor":18},{"not_picked":["Steam"],"picked":"Singing Bowl","floor":21},{"not_picked":["Cold Snap"],"picked":"Singing Bowl","floor":23},{"not_picked":[],"picked":"Storm","floor":25},{"not_picked":["Beam Cell"],"picked":"Singing Bowl","floor":27},{"not_picked":["Darkness"],"picked":"Singing Bowl","floor":29},{"not_picked":["Gash"],"picked":"Singing Bowl","floor":30},{"not_picked":["Sweeping Beam"],"picked":"Singing Bowl","floor":31},{"not_picked":[],"picked":"Thunder Strike","floor":33},{"not_picked":["Redo"],"picked":"Singing Bowl","floor":35},{"not_picked":["Self Repair"],"picked":"Singing Bowl","floor":38},{"not_picked":["Genetic Algorithm+1"],"picked":"Singing Bowl","floor":39},{"not_picked":[],"picked":"Hologram","floor":41},{"not_picked":[],"picked":"Conserve Battery+1","floor":42}],"player_experience":1514343,"relics_obtained":[{"floor":9,"key":"Mercury Hourglass"},{"floor":9,"key":"Singing Bowl"},{"floor":23,"key":"Bag of Preparation"},{"floor":26,"key":"PreservedInsect"},{"floor":26,"key":"Smiling Mask"},{"floor":31,"key":"Thread and Needle"},{"floor":41,"key":"Art of War"},{"floor":43,"key":"War Paint"}],"event_choices":[{"cards_removed":["Strike_B"],"damage_healed":0,"gold_gain":0,"player_choice":"Card Removal","damage_taken":7,"max_hp_gain":0,"max_hp_loss":0,"event_name":"Golden Wing","floor":2,"gold_loss":0},{"damage_healed":0,"gold_gain":0,"player_choice":"Success","damage_taken":18,"relics_obtained":["Matryoshka"],"max_hp_gain":0,"max_hp_loss":0,"event_name":"Scrap Ooze","floor":5,"gold_loss":0},{"damage_healed":0,"gold_gain":0,"player_choice":"Entered Light","damage_taken":15,"max_hp_gain":0,"max_hp_loss":0,"event_name":"Shining Light","floor":10,"gold_loss":0,"cards_upgraded":["Defend_B","Strike_B"]},{"damage_healed":0,"gold_gain":0,"player_choice":"Bought 1 Potion","damage_taken":0,"max_hp_gain":0,"max_hp_loss":0,"event_name":"The Woman in Blue","floor":20,"gold_loss":0},{"cards_removed":["Defend_B"],"damage_healed":0,"gold_gain":0,"player_choice":"Elegance","damage_taken":0,"max_hp_gain":0,"max_hp_loss":0,"event_name":"Back to Basics","floor":22,"gold_loss":0},{"damage_healed":0,"gold_gain":0,"player_choice":"Embrace Madness","damage_taken":11,"max_hp_gain":0,"max_hp_loss":0,"event_name":"Winding Halls","floor":36,"gold_loss":0,"cards_obtained":["Madness","Madness"]}],"is_beta":false,"boss_relics":[{"not_picked":["Lizard Tail","Coffee Dripper"],"picked":"Busted Crown"},{"not_picked":["Cursed Key","Snecko Eye"],"picked":"FrozenCore"}],"items_purged_floors":[4,19,37,45],"is_endless":false,"potions_floor_spawned":[7,12,21,23,25,30,35,39],"killed_by":"Reptomancer","ascension_level":6}