{"gold_per_floor":[12,12,0,19,19,19,19,19,19,37,37,50,61,78,78,157,157,173,190,0,0],"floor_reached":21,"playtime":679,"items_purged":[],"score":308,"play_id":"95493fb9-702a-4b26-b0b3-f8931a8e7815","local_time":"20190520213438","is_ascension_mode":true,"campfire_choices":[{"data":"True Grit","floor":6.0,"key":"SMITH"},{"data":"Bash","floor":8.0,"key":"SMITH"},{"data":"Inflame","floor":11.0,"key":"SMITH"},{"data":"Shrug It Off","floor":15.0,"key":"SMITH"}],"neow_cost":"NO_GOLD","seed_source_timestamp":376985071599263,"circlet_count":0,"master_deck":["AscendersBane","Strike_R","Strike_R","Strike_R+1","Strike_R","Defend_R+1","Defend_R","Defend_R","Defend_R","Bash+1","Inflame+1","True Grit+1","Shrug It Off+1","Feed","Dual Wield+1"],"special_seed":0,"relics":["Burning Blood","Charon\u0027s Ashes","Pen Nib","Mark of Pain"],"potions_floor_usage":[],"damage_taken":[{"damage":15.0,"enemies":"Small Slimes","floor":1.0,"turns":4.0},{"damage":1.0,"enemies":"Jaw Worm","floor":4.0,"turns":5.0},{"damage":1.0,"enemies":"2 Louse","floor":10.0,"turns":3.0},{"damage":9.0,"enemies":"2 Fungi Beasts","floor":12.0,"turns":3.0},{"damage":0.0,"enemies":"Blue Slaver","floor":13.0,"turns":4.0},{"damage":13.0,"enemies":"Exordium Wildlife","floor":14.0,"turns":5.0},{"damage":20.0,"enemies":"The Guardian","floor":16.0,"turns":14.0},{"damage":7.0,"enemies":"3 Byrds","floor":18.0,"turns":6.0},{"damage":23.0,"enemies":"Shell Parasite","floor":19.0,"turns":6.0},{"damage":52,"enemies":"Sentry and Sphere","floor":21,"turns":7}],"seed_played":"7827201700297669797","potions_obtained":[{"floor":10.0,"key":"SpeedPotion"},{"floor":12.0,"key":"Fruit Juice"},{"floor":16.0,"key":"Strength Potion"},{"floor":18.0,"key":"Strength Potion"}],"is_trial":false,"path_per_floor":["M","?","?","M","?","R","?","R","T","M","R","M","M","M","R","B",null,"M","M","?","M"],"character_chosen":"IRONCLAD","items_purchased":[],"campfire_rested":0,"item_purchase_floors":[],"current_hp_per_floor":[59,52,52,57,34,34,34,34,34,39,39,41,47,40,40,26,67,66,52,52,0],"gold":0,"neow_bonus":"ONE_RARE_RELIC","is_prod":false,"is_daily":false,"chose_seed":false,"campfire_upgraded":4,"win_rate":0,"timestamp":1558359278,"path_taken":["M","?","?","M","?","R","?","R","T","M","R","M","M","?","R","BOSS","M","M","?","M"],"build_version":"2019-01-23","purchased_purges":0,"victory":false,"max_hp_per_floor":[75,75,75,75,75,75,75,75,75,75,75,80,80,80,80,80,80,80,83,83,83],"card_choices":[{"not_picked":["Headbutt","Intimidate"],"picked":"Inflame","floor":1.0},{"not_picked":["Infernal Blade","Hemokinesis"],"picked":"True Grit","floor":4.0},{"not_picked":["Perfected Strike","Sever Soul","Dropkick"],"picked":"SKIP","floor":10.0},{"not_picked":["Headbutt","Clash","Hemokinesis"],"picked":"SKIP","floor":12.0},{"not_picked":["Armaments","Perfected Strike","Barricade"],"picked":"SKIP","floor":13.0},{"not_picked":["Uppercut","Cleave"],"picked":"Shrug It Off","floor":14.0},{"not_picked":["Impervious","Berserk"],"picked":"Feed","floor":16.0},{"not_picked":["Rage","Wild Strike","Clash"],"picked":"SKIP","floor":18.0},{"not_picked":["Power Through","Inflame"],"picked":"Dual Wield+1","floor":19.0}],"player_experience":547618,"relics_obtained":[{"floor":9.0,"key":"Pen Nib"}],"event_choices":[{"cards_removed":["Strike_R"],"damage_healed":0.0,"max_hp_gain":0.0,"max_hp_loss":0.0,"gold_gain":0.0,"event_name":"Golden Wing","player_choice":"Card Removal","floor":2.0,"gold_loss":0.0,"damage_taken":7.0},{"damage_healed":0.0,"max_hp_gain":0.0,"max_hp_loss":0.0,"gold_gain":0.0,"event_name":"World of Goop","player_choice":"Left Gold","floor":3.0,"gold_loss":12.0,"damage_taken":0.0},{"damage_healed":0.0,"max_hp_gain":0.0,"max_hp_loss":0.0,"gold_gain":0.0,"event_name":"Shining Light","player_choice":"Entered Light","floor":5.0,"gold_loss":0.0,"damage_taken":23.0,"cards_upgraded":["Defend_R","Strike_R"]},{"damage_healed":0.0,"max_hp_gain":0.0,"max_hp_loss":0.0,"gold_gain":0.0,"event_name":"The Cleric","player_choice":"Leave","floor":7.0,"gold_loss":0.0,"damage_taken":0.0},{"damage_healed":0,"gold_gain":0,"player_choice":"Paid Fearfully","damage_taken":0,"max_hp_gain":0,"max_hp_loss":0,"event_name":"Masked Bandits","floor":20,"gold_loss":190}],"is_beta":false,"boss_relics":[{"not_picked":["Fusion Hammer","Pandora\u0027s Box"],"picked":"Mark of Pain"}],"items_purged_floors":[],"is_endless":false,"potions_floor_spawned":[10,12,16,18],"killed_by":"Sentry and Sphere","ascension_level":16}