{"gold_per_floor":[114,39,39,114,114,145,145,145,169,209,229,229,379,397,397,491,491,511,511,511,532,307,351,351],"floor_reached":24,"playtime":9749,"items_purged":["Strike_G","Doubt"],"score":590,"play_id":"202dcb9f-efb4-47a0-993e-6a8430803098","local_time":"20190516213042","is_ascension_mode":true,"campfire_choices":[{"floor":8,"key":"REST"},{"data":"Deadly Poison","floor":12,"key":"SMITH"},{"data":"Neutralize","floor":15,"key":"SMITH"}],"neow_cost":"NONE","seed_source_timestamp":2177084317277155,"circlet_count":0,"master_deck":["AscendersBane","Defend_G","Defend_G","Defend_G","Defend_G","Defend_G","Strike_G","Strike_G","Survivor","Neutralize+1","Blur","Cloak And Dagger","Deadly Poison+1","Well Laid Plans","Night Terror","Catalyst","Writhe","Masterful Stab","Underhanded Strike","Backflip+1","Leg Sweep","Escape Plan","Footwork"],"relics":["Ring of the Snake","NeowsBlessing","Golden Idol","Boot","Anchor","PreservedInsect","Incense Burner","Coffee Dripper","Ice Cream","Omamori"],"potions_floor_usage":[16,24,24],"damage_taken":[{"damage":0,"enemies":"Cultist","floor":1,"turns":1},{"damage":0,"enemies":"Gremlin Nob","floor":6,"turns":1},{"damage":0,"enemies":"3 Sentries","floor":10,"turns":2},{"damage":0,"enemies":"2 Louse","floor":11,"turns":2},{"damage":0,"enemies":"Small Slimes","floor":14,"turns":3},{"damage":23,"enemies":"The Guardian","floor":16,"turns":14},{"damage":17,"enemies":"Spheric Guardian","floor":18,"turns":5},{"damage":0,"enemies":"Chosen","floor":21,"turns":3},{"damage":0,"enemies":"Book of Stabbing","floor":23,"turns":6},{"damage":50,"enemies":"3 Cultists","floor":24,"turns":5}],"seed_played":"-3167772685722196087","potions_obtained":[{"floor":1,"key":"Block Potion"},{"floor":11,"key":"Regen Potion"},{"floor":16,"key":"EssenceOfSteel"},{"floor":23,"key":"PowerPotion"}],"is_trial":false,"path_per_floor":["M","$","$","?","?","E","?","R","T","E","M","R","?","M","R","B",null,"M","?","?","M","$","E","M"],"character_chosen":"THE_SILENT","items_purchased":["Leg Sweep","Escape Plan"],"campfire_rested":1,"item_purchase_floors":[22,22],"current_hp_per_floor":[59,59,59,48,25,25,14,33,33,33,33,33,33,33,33,25,56,39,39,39,39,39,39,0],"gold":351,"neow_bonus":"THREE_ENEMY_KILL","is_prod":false,"is_daily":false,"chose_seed":false,"campfire_upgraded":2,"win_rate":0,"timestamp":1558035042,"path_taken":["M","?","$","?","?","E","?","R","T","E","?","R","?","M","R","BOSS","M","?","?","M","$","E","M"],"build_version":"2019-05-07","purchased_purges":2,"victory":false,"max_hp_per_floor":[66,66,66,66,66,66,66,66,66,66,66,66,66,66,66,66,66,66,66,66,66,66,66,66],"card_choices":[{"not_picked":["Skewer","Accuracy"],"picked":"Blur","floor":1},{"not_picked":["Choke","Well Laid Plans"],"picked":"Cloak And Dagger","floor":6},{"not_picked":["Bane","Blade Dance"],"picked":"Deadly Poison","floor":10},{"not_picked":["Terror","Quick Slash","Grand Finale"],"picked":"SKIP","floor":11},{"not_picked":["Distraction","Underhanded Strike"],"picked":"Well Laid Plans","floor":14},{"not_picked":["Wraith Form v2","Glass Knife"],"picked":"Night Terror","floor":16},{"not_picked":["Dagger Spray+1","Well Laid Plans"],"picked":"Catalyst","floor":18},{"not_picked":["Outmaneuver","Prepared"],"picked":"Backflip+1","floor":21},{"not_picked":["Slice","Reflex+1"],"picked":"Footwork","floor":23}],"player_experience":1994524,"relics_obtained":[{"floor":6,"key":"Boot"},{"floor":9,"key":"PreservedInsect"},{"floor":10,"key":"Incense Burner"},{"floor":23,"key":"Omamori"}],"event_choices":[{"damage_healed":0,"gold_gain":75,"player_choice":"Gather Gold","damage_taken":11,"max_hp_gain":0,"max_hp_loss":0,"event_name":"World of Goop","floor":4,"gold_loss":0},{"damage_healed":0,"gold_gain":0,"player_choice":"Take Damage","damage_taken":23,"relics_obtained":["Golden Idol"],"max_hp_gain":0,"max_hp_loss":0,"event_name":"Golden Idol","floor":5,"gold_loss":0},{"damage_healed":0,"gold_gain":0,"player_choice":"Success","damage_taken":11,"relics_obtained":["Anchor"],"max_hp_gain":0,"max_hp_loss":0,"event_name":"Scrap Ooze","floor":7,"gold_loss":0},{"damage_healed":0,"gold_gain":150,"player_choice":"AGREE","damage_taken":0,"max_hp_gain":0,"max_hp_loss":0,"event_name":"Liars Game","floor":13,"gold_loss":0,"cards_obtained":["Doubt"]},{"damage_healed":0,"gold_gain":0,"player_choice":"Opened","damage_taken":0,"relics_obtained":["Ice Cream"],"max_hp_gain":0,"max_hp_loss":0,"event_name":"The Mausoleum","floor":19,"gold_loss":0,"cards_obtained":["Writhe"]},{"damage_healed":0,"gold_gain":0,"cards_transformed":["Strike_G","Strike_G"],"player_choice":"Became Test Subject","damage_taken":0,"max_hp_gain":0,"max_hp_loss":0,"event_name":"Drug Dealer","floor":20,"gold_loss":0,"cards_obtained":["Masterful Stab","Underhanded Strike"]}],"is_beta":true,"boss_relics":[{"not_picked":["Cursed Key","Tiny House"],"picked":"Coffee Dripper"}],"items_purged_floors":[2,22],"is_endless":false,"potions_floor_spawned":[1,11,14,16,18,23],"killed_by":"3 Cultists","ascension_level":20}