{"gold_per_floor":[112,128,128,27,42,71,71,82,107,126,126,51,51,81,81,155,155,166,123,123,135,35,35,35,35,58,58,91,14,48,48,48,123,123,143,153,153,153,165,165,195,195,195,220,220,236,270,344,344,344],"floor_reached":50,"playtime":2889,"items_purged":["Pain","Strike_G"],"score":1248,"play_id":"e1bd207c-2256-465c-9d0b-c688eb5da724","local_time":"20190516113915","is_ascension_mode":true,"campfire_choices":[{"data":"Footwork","floor":7,"key":"SMITH"},{"data":"Wraith Form v2","floor":11,"key":"SMITH"},{"data":"Caltrops","floor":15,"key":"SMITH"},{"data":"Dash","floor":23,"key":"SMITH"},{"floor":25,"key":"REST"},{"data":"Well Laid Plans","floor":32,"key":"SMITH"},{"data":"Footwork","floor":40,"key":"SMITH"},{"data":"Malaise","floor":42,"key":"SMITH"},{"data":"Night Terror","floor":45,"key":"SMITH"},{"floor":49,"key":"REST"}],"neow_cost":"NONE","seed_source_timestamp":2148514752901103,"circlet_count":0,"master_deck":["AscendersBane","Defend_G","Defend_G","Defend_G","Defend_G","Defend_G","Survivor","Neutralize","Caltrops+1","Footwork+1","Cloak And Dagger","Well Laid Plans+1","Dagger Spray","Wraith Form v2+1","Dodge and Roll","Night Terror+1","PiercingWail","Adrenaline","Ghostly","Ghostly","Ghostly","Dash+1","Caltrops+1","Footwork+1","Poisoned Stab+1","Malaise+1","Noxious Fumes+1","Flying Knee+1","Die Die Die+1","Finesse","Parasite","Blur","Escape Plan"],"relics":["Ring of the Snake","NeowsBlessing","WarpedTongs","Lantern","Dream Catcher","Potion Belt","Philosopher\u0027s Stone","PreservedInsect","Meat on the Bone","Orichalcum","Astrolabe","Bottled Flame","Nunchaku","Smiling Mask","Regal Pillow","Bottled Tornado"],"potions_floor_usage":[41,47,50,50,50],"damage_taken":[{"damage":0,"enemies":"2 Louse","floor":1,"turns":1},{"damage":0,"enemies":"Cultist","floor":2,"turns":1},{"damage":0,"enemies":"Jaw Worm","floor":5,"turns":1},{"damage":2,"enemies":"3 Sentries","floor":6,"turns":11},{"damage":1,"enemies":"Large Slime","floor":8,"turns":8},{"damage":1,"enemies":"2 Fungi Beasts","floor":10,"turns":3},{"damage":26,"enemies":"Lagavulin","floor":14,"turns":12},{"damage":10,"enemies":"The Guardian","floor":16,"turns":13},{"damage":9,"enemies":"Spheric Guardian","floor":18,"turns":7},{"damage":18,"enemies":"2 Thieves","floor":19,"turns":5},{"damage":8,"enemies":"Snake Plant","floor":21,"turns":8},{"damage":0,"enemies":"Slavers","floor":28,"turns":7},{"damage":5,"enemies":"Gremlin Leader","floor":30,"turns":7},{"damage":1,"enemies":"Automaton","floor":33,"turns":19},{"damage":0,"enemies":"3 Shapes","floor":35,"turns":8},{"damage":1,"enemies":"3 Darklings","floor":36,"turns":6},{"damage":0,"enemies":"Writhing Mass","floor":39,"turns":8},{"damage":7,"enemies":"Reptomancer","floor":41,"turns":7},{"damage":4,"enemies":"Giant Head","floor":44,"turns":11},{"damage":0,"enemies":"Maw","floor":46,"turns":10},{"damage":0,"enemies":"Reptomancer","floor":47,"turns":6},{"damage":59,"enemies":"Awakened One","floor":50,"turns":18}],"seed_played":"5866468492000991356","potions_obtained":[{"floor":1,"key":"EssenceOfSteel"},{"floor":2,"key":"SpeedPotion"},{"floor":16,"key":"GhostInAJar"},{"floor":19,"key":"GamblersBrew"},{"floor":28,"key":"Explosive Potion"},{"floor":44,"key":"Swift Potion"},{"floor":47,"key":"EssenceOfSteel"}],"is_trial":false,"path_per_floor":["M","M","?","$","M","E","R","M","T","M","R","?","$","E","R","B",null,"M","M","?","M","$","R","?","R","T","?","E","$","E","$","R","B",null,"M","M","?","$","M","R","E","R","T","E","R","M","E","T","R","B"],"character_chosen":"THE_SILENT","items_purchased":["Cloak And Dagger","Footwork"],"campfire_rested":2,"item_purchase_floors":[4,29],"current_hp_per_floor":[59,59,59,59,59,57,57,56,56,55,55,55,55,29,29,19,54,45,27,27,19,19,19,12,23,23,23,23,23,30,30,30,29,36,36,35,35,35,35,35,28,28,28,24,24,24,24,24,38,0],"gold":344,"neow_bonus":"THREE_ENEMY_KILL","is_prod":false,"is_daily":false,"chose_seed":false,"campfire_upgraded":8,"win_rate":0,"timestamp":1557999555,"path_taken":["M","M","?","$","?","E","R","M","T","M","R","?","$","E","R","BOSS","M","M","?","M","$","R","?","R","T","?","E","?","E","?","R","BOSS","M","?","?","$","M","R","E","R","T","E","R","M","E","?","R","BOSS"],"build_version":"2019-05-07","purchased_purges":2,"victory":false,"max_hp_per_floor":[66,66,66,66,66,66,66,66,66,66,66,66,66,66,66,66,66,66,66,33,33,33,33,38,38,38,38,38,38,38,38,38,38,38,38,38,38,38,38,38,38,38,38,38,38,38,38,38,38,38],"card_choices":[{"not_picked":["Blade Dance","Expertise"],"picked":"Caltrops","floor":1},{"not_picked":["Sucker Punch","Escape Plan"],"picked":"Footwork","floor":2},{"not_picked":["Quick Slash","Dagger Throw"],"picked":"Well Laid Plans","floor":5},{"not_picked":["Acrobatics","Backflip"],"picked":"Dagger Spray","floor":6},{"not_picked":["Dagger Spray","Prepared","Bane"],"picked":"SKIP","floor":8},{"not_picked":["Accuracy","Deadly Poison"],"picked":"Wraith Form v2","floor":10},{"not_picked":["Deadly Poison","Dagger Spray"],"picked":"Dodge and Roll","floor":14},{"not_picked":["Burst","Storm of Steel"],"picked":"Night Terror","floor":16},{"not_picked":["Blade Dance","Skewer"],"picked":"PiercingWail","floor":18},{"not_picked":["Bane","Deflect"],"picked":"Adrenaline","floor":19},{"not_picked":["Setup","Poisoned Stab"],"picked":"Dash","floor":21},{"not_picked":["Heel Hook","Expertise"],"picked":"Caltrops+1","floor":28},{"not_picked":["Tactician+1","Deadly Poison"],"picked":"Poisoned Stab+1","floor":30},{"not_picked":["After Image","Venomology"],"picked":"Malaise","floor":33},{"not_picked":["Cloak And Dagger+1","Outmaneuver+1","Accuracy"],"picked":"SKIP","floor":35},{"not_picked":["Skewer","All Out Attack","Infinite Blades"],"picked":"SKIP","floor":36},{"not_picked":["Panache","Metamorphosis"],"picked":"Finesse","floor":37},{"not_picked":["Deflect+1","Blade Dance+1"],"picked":"Blur","floor":39},{"not_picked":["Predator","Dagger Throw+1","Cloak And Dagger"],"picked":"SKIP","floor":41},{"not_picked":["Poisoned Stab","PiercingWail","A Thousand Cuts"],"picked":"SKIP","floor":44},{"not_picked":["Dash","Poisoned Stab","Quick Slash"],"picked":"SKIP","floor":46},{"not_picked":["Backstab","Glass Knife"],"picked":"Escape Plan","floor":47}],"player_experience":1967567,"relics_obtained":[{"floor":6,"key":"Lantern"},{"floor":9,"key":"Dream Catcher"},{"floor":14,"key":"Potion Belt"},{"floor":26,"key":"PreservedInsect"},{"floor":28,"key":"Meat on the Bone"},{"floor":30,"key":"Orichalcum"},{"floor":41,"key":"Bottled Flame"},{"floor":43,"key":"Nunchaku"},{"floor":44,"key":"Smiling Mask"},{"floor":47,"key":"Regal Pillow"},{"floor":48,"key":"Bottled Tornado"}],"event_choices":[{"damage_healed":0,"gold_gain":0,"player_choice":"Rummage","damage_taken":0,"relics_obtained":["WarpedTongs"],"max_hp_gain":0,"max_hp_loss":0,"event_name":"Accursed Blacksmith","floor":3,"gold_loss":0,"cards_obtained":["Pain"]},{"cards_removed":["Strike_G"],"damage_healed":0,"gold_gain":0,"player_choice":"Card Removal","damage_taken":0,"max_hp_gain":0,"max_hp_loss":0,"event_name":"The Cleric","floor":12,"gold_loss":75},{"damage_healed":0,"gold_gain":0,"player_choice":"Became a Ghost","damage_taken":0,"max_hp_gain":0,"max_hp_loss":33,"event_name":"Ghosts","floor":20,"gold_loss":0,"cards_obtained":["Ghostly","Ghostly","Ghostly"]},{"damage_healed":0,"gold_gain":0,"player_choice":"Shed Blood","damage_taken":12,"max_hp_gain":5,"max_hp_loss":0,"event_name":"Forgotten Altar","floor":24,"gold_loss":0},{"damage_healed":0,"gold_gain":0,"player_choice":"Ignored","damage_taken":0,"max_hp_gain":0,"max_hp_loss":0,"event_name":"Cursed Tome","floor":27,"gold_loss":0},{"damage_healed":0,"gold_gain":0,"player_choice":"Memory 1","damage_taken":0,"max_hp_gain":0,"max_hp_loss":0,"event_name":"SensoryStone","floor":37,"gold_loss":0}],"is_beta":true,"boss_relics":[{"not_picked":["Pandora\u0027s Box","Sozu"],"picked":"Philosopher\u0027s Stone"},{"not_picked":["Lizard Tail","Fusion Hammer"],"picked":"Astrolabe"}],"items_purged_floors":[4,22],"is_endless":false,"potions_floor_spawned":[1,2,5,16,19,28,44,46,47],"killed_by":"Awakened One","ascension_level":20}