{"gold_per_floor":[118,43,43,43,66,66,99,25,71,71,84,97,97,97,97,97],"floor_reached":16,"playtime":607,"items_purged":["Strike_R"],"score":123,"play_id":"889cb3c0-f1f5-4750-8de5-7b3f3dde5a7b","local_time":"20180926003033","is_ascension_mode":true,"campfire_choices":[{"floor":10,"key":"REST"},{"floor":13,"key":"REST"},{"floor":15,"key":"REST"}],"neow_cost":"CURSE","seed_source_timestamp":607114032074200,"circlet_count":0,"master_deck":["Strike_R","Strike_R","Strike_R","Defend_R","Defend_R","Defend_R","Defend_R","Bash","Doubt","Combust","Body Slam","Exhume","Juggernaut","Inflame","Rupture"],"relics":["Burning Blood","WingedGreaves","Golden Idol","Unceasing Top","Blood Vial"],"potions_floor_usage":[16],"damage_taken":[{"damage":0,"enemies":"Small Slimes","floor":1,"turns":3},{"damage":4,"enemies":"2 Louse","floor":5,"turns":2},{"damage":46,"enemies":"3 Sentries","floor":7,"turns":7},{"damage":10,"enemies":"Cultist","floor":11,"turns":5},{"damage":42,"enemies":"Exordium Wildlife","floor":12,"turns":6},{"damage":60,"enemies":"The Guardian","floor":16,"turns":10}],"seed_played":"3400408315248949072","potions_obtained":[{"floor":1,"key":"FearPotion"}],"is_trial":false,"path_per_floor":["M","$","?","$","M","?","E","$","T","R","M","M","R","?","R"],"character_chosen":"IRONCLAD","items_purchased":["Inflame"],"campfire_rested":3,"item_purchase_floors":[8],"current_hp_per_floor":[80,80,60,60,62,62,22,22,22,46,44,10,34,34,58,0],"gold":97,"neow_bonus":"ONE_RARE_RELIC","is_prod":false,"is_daily":false,"chose_seed":false,"campfire_upgraded":0,"win_rate":0,"timestamp":1537936233,"path_taken":["M","$","?","$","M","?","E","$","T","R","?","M","R","?","R","BOSS"],"build_version":"2018-09-20","purchased_purges":1,"victory":false,"max_hp_per_floor":[80,80,80,80,80,80,80,80,80,80,80,80,80,80,80,80],"card_choices":[{"not_picked":["Body Slam","Feel No Pain"],"picked":"Combust","floor":1},{"not_picked":["Iron Wave","Clash"],"picked":"Body Slam","floor":5},{"not_picked":["Berserk","Thunderclap"],"picked":"Juggernaut","floor":7},{"not_picked":["Twin Strike","Body Slam","Perfected Strike"],"picked":"SKIP","floor":11},{"not_picked":["Pummel","Pommel Strike"],"picked":"Rupture","floor":12}],"player_experience":913671,"relics_obtained":[{"floor":7,"key":"Unceasing Top"},{"floor":9,"key":"Blood Vial"}],"event_choices":[{"event_name":"Golden Idol","player_choice":"Take Damage","floor":3,"damage_taken":0},{"event_name":"Living Wall","player_choice":"Change","floor":6,"damage_taken":0},{"event_name":"Liars Game","player_choice":"disagreed","floor":14,"damage_taken":0}],"is_beta":false,"boss_relics":[],"items_purged_floors":[2],"is_endless":false,"potions_floor_spawned":[1],"killed_by":"The Guardian","ascension_level":5}