{"gold_per_floor":[19,74,87,102,27,27,44,44,44,7,82,101,101,101,101,172,172,92,92,14,14,14,14],"floor_reached":23,"playtime":1524,"items_purged":[],"score":362,"play_id":"2dcdb824-f7f0-40d3-bda9-e694d6b6058d","local_time":"20190512183322","is_ascension_mode":true,"campfire_choices":[{"data":"Double Energy","floor":6,"key":"SMITH"},{"data":"Coolheaded","floor":8,"key":"SMITH"},{"data":"Conserve Battery","floor":13,"key":"SMITH"},{"data":"Loop","floor":15,"key":"SMITH"}],"neow_cost":"NO_GOLD","seed_source_timestamp":1829126898228108,"circlet_count":0,"master_deck":["AscendersBane","Strike_B","Strike_B","Defend_B+1","Defend_B","Defend_B","Defend_B","Zap","Dualcast","Leap+1","Conserve Battery+1","Double Energy+1","Coolheaded+1","Loop+1","Genetic Algorithm","Force Field","Core Surge","Compile Driver","Capacitor","Sweeping Beam","Compile Driver"],"relics":["Cracked Core","Ice Cream","War Paint","Bird Faced Urn","Ectoplasm"],"potions_floor_usage":[],"damage_taken":[{"damage":1,"enemies":"Cultist","floor":1,"turns":3},{"damage":10,"enemies":"2 Louse","floor":3,"turns":3},{"damage":1,"enemies":"Small Slimes","floor":4,"turns":3},{"damage":0,"enemies":"2 Fungi Beasts","floor":7,"turns":4},{"damage":17,"enemies":"Lots of Slimes","floor":12,"turns":4},{"damage":26,"enemies":"The Guardian","floor":16,"turns":18},{"damage":2,"enemies":"2 Thieves","floor":18,"turns":4},{"damage":3,"enemies":"Chosen","floor":19,"turns":7},{"damage":30,"enemies":"Centurion and Healer","floor":21,"turns":12},{"damage":17,"enemies":"Shelled Parasite and Fungi","floor":22,"turns":7},{"damage":21,"enemies":"Book of Stabbing","floor":23,"turns":5}],"seed_played":"7254094291703057120","potions_obtained":[{"floor":4,"key":"Poison Potion"},{"floor":16,"key":"EssenceOfSteel"},{"floor":22,"key":"Energy Potion"}],"is_trial":false,"path_per_floor":["M","T","M","M","?","R","M","R","T","$","?","M","R","?","R","B",null,"M","M","$","M","M","E"],"character_chosen":"DEFECT","items_purchased":["Loop","Capacitor"],"campfire_rested":0,"item_purchase_floors":[10,20],"current_hp_per_floor":[63,63,53,52,52,52,52,52,52,52,41,26,26,26,26,2,54,54,53,53,27,14,0],"gold":14,"neow_bonus":"ONE_RARE_RELIC","is_prod":false,"is_daily":false,"chose_seed":false,"campfire_upgraded":4,"win_rate":0,"timestamp":1557678802,"path_taken":["M","?","M","M","?","R","M","R","T","$","?","M","R","?","R","BOSS","M","M","?","M","M","E"],"build_version":"2019-05-07","purchased_purges":0,"victory":false,"max_hp_per_floor":[71,71,71,71,71,71,71,71,71,71,71,71,71,71,71,71,71,71,71,71,71,71,71],"card_choices":[{"not_picked":["Undo","Streamline"],"picked":"Leap","floor":1},{"not_picked":["Lockon","Hologram"],"picked":"Conserve Battery","floor":3},{"not_picked":["Turbo","FTL"],"picked":"Double Energy","floor":4},{"not_picked":["Hologram","Rebound"],"picked":"Coolheaded","floor":7},{"not_picked":["Skim","Steam"],"picked":"Genetic Algorithm","floor":12},{"not_picked":["Creative AI","Machine Learning"],"picked":"Core Surge","floor":16},{"not_picked":["Lockon","Hologram","Leap"],"picked":"SKIP","floor":18},{"not_picked":["Skim","Storm"],"picked":"Compile Driver","floor":19},{"not_picked":["Leap","Fusion"],"picked":"Sweeping Beam","floor":21},{"not_picked":["Recycle","Machine Learning"],"picked":"Compile Driver","floor":22}],"player_experience":1855547,"relics_obtained":[{"floor":2,"key":"War Paint"},{"floor":9,"key":"Bird Faced Urn"}],"event_choices":[{"cards_removed":["Strike_B"],"damage_healed":0,"gold_gain":0,"player_choice":"Card Removal","damage_taken":0,"max_hp_gain":0,"max_hp_loss":0,"event_name":"The Cleric","floor":5,"gold_loss":75},{"damage_healed":0,"gold_gain":75,"player_choice":"Gather Gold","damage_taken":11,"max_hp_gain":0,"max_hp_loss":0,"event_name":"World of Goop","floor":11,"gold_loss":0},{"damage_healed":0,"gold_gain":0,"cards_transformed":["Strike_B"],"player_choice":"Transformed","damage_taken":0,"max_hp_gain":0,"max_hp_loss":0,"event_name":"Transmorgrifier","floor":14,"gold_loss":0,"cards_obtained":["Force Field"]}],"is_beta":true,"boss_relics":[{"not_picked":["Tiny House","Busted Crown"],"picked":"Ectoplasm"}],"items_purged_floors":[],"is_endless":false,"potions_floor_spawned":[4,16,22],"killed_by":"Book of Stabbing","ascension_level":20}