{"gold_per_floor":[109,59,59,59,71,71,104,116,116,116,130,130],"floor_reached":12,"playtime":491,"items_purged":[],"score":86,"play_id":"c1276717-d930-4c14-b6fa-afcf1dc5297d","local_time":"20180902034851","is_ascension_mode":true,"campfire_choices":[{"data":"Armaments","floor":6,"key":"SMITH"},{"data":"Fire Breathing","floor":10,"key":"SMITH"}],"neow_cost":"CURSE","seed_source_timestamp":186792516144150,"circlet_count":0,"master_deck":["Strike_R","Strike_R","Strike_R","Strike_R","Defend_R","Defend_R","Defend_R","Defend_R","Bash","Clumsy","Fiend Fire+1","Pummel","Armaments+1","Evolve","Fire Breathing+1","Rupture"],"relics":["Burning Blood","Happy Flower","Matryoshka"],"potions_floor_usage":[12,12,12],"damage_taken":[{"damage":18,"enemies":"Small Slimes","floor":1,"turns":3},{"damage":7,"enemies":"2 Louse","floor":5,"turns":2},{"damage":26,"enemies":"3 Sentries","floor":7,"turns":10},{"damage":1,"enemies":"Cultist","floor":8,"turns":3},{"damage":28,"enemies":"Exordium Thugs","floor":11,"turns":5},{"damage":30,"enemies":"Lagavulin","floor":12,"turns":9}],"seed_played":"-3043692452694686377","potions_obtained":[{"floor":5,"key":"GamblersBrew"},{"floor":7,"key":"SpeedPotion"},{"floor":11,"key":"LiquidBronze"}],"is_trial":false,"path_per_floor":["M","?","$","?","M","R","E","M","T","R","M"],"character_chosen":"IRONCLAD","items_purchased":[],"campfire_rested":0,"item_purchase_floors":[],"current_hp_per_floor":[68,68,68,68,67,67,47,52,52,52,30,0],"gold":130,"neow_bonus":"THREE_RARE_CARDS","is_prod":false,"is_daily":false,"chose_seed":false,"campfire_upgraded":2,"win_rate":0,"timestamp":1535874531,"path_taken":["M","?","?","?","M","R","E","M","T","R","M","E"],"build_version":"2018-08-30","purchased_purges":0,"victory":false,"max_hp_per_floor":[80,80,80,80,80,80,80,80,80,80,80,80],"card_choices":[{"not_picked":["Double Tap","Reaper"],"picked":"Fiend Fire","floor":0},{"not_picked":["Body Slam","Perfected Strike"],"picked":"Pummel","floor":1},{"not_picked":["Havoc","Wild Strike"],"picked":"Armaments","floor":5},{"not_picked":["Sword Boomerang","Body Slam"],"picked":"Evolve","floor":7},{"not_picked":["Clash","Headbutt"],"picked":"Fire Breathing","floor":8},{"not_picked":["Heavy Blade","Sword Boomerang"],"picked":"Rupture","floor":11}],"player_experience":727949,"relics_obtained":[{"floor":7,"key":"Happy Flower"},{"floor":9,"key":"Matryoshka"}],"event_choices":[{"event_name":"The Cleric","player_choice":"Card Removal","floor":2,"damage_taken":0},{"event_name":"Upgrade Shrine","player_choice":"Upgraded","floor":4,"damage_taken":0}],"is_beta":false,"boss_relics":[],"items_purged_floors":[],"is_endless":false,"potions_floor_spawned":[5,7,11],"killed_by":"Lagavulin","ascension_level":2}