{"path_per_floor":["M","M","M","M","$","R","E","R","T","R","$","M","?","E","R","B",null,"M","$","M","$","?","R","M","R","T","E","M","R","M","E","R"],"character_chosen":"IRONCLAD","items_purchased":["Dropkick"],"gold_per_floor":[117,132,143,156,43,43,75,75,75,75,75,85,35,64,64,166,166,183,103,115,15,15,15,32,32,32,64,76,76,94,128,128],"floor_reached":33,"campfire_rested":2,"playtime":2002,"current_hp_per_floor":[39,38,32,38,38,38,34,34,34,34,34,37,37,33,57,14,80,78,78,83,83,83,83,64,64,64,46,45,45,46,43,67],"items_purged":["Strike_R","Strike_R","Strike_R"],"gold":128,"play_id":"16c82869-38d5-417b-bcad-6e5b494652fe","is_prod":false,"is_daily":false,"is_ascension_mode":true,"campfire_upgraded":6,"path_taken":["M","M","M","M","$","R","E","R","T","R","$","M","?","E","R","BOSS","M","$","M","?","?","R","M","R","T","E","M","R","M","E","R","BOSS"],"build_version":"2018-02-01-PROD3","purchased_purges":3,"victory":false,"master_deck":["Strike_R","Defend_R","Defend_R","Bash","Anger","Uppercut+1","Carnage+1","Shrug It Off","Dropkick+1","Rampage+1","True Grit+1","Feed","Iron Wave+1","Thunderclap+1"],"max_hp_per_floor":[80,80,80,80,80,80,80,80,80,80,80,80,80,80,80,80,80,83,83,83,83,83,83,83,83,83,83,83,83,83,83,83],"relics":["Burning Blood","Pen Nib","The Courier","Dead Branch","Mark of Pain","Girya","Pantograph","Oddly Smooth Stone"],"card_choices":[{"not_picked":["Twin Strike","Headbutt"],"picked":"Anger"},{"not_picked":["Fiend Fire","Sword Boomerang"],"picked":"Uppercut"},{"not_picked":["Blood for Blood","Shockwave"],"picked":"Carnage"},{"not_picked":["Cleave","Body Slam"],"picked":"Shrug It Off"},{"not_picked":["Armaments","Havoc"],"picked":"Rampage"},{"not_picked":["Rage","Shrug It Off"],"picked":"True Grit"},{"not_picked":["Limit Break","Immolate"],"picked":"Feed"},{"not_picked":["Heavy Blade","Dual Wield"],"picked":"Iron Wave"},{"not_picked":["Uppercut","Sword Boomerang"],"picked":"Thunderclap"}],"player_experience":384423,"potions_floor_usage":[14,16,28,28,30,31],"damage_taken":[{"damage":7,"enemies":"2 Louse","floor":1,"turns":3},{"damage":7,"enemies":"Jaw Worm","floor":2,"turns":3},{"damage":12,"enemies":"Blue Slaver","floor":3,"turns":3},{"damage":0,"enemies":"Exordium Wildlife","floor":4,"turns":2},{"damage":10,"enemies":"Gremlin Nob","floor":7,"turns":3},{"damage":3,"enemies":"Looter","floor":12,"turns":2},{"damage":10,"enemies":"Lagavulin","floor":14,"turns":5},{"damage":49,"enemies":"The Guardian","floor":16,"turns":7},{"damage":11,"enemies":"Spheric Guardian","floor":18,"turns":3},{"damage":1,"enemies":"Chosen","floor":20,"turns":3},{"damage":25,"enemies":"Snake Plant","floor":24,"turns":4},{"damage":24,"enemies":"Book of Stabbing","floor":27,"turns":5},{"damage":7,"enemies":"Cultist and Chosen","floor":28,"turns":4},{"damage":5,"enemies":"Centurion and Healer","floor":30,"turns":4},{"damage":9,"enemies":"Gremlin Leader","floor":31,"turns":6},{"damage":86,"enemies":"Champ","floor":33,"turns":8}],"event_choices":[{"event_name":"The Cleric","player_choice":"Card Removal","floor":13,"damage_taken":0},{"event_name":"Drug Dealer","player_choice":"Ignored","floor":22,"damage_taken":0}],"boss_relics":[{"not_picked":["Calling Bell","Runic Pyramid"],"picked":"Mark of Pain"}],"potions_floor_spawned":[3,7,12,18,27,28],"seed_played":"8116434629054970316","killed_by":"Champ","ascension_level":2,"is_trial":false}