{"gold_per_floor":[110,110,127,17,17,17,44,57,57,57,76,106,124,149,149,149],"floor_reached":16,"playtime":584,"items_purged":[],"score":257,"play_id":"8eec5775-0221-402f-bb1d-85a8dd4681e1","local_time":"20190508191617","is_ascension_mode":true,"campfire_choices":[{"data":"Blade Dance","floor":6,"key":"SMITH"},{"data":"Dodge and Roll","floor":10,"key":"SMITH"},{"data":"Accuracy","floor":15,"key":"SMITH"}],"neow_cost":"NONE","seed_source_timestamp":1487042755275800,"circlet_count":0,"master_deck":["AscendersBane","Defend_G","Defend_G","Defend_G","Defend_G","Defend_G","Strike_G","Strike_G","Strike_G","Strike_G","Survivor","Neutralize+1","Blade Dance+1","Backstab","Dodge and Roll+1","PiercingWail","Escape Plan","Sucker Punch","Noxious Fumes","PiercingWail","Accuracy+1"],"relics":["Ring of the Snake","NeowsBlessing","Gremlin Horn","Boot","Odd Mushroom","Turnip"],"potions_floor_usage":[14,16,16],"damage_taken":[{"damage":0,"enemies":"2 Louse","floor":1,"turns":1},{"damage":0,"enemies":"Jaw Worm","floor":3,"turns":1},{"damage":0,"enemies":"Lagavulin","floor":7,"turns":1},{"damage":2,"enemies":"Cultist","floor":8,"turns":4},{"damage":3,"enemies":"Exordium Wildlife","floor":11,"turns":7},{"damage":0,"enemies":"The Mushroom Lair","floor":12,"turns":4},{"damage":0,"enemies":"Large Slime","floor":13,"turns":4},{"damage":35,"enemies":"Gremlin Nob","floor":14,"turns":5},{"damage":20,"enemies":"Hexaghost","floor":16,"turns":13}],"seed_played":"8214244503003176840","potions_obtained":[{"floor":11,"key":"SpeedPotion"},{"floor":13,"key":"AttackPotion"},{"floor":14,"key":"Swift Potion"}],"is_trial":false,"path_per_floor":["M","?","M","$","?","R","E","M","T","R","M","?","M","E","R","B"],"character_chosen":"THE_SILENT","items_purchased":["Backstab","Dodge and Roll"],"campfire_rested":0,"item_purchase_floors":[4,4],"current_hp_per_floor":[59,59,59,59,59,59,59,57,57,57,54,54,54,19,19,0],"gold":149,"neow_bonus":"THREE_ENEMY_KILL","is_prod":false,"is_daily":false,"chose_seed":false,"campfire_upgraded":3,"win_rate":0,"timestamp":1557335777,"path_taken":["M","?","M","$","?","R","E","?","T","R","M","?","M","E","R","BOSS"],"build_version":"2019-05-07","purchased_purges":0,"victory":false,"max_hp_per_floor":[66,66,66,66,66,66,66,66,66,66,66,66,66,66,66,66],"card_choices":[{"not_picked":["Prepared","Underhanded Strike","Quick Slash"],"picked":"SKIP","floor":1},{"not_picked":["Calculated Gamble","Acrobatics"],"picked":"Blade Dance","floor":3},{"not_picked":["Bane","Flying Knee"],"picked":"PiercingWail","floor":7},{"not_picked":["Prepared","Outmaneuver"],"picked":"Escape Plan","floor":8},{"not_picked":["PiercingWail","Deflect"],"picked":"Sucker Punch","floor":11},{"not_picked":["Quick Slash","Storm of Steel"],"picked":"Noxious Fumes","floor":12},{"not_picked":["Deadly Poison","Escape Plan"],"picked":"PiercingWail","floor":13},{"not_picked":["Night Terror","Backstab"],"picked":"Accuracy","floor":14}],"player_experience":1602680,"relics_obtained":[{"floor":7,"key":"Gremlin Horn"},{"floor":9,"key":"Boot"},{"floor":12,"key":"Odd Mushroom"},{"floor":14,"key":"Turnip"}],"event_choices":[{"damage_healed":0,"gold_gain":0,"player_choice":"Grow","damage_taken":0,"max_hp_gain":0,"max_hp_loss":0,"event_name":"Living Wall","floor":2,"gold_loss":0,"cards_upgraded":["Neutralize"]},{"cards_removed":["Strike_G"],"damage_healed":0,"gold_gain":0,"player_choice":"Purged","damage_taken":0,"max_hp_gain":0,"max_hp_loss":0,"event_name":"Purifier","floor":5,"gold_loss":0},{"damage_healed":0,"gold_gain":0,"player_choice":"Fought Mushrooms","damage_taken":0,"max_hp_gain":0,"max_hp_loss":0,"event_name":"Mushrooms","floor":12,"gold_loss":0}],"is_beta":true,"boss_relics":[],"items_purged_floors":[],"is_endless":false,"potions_floor_spawned":[11,13,14],"killed_by":"Hexaghost","ascension_level":18}