{"path_per_floor":["M","M","?","M","M","E","R","M","T","E","M","M","$","M","R"],"character_chosen":"IRONCLAD","items_purchased":["Meat on the Bone","Reaper"],"gold_per_floor":[114,133,133,158,179,213,213,227,295,326,339,353,28,42,42],"floor_reached":16,"campfire_rested":0,"playtime":1284,"current_hp_per_floor":[80,75,55,55,61,53,53,59,59,54,55,55,55,80,80],"items_purged":[],"gold":42,"play_id":"800542ff-bbba-4c24-81f4-2f48aa4bf478","is_prod":false,"is_daily":false,"is_ascension_mode":false,"campfire_upgraded":2,"path_taken":["M","M","?","M","M","E","R","M","T","E","M","M","$","M","R","BOSS"],"build_version":"2018-01-25-PROD3","purchased_purges":1,"victory":false,"master_deck":["Strike_R","Strike_R","Strike_R","Strike_R","Strike_R","Defend_R","Defend_R","Defend_R","Defend_R","Bash+1","Corruption+1","Thunderclap","Shrug It Off","Body Slam","Battle Trance","Rage","Fire Breathing+1","Headbutt","Whirlwind","Reaper","Anger"],"max_hp_per_floor":[80,80,80,80,80,80,80,80,80,80,80,80,80,80,80],"relics":["Burning Blood","Golden Idol","Anchor","Dodecahedron","Calipers","Meat on the Bone"],"card_choices":[{"not_picked":["Iron Wave","Flame Barrier"],"picked":"Corruption"},{"not_picked":["Clash","Inflame"],"picked":"Thunderclap"},{"not_picked":["Heavy Blade","Anger"],"picked":"Shrug It Off"},{"not_picked":["True Grit","Thunderclap"],"picked":"Body Slam"},{"not_picked":["Heavy Blade","Corruption"],"picked":"Battle Trance"},{"not_picked":["Twin Strike","Iron Wave"],"picked":"Rage"},{"not_picked":["Metallicize","Sword Boomerang"],"picked":"Fire Breathing"},{"not_picked":["Entrench","Reaper"],"picked":"Headbutt"},{"not_picked":["Body Slam","Shrug It Off"],"picked":"Whirlwind"},{"not_picked":["Battle Trance","Flex"],"picked":"Anger"}],"player_experience":315878,"potions_floor_usage":[5,6,6,14,16],"damage_taken":[{"damage":0,"enemies":"2 Louse","floor":1,"turns":2},{"damage":11,"enemies":"Blue Slaver","floor":2,"turns":5},{"damage":6,"enemies":"Cultist","floor":4,"turns":3},{"damage":0,"enemies":"3 Louse","floor":5,"turns":5},{"damage":14,"enemies":"Gremlin Nob","floor":6,"turns":4},{"damage":0,"enemies":"Looter","floor":8,"turns":3},{"damage":11,"enemies":"3 Sentries","floor":10,"turns":7},{"damage":5,"enemies":"2 Fungi Beasts","floor":11,"turns":4},{"damage":6,"enemies":"3 Louse","floor":12,"turns":4},{"damage":0,"enemies":"Lots of Slimes","floor":14,"turns":2},{"damage":99,"enemies":"Hexaghost","floor":16,"turns":9}],"event_choices":[{"event_name":"Golden Idol","player_choice":"Take Damage","floor":3,"damage_taken":0}],"boss_relics":[],"potions_floor_spawned":[2,4,5,12,14],"seed_played":"-5385221209373168605","killed_by":"Hexaghost","ascension_level":0,"is_trial":false}