{"gold_per_floor":[114,114,129,129,129,129,164,164,164,196,206,236,252,263,263,338,338,352,364,26,76,89,89,119,21,33,56,83,112,124,165,177,189],"floor_reached":33,"playtime":1416,"items_purged":[],"score":647,"play_id":"58c687ae-a1d9-40d4-a19a-60c4a4923883","local_time":"20190510111806","is_ascension_mode":true,"campfire_choices":[{"data":"Sucker Punch","floor":6,"key":"SMITH"},{"data":"Neutralize","floor":8,"key":"SMITH"},{"floor":15,"key":"REST"},{"floor":23,"key":"REST"},{"data":"Noxious Fumes","floor":30,"key":"SMITH"},{"data":"Footwork","floor":32,"key":"SMITH"}],"neow_cost":"NONE","seed_source_timestamp":1630318344477170,"circlet_count":0,"master_deck":["AscendersBane","Defend_G","Defend_G","Defend_G","Defend_G","Defend_G+1","Strike_G","Strike_G","Strike_G","Strike_G","Survivor","Neutralize+1","Sucker Punch+1","Cloak And Dagger+1","Heel Hook","Cloak And Dagger","Backflip","Footwork+1","Noxious Fumes+1","Sucker Punch","Corpse Explosion","Backflip+1","Deflect+1","Footwork","All Out Attack+1","Slice+1","Dodge and Roll+1","Backflip","Footwork"],"relics":["Ring of the Snake","NeowsBlessing","Regal Pillow","Dodecahedron","Dream Catcher","Torii","Cursed Key","Vajra","Bronze Scales","MawBank","Ancient Tea Set"],"potions_floor_usage":[10,10,12,12,16,29],"damage_taken":[{"damage":0,"enemies":"Cultist","floor":1,"turns":1},{"damage":0,"enemies":"2 Louse","floor":3,"turns":1},{"damage":0,"enemies":"Lagavulin","floor":7,"turns":1},{"damage":30,"enemies":"Gremlin Nob","floor":10,"turns":5},{"damage":2,"enemies":"Small Slimes","floor":11,"turns":3},{"damage":24,"enemies":"Lagavulin","floor":12,"turns":9},{"damage":0,"enemies":"Red Slaver","floor":13,"turns":5},{"damage":2,"enemies":"Exordium Wildlife","floor":14,"turns":4},{"damage":18,"enemies":"Hexaghost","floor":16,"turns":12},{"damage":17,"enemies":"Shell Parasite","floor":18,"turns":6},{"damage":0,"enemies":"Spheric Guardian","floor":19,"turns":6},{"damage":13,"enemies":"3 Cultists","floor":22,"turns":3},{"damage":16,"enemies":"Slavers","floor":24,"turns":3},{"damage":13,"enemies":"Snake Plant","floor":27,"turns":5},{"damage":1,"enemies":"Centurion and Healer","floor":28,"turns":4},{"damage":0,"enemies":"3 Cultists","floor":29,"turns":2},{"damage":2,"enemies":"Gremlin Leader","floor":31,"turns":6},{"damage":37,"enemies":"Collector","floor":33,"turns":5}],"seed_played":"4722793291358234628","potions_obtained":[{"floor":1,"key":"GamblersBrew"},{"floor":5,"key":"Poison Potion"},{"floor":7,"key":"Ancient Potion"},{"floor":10,"key":"AttackPotion"},{"floor":11,"key":"Energy Potion"},{"floor":14,"key":"Poison Potion"},{"floor":24,"key":"GamblersBrew"},{"floor":28,"key":"Weak Potion"},{"floor":29,"key":"Strength Potion"},{"floor":31,"key":"Ancient Potion"}],"is_trial":false,"path_per_floor":["M","?","M","?","?","R","E","R","T","E","M","E","M","M","R","B",null,"M","M","$","?","M","R","E","?","T","M","M","M","R","E","R","B"],"character_chosen":"THE_SILENT","items_purchased":["Vajra","Bronze Scales"],"campfire_rested":2,"item_purchase_floors":[20,20],"current_hp_per_floor":[59,64,64,64,64,64,64,64,64,34,32,8,8,6,42,24,59,42,42,42,42,29,65,49,49,49,36,35,35,35,33,33,0],"gold":189,"neow_bonus":"THREE_ENEMY_KILL","is_prod":false,"is_daily":false,"chose_seed":false,"campfire_upgraded":4,"win_rate":0,"timestamp":1557479886,"path_taken":["M","?","M","?","?","R","E","R","T","E","?","E","M","M","R","BOSS","M","M","?","?","?","R","E","?","T","?","M","M","R","E","R","BOSS"],"build_version":"2019-05-07","purchased_purges":0,"victory":false,"max_hp_per_floor":[66,71,71,71,71,71,71,71,71,71,71,71,71,71,71,71,71,71,71,71,71,71,71,71,71,71,71,71,71,71,71,71,71],"card_choices":[{"not_picked":["Masterful Stab","Outmaneuver"],"picked":"Sucker Punch","floor":1},{"not_picked":["Well Laid Plans","Tactician"],"picked":"Cloak And Dagger","floor":3},{"not_picked":["Slice","Outmaneuver"],"picked":"Heel Hook","floor":7},{"not_picked":["Dagger Throw","Terror"],"picked":"Cloak And Dagger","floor":10},{"not_picked":["Eviscerate","Dodge and Roll"],"picked":"Backflip","floor":11},{"not_picked":["Dagger Throw","Prepared"],"picked":"Footwork","floor":12},{"not_picked":["Poisoned Stab","Deadly Poison"],"picked":"Noxious Fumes","floor":13},{"not_picked":["Infinite Blades","Tactician","Outmaneuver"],"picked":"SKIP","floor":14},{"not_picked":["Deflect","Slice"],"picked":"Sucker Punch","floor":15},{"not_picked":["Storm of Steel","Adrenaline"],"picked":"Corpse Explosion","floor":16},{"not_picked":["Deflect","Escape Plan"],"picked":"Backflip+1","floor":18},{"not_picked":["Dagger Throw+1","Concentrate"],"picked":"Deflect+1","floor":19},{"not_picked":["Bane","Deadly Poison"],"picked":"Footwork","floor":22},{"not_picked":["Eviscerate","Escape Plan"],"picked":"All Out Attack+1","floor":23},{"not_picked":["Distraction","Night Terror","Choke"],"picked":"SKIP","floor":24},{"not_picked":["Deadly Poison","Eviscerate","Slice+1"],"picked":"SKIP","floor":27},{"not_picked":["Deadly Poison","Eviscerate"],"picked":"Slice+1","floor":27},{"not_picked":["Eviscerate","Heel Hook"],"picked":"Dodge and Roll+1","floor":28},{"not_picked":["Blade Dance","Poisoned Stab"],"picked":"Backflip","floor":29},{"not_picked":["Grand Finale","Blade Dance"],"picked":"Footwork","floor":31}],"player_experience":1691536,"relics_obtained":[{"floor":7,"key":"Regal Pillow"},{"floor":9,"key":"Dodecahedron"},{"floor":10,"key":"Dream Catcher"},{"floor":12,"key":"Torii"},{"floor":24,"key":"MawBank"},{"floor":31,"key":"Ancient Tea Set"}],"event_choices":[{"damage_healed":0,"gold_gain":0,"player_choice":"Donut","damage_taken":0,"max_hp_gain":5,"max_hp_loss":0,"event_name":"Big Fish","floor":2,"gold_loss":0},{"damage_healed":0,"gold_gain":0,"player_choice":"Grow","damage_taken":0,"max_hp_gain":0,"max_hp_loss":0,"event_name":"Living Wall","floor":4,"gold_loss":0,"cards_upgraded":["Cloak And Dagger"]},{"damage_healed":0,"gold_gain":0,"player_choice":"Got Potions","damage_taken":0,"max_hp_gain":0,"max_hp_loss":0,"event_name":"Lab","floor":5,"gold_loss":0},{"damage_healed":0,"gold_gain":50,"player_choice":"Pray","damage_taken":0,"max_hp_gain":0,"max_hp_loss":0,"event_name":"Golden Shrine","floor":21,"gold_loss":0},{"cards_removed":["Strike_G"],"damage_healed":0,"gold_gain":0,"player_choice":"Upgrade and Remove","damage_taken":0,"max_hp_gain":0,"max_hp_loss":0,"event_name":"Designer","floor":25,"gold_loss":110,"cards_upgraded":["Defend_G"]}],"is_beta":true,"boss_relics":[{"not_picked":["Tiny House","Coffee Dripper"],"picked":"Cursed Key"}],"items_purged_floors":[],"is_endless":false,"potions_floor_spawned":[1,7,10,11,14,24,28,29,31],"killed_by":"Collector","ascension_level":19}