{"gold_per_floor":[112,123,123,191,214,214,234,265,335,358,44,75,100,124,124,244,244,267,291,314,328,343,343,363,363,413,452,154,154,154,174,174,279,279,292,306,306,65,85,85,160,178,178,207,220,220,63,79,79,79],"floor_reached":50,"playtime":3808,"items_purged":["Strike_B","Normality"],"score":688,"play_id":"429ed24a-d900-419d-ac7c-a7f8e53edaa0","local_time":"20190424211455","is_ascension_mode":true,"campfire_choices":[{"data":"Hologram","floor":6,"key":"SMITH"},{"data":"Zap","floor":15,"key":"SMITH"},{"floor":23,"key":"REST"},{"floor":25,"key":"REST"},{"floor":29,"key":"REST"},{"floor":32,"key":"REST"},{"data":"Buffer","floor":40,"key":"SMITH"},{"floor":46,"key":"REST"},{"data":"Defragment","floor":49,"key":"SMITH"}],"neow_cost":"NONE","seed_source_timestamp":281334546177987,"circlet_count":0,"master_deck":["Strike_B","Strike_B","Defend_B","Defend_B","Defend_B","Defend_B","Zap+1","Dualcast","Coolheaded","Hologram+1","Compile Driver","Conserve Battery","Defragment","Sweeping Beam","Capacitor","Ball Lightning","Genetic Algorithm","Machine Learning","Genetic Algorithm+1","Capacitor","Go for the Eyes+1","Conserve Battery+1","Loop","Redo+1","Defragment+1","Buffer+1","Electrodynamics","Injury","Parasite","Barrage","Glacier","Chill","Chill+1","Consume+1"],"relics":["Cracked Core","Bloody Idol","Symbiotic Virus","Centennial Puzzle","Question Card","Lee\u0027s Waffle","Strawberry","Nuclear Battery","PreservedInsect","Kunai","Blood Vial","Calling Bell","Bag of Marbles","Shuriken","Thread and Needle","Gremlin Horn","Nunchaku","Art of War"],"potions_floor_usage":[8,22,22,22,22,24,27,44,44],"damage_taken":[{"damage":7,"enemies":"Jaw Worm","floor":1,"turns":3},{"damage":0,"enemies":"Cultist","floor":2,"turns":3},{"damage":2,"enemies":"2 Louse","floor":5,"turns":3},{"damage":3,"enemies":"Exordium Wildlife","floor":7,"turns":6},{"damage":36,"enemies":"Gremlin Nob","floor":8,"turns":4},{"damage":3,"enemies":"2 Fungi Beasts","floor":10,"turns":4},{"damage":10,"enemies":"Lagavulin","floor":12,"turns":7},{"damage":5,"enemies":"Red Slaver","floor":13,"turns":6},{"damage":25,"enemies":"3 Louse","floor":14,"turns":3},{"damage":34,"enemies":"The Guardian","floor":16,"turns":12},{"damage":12,"enemies":"Shell Parasite","floor":18,"turns":5},{"damage":2,"enemies":"Spheric Guardian","floor":19,"turns":3},{"damage":18,"enemies":"Snecko","floor":20,"turns":4},{"damage":29,"enemies":"Cultist and Chosen","floor":21,"turns":6},{"damage":5,"enemies":"3 Cultists","floor":22,"turns":5},{"damage":17,"enemies":"Snake Plant","floor":24,"turns":5},{"damage":33,"enemies":"Slavers","floor":27,"turns":6},{"damage":19,"enemies":"Cultist and Chosen","floor":31,"turns":8},{"damage":29,"enemies":"Collector","floor":33,"turns":12},{"damage":0,"enemies":"3 Shapes","floor":35,"turns":4},{"damage":13,"enemies":"3 Darklings","floor":36,"turns":5},{"damage":15,"enemies":"Jaw Worm Horde","floor":39,"turns":4},{"damage":1,"enemies":"Maw","floor":42,"turns":9},{"damage":2,"enemies":"Nemesis","floor":44,"turns":9},{"damage":30,"enemies":"Transient","floor":45,"turns":5},{"damage":8,"enemies":"3 Darklings","floor":48,"turns":5},{"damage":83,"enemies":"Awakened One","floor":50,"turns":19}],"seed_played":"54926615993950949","potions_obtained":[{"floor":7,"key":"Poison Potion"},{"floor":12,"key":"EntropicBrew"},{"floor":14,"key":"GamblersBrew"},{"floor":16,"key":"Energy Potion"},{"floor":20,"key":"Weak Potion"},{"floor":24,"key":"Block Potion"},{"floor":35,"key":"Block Potion"},{"floor":42,"key":"Energy Potion"},{"floor":48,"key":"GamblersBrew"}],"is_trial":false,"path_per_floor":["M","M","?","T","M","R","M","E","T","M","$","E","M","M","R","B",null,"M","M","M","M","M","R","M","R","T","E","$","R","?","M","R","B",null,"M","M","?","$","M","R","?","M","T","E","M","R","$","M","R","B"],"character_chosen":"DEFECT","items_purchased":["Lee\u0027s Waffle","Defragment","Sweeping Beam","Blood Vial","Defragment","Glacier","Chill","Art of War"],"campfire_rested":5,"item_purchase_floors":[11,11,11,28,28,38,38,47],"current_hp_per_floor":[68,68,68,68,66,66,63,27,27,24,83,80,75,50,50,16,72,60,58,40,11,6,33,16,43,43,10,10,37,37,25,52,30,75,82,76,76,76,68,68,64,70,70,75,52,79,79,78,78,0],"gold":79,"neow_bonus":"TEN_PERCENT_HP_BONUS","is_prod":false,"is_daily":false,"chose_seed":false,"campfire_upgraded":4,"win_rate":0,"timestamp":1556133295,"path_taken":["M","M","?","?","M","R","M","E","T","?","?","E","M","M","R","BOSS","M","?","M","?","M","R","?","R","T","E","$","R","?","M","R","BOSS","M","M","?","$","M","R","?","M","T","E","M","R","$","M","R","BOSS"],"build_version":"2019-04-23","purchased_purges":2,"victory":false,"max_hp_per_floor":[82,82,76,76,76,76,76,76,76,76,83,90,90,90,90,90,90,90,90,90,90,90,90,90,90,90,90,90,90,90,90,90,90,90,90,90,90,90,90,90,90,90,90,90,90,90,90,90,90,90],"card_choices":[{"not_picked":["Stack","Turbo"],"picked":"Coolheaded","floor":1},{"not_picked":["Stack","Lockon","Beam Cell"],"picked":"SKIP","floor":2},{"not_picked":["Cold Snap","Reprogram"],"picked":"Hologram","floor":5},{"not_picked":["Skim","Thunder Strike"],"picked":"Compile Driver","floor":7},{"not_picked":["Turbo","Steam"],"picked":"Conserve Battery","floor":8},{"not_picked":["Melter","Lockon","Leap","Cold Snap"],"picked":"SKIP","floor":10},{"not_picked":["Lockon","Ball Lightning","Melter"],"picked":"Capacitor","floor":12},{"not_picked":["Blizzard","Barrage","Streamline"],"picked":"Ball Lightning","floor":13},{"not_picked":["Conserve Battery","Ball Lightning","Stack"],"picked":"Genetic Algorithm","floor":14},{"not_picked":["Hyperbeam","Reboot","Meteor Strike"],"picked":"Machine Learning","floor":16},{"not_picked":["Sweeping Beam","Ball Lightning","Skim+1","Sunder"],"picked":"SKIP","floor":18},{"not_picked":["Double Energy","Beam Cell","Reinforced Body"],"picked":"Genetic Algorithm+1","floor":19},{"not_picked":["Compile Driver","Rebound","Beam Cell"],"picked":"Capacitor","floor":20},{"not_picked":["Storm","Coolheaded+1","Aggregate"],"picked":"Go for the Eyes+1","floor":21},{"not_picked":["Turbo+1","Meteor Strike","Heatsinks"],"picked":"Conserve Battery+1","floor":22},{"not_picked":["Turbo+1","Sweeping Beam","Compile Driver"],"picked":"Loop","floor":24},{"not_picked":["Gash","Consume","Ball Lightning"],"picked":"Redo+1","floor":27},{"not_picked":["Gash","Steam+1","Reprogram"],"picked":"Buffer","floor":31},{"not_picked":["Seek","Echo Form","Fission"],"picked":"Electrodynamics","floor":33},{"not_picked":["Redo","Double Energy+1","Ball Lightning+1"],"picked":"Barrage","floor":35},{"not_picked":["Barrage+1","Sweeping Beam+1","Sunder","White Noise"],"picked":"SKIP","floor":36},{"not_picked":["Reprogram+1","Melter+1","Streamline"],"picked":"Chill+1","floor":39},{"not_picked":["Compile Driver","Machine Learning","Coolheaded+1","Rebound"],"picked":"SKIP","floor":42},{"not_picked":["Auto Shields","Fusion+1","Double Energy+1"],"picked":"Consume+1","floor":44},{"not_picked":["Blizzard+1","Rebound","Beam Cell+1","Sunder"],"picked":"SKIP","floor":45},{"not_picked":["Genetic Algorithm","Hologram","Gash+1","FTL"],"picked":"SKIP","floor":48}],"player_experience":1204154,"relics_obtained":[{"floor":4,"key":"Symbiotic Virus"},{"floor":8,"key":"Centennial Puzzle"},{"floor":9,"key":"Question Card"},{"floor":12,"key":"Strawberry"},{"floor":26,"key":"PreservedInsect"},{"floor":27,"key":"Kunai"},{"floor":34,"key":"Bag of Marbles"},{"floor":34,"key":"Shuriken"},{"floor":34,"key":"Thread and Needle"},{"floor":43,"key":"Gremlin Horn"},{"floor":44,"key":"Nunchaku"}],"event_choices":[{"damage_healed":0,"gold_gain":0,"player_choice":"Lose Max HP","damage_taken":0,"relics_obtained":["Golden Idol"],"max_hp_gain":0,"max_hp_loss":6,"event_name":"Golden Idol","floor":3,"gold_loss":0},{"damage_healed":0,"gold_gain":0,"player_choice":"Gave Idol","damage_taken":0,"relics_obtained":["Bloody Idol"],"max_hp_gain":0,"max_hp_loss":0,"event_name":"Forgotten Altar","floor":30,"relics_lost":["Golden Idol"],"gold_loss":0},{"cards_removed":["Strike_B"],"damage_healed":0,"gold_gain":0,"player_choice":"Removed Attack","damage_taken":0,"max_hp_gain":0,"max_hp_loss":0,"event_name":"Falling","floor":37,"gold_loss":0},{"damage_healed":0,"gold_gain":75,"player_choice":"Touch","damage_taken":9,"max_hp_gain":0,"max_hp_loss":0,"event_name":"FaceTrader","floor":41,"gold_loss":0}],"is_beta":true,"boss_relics":[{"not_picked":["Runic Pyramid","White Beast Statue"],"picked":"Nuclear Battery"},{"not_picked":["Lizard Tail","FrozenCore"],"picked":"Calling Bell"}],"items_purged_floors":[28,38],"is_endless":false,"potions_floor_spawned":[7,12,14,16,19,20,21,24,35,42,48],"killed_by":"Awakened One","ascension_level":6}