{"gold_per_floor":[112,122,297,297,309,309,234,234,234,234,246,278,278],"floor_reached":13,"playtime":599,"items_purged":["Strike_R"],"score":129,"play_id":"a8804b9f-e914-4fae-81c2-600e4607713d","local_time":"20190114214521","is_ascension_mode":true,"campfire_choices":[{"data":"Apotheosis","floor":6,"key":"SMITH"},{"data":"Jack Of All Trades","floor":8,"key":"SMITH"},{"data":"Bash","floor":10,"key":"SMITH"}],"neow_cost":"TEN_PERCENT_HP_LOSS","seed_source_timestamp":1292730234677500,"circlet_count":0,"master_deck":["AscendersBane","Strike_R","Strike_R","Strike_R","Defend_R","Defend_R","Defend_R","Defend_R","Bash+1","Jack Of All Trades+1","Apotheosis+1","Body Slam","Doubt","Headbutt"],"relics":["Burning Blood","Darkstone Periapt","Regal Pillow"],"potions_floor_usage":[12],"damage_taken":[{"damage":0,"enemies":"Small Slimes","floor":1,"turns":4},{"damage":8,"enemies":"2 Louse","floor":2,"turns":3},{"damage":0,"enemies":"Cultist","floor":5,"turns":3},{"damage":21,"enemies":"Exordium Wildlife","floor":11,"turns":7},{"damage":22,"enemies":"Gremlin Nob","floor":12,"turns":3},{"damage":43,"enemies":"Gremlin Gang","floor":13,"turns":3}],"seed_played":"-8158664938980004851","potions_obtained":[{"floor":2,"key":"Swift Potion"}],"is_trial":false,"path_per_floor":["M","M","?","?","M","R","$","R","T","R","M","E","M"],"character_chosen":"IRONCLAD","items_purchased":[],"campfire_rested":0,"item_purchase_floors":[],"current_hp_per_floor":[72,70,70,70,72,72,72,72,72,72,57,41,0],"gold":278,"neow_bonus":"RANDOM_COLORLESS_2","is_prod":false,"is_daily":false,"chose_seed":false,"campfire_upgraded":3,"win_rate":0,"timestamp":1547520321,"path_taken":["M","M","?","?","M","R","$","R","T","R","M","E","?"],"build_version":"2019-01-10","purchased_purges":1,"victory":false,"max_hp_per_floor":[72,72,72,72,72,72,72,72,72,72,72,72,72],"card_choices":[{"not_picked":["Wild Strike","Thunderclap","Perfected Strike"],"picked":"SKIP","floor":1},{"not_picked":["Dual Wield","Clash"],"picked":"Body Slam","floor":2},{"not_picked":["Wild Strike","Twin Strike","Rupture"],"picked":"SKIP","floor":5},{"not_picked":["Sever Soul","Perfected Strike"],"picked":"Headbutt","floor":11},{"not_picked":["Rage","Metallicize","Anger"],"picked":"SKIP","floor":12}],"player_experience":1762770,"relics_obtained":[{"floor":9,"key":"Darkstone Periapt"},{"floor":12,"key":"Regal Pillow"}],"event_choices":[{"damage_healed":0,"gold_gain":175,"player_choice":"AGREE","damage_taken":0,"max_hp_gain":0,"max_hp_loss":0,"event_name":"Liars Game","floor":3,"gold_loss":0,"cards_obtained":["Doubt"]},{"cards_removed":["Strike_R"],"damage_healed":0,"gold_gain":0,"player_choice":"Offered Basic","damage_taken":0,"max_hp_gain":0,"max_hp_loss":0,"event_name":"Bonfire Elementals","floor":4,"gold_loss":0}],"is_beta":false,"boss_relics":[],"items_purged_floors":[7],"is_endless":false,"potions_floor_spawned":[2,11],"killed_by":"Gremlin Gang","ascension_level":11}