{"gold_per_floor":[12,12,12,24,24,24,45,220,220,220],"floor_reached":10,"playtime":322,"items_purged":[],"score":81,"play_id":"12e042fe-db95-4a7b-8d18-fb0650bbb8f3","local_time":"20190318205147","is_ascension_mode":true,"campfire_choices":[{"data":"Gash","floor":6,"key":"SMITH"}],"neow_cost":"NO_GOLD","seed_source_timestamp":439259955037300,"circlet_count":0,"master_deck":["AscendersBane","Strike_B","Strike_B","Strike_B","Defend_B","Defend_B","Defend_B","Defend_B","Zap","Dualcast","All For One","Leap","Gash+1","Rebound","Doubt"],"relics":["Cracked Core","Ornamental Fan","Odd Mushroom","Bag of Marbles"],"potions_floor_usage":[10],"damage_taken":[{"damage":8,"enemies":"Jaw Worm","floor":1,"turns":4},{"damage":1,"enemies":"Small Slimes","floor":4,"turns":4},{"damage":18,"enemies":"The Mushroom Lair","floor":7,"turns":6},{"damage":29,"enemies":"Gremlin Nob","floor":10,"turns":4}],"seed_played":"-5891439354387692598","potions_obtained":[{"floor":7,"key":"EssenceOfSteel"}],"is_trial":false,"path_per_floor":["M","?","$","M","?","R","?","?","T","E"],"character_chosen":"DEFECT","items_purchased":[],"campfire_rested":0,"item_purchase_floors":[],"current_hp_per_floor":[60,53,53,52,34,34,16,16,16,0],"gold":220,"neow_bonus":"THREE_RARE_CARDS","is_prod":false,"is_daily":false,"chose_seed":false,"campfire_upgraded":1,"win_rate":0,"timestamp":1552956707,"path_taken":["M","?","$","M","?","R","?","?","T","E"],"build_version":"2019-01-23","purchased_purges":0,"victory":false,"max_hp_per_floor":[75,75,75,75,75,75,75,75,75,75],"card_choices":[{"not_picked":["Seek","Reboot"],"picked":"All For One","floor":0},{"not_picked":["Steam Power","Steam"],"picked":"Leap","floor":1},{"not_picked":["Auto Shields","Go for the Eyes"],"picked":"Gash","floor":4},{"not_picked":["Darkness","Streamline"],"picked":"Rebound","floor":7}],"player_experience":2496023,"relics_obtained":[{"floor":7,"key":"Odd Mushroom"},{"floor":9,"key":"Bag of Marbles"}],"event_choices":[{"cards_removed":["Strike_B"],"damage_healed":0,"gold_gain":0,"player_choice":"Card Removal","damage_taken":7,"max_hp_gain":0,"max_hp_loss":0,"event_name":"Golden Wing","floor":2,"gold_loss":0},{"damage_healed":0,"gold_gain":0,"player_choice":"Success","damage_taken":18,"relics_obtained":["Ornamental Fan"],"max_hp_gain":0,"max_hp_loss":0,"event_name":"Scrap Ooze","floor":5,"gold_loss":0},{"damage_healed":0,"gold_gain":0,"player_choice":"Fought Mushrooms","damage_taken":0,"max_hp_gain":0,"max_hp_loss":0,"event_name":"Mushrooms","floor":7,"gold_loss":0},{"damage_healed":0,"gold_gain":175,"player_choice":"AGREE","damage_taken":0,"max_hp_gain":0,"max_hp_loss":0,"event_name":"Liars Game","floor":8,"gold_loss":0,"cards_obtained":["Doubt"]}],"is_beta":false,"boss_relics":[],"items_purged_floors":[],"is_endless":false,"potions_floor_spawned":[7],"killed_by":"Gremlin Nob","ascension_level":10}