{"gold_per_floor":[110,110,110,126,142,142,168,93,93,120,120,34,59,75,75,148,148,160,176,176,189,189],"floor_reached":22,"playtime":774,"items_purged":[],"score":423,"play_id":"fbeb8303-f559-4245-9919-91d2a38e119f","local_time":"20190510163421","is_ascension_mode":true,"campfire_choices":[{"data":"Bash","floor":6,"key":"SMITH"},{"data":"Metallicize","floor":11,"key":"SMITH"},{"data":"Offering","floor":15,"key":"SMITH"}],"neow_cost":"NONE","seed_source_timestamp":1649936107046847,"circlet_count":0,"master_deck":["AscendersBane","Defend_R","Defend_R","Defend_R","Defend_R","Bash+1","Rampage","Infernal Blade","Metallicize+1","Headbutt","Flame Barrier","Headbutt","Offering+1","Offering","Juggernaut+1","Thunderclap+1","Perfected Strike+1","Headbutt","Battle Trance","Shockwave"],"relics":["Burning Blood","CultistMask","Pear","Singing Bowl","Strawberry","Matryoshka","Astrolabe"],"potions_floor_usage":[7,13,16],"damage_taken":[{"damage":12,"enemies":"2 Louse","floor":1,"turns":3},{"damage":3,"enemies":"Small Slimes","floor":4,"turns":4},{"damage":2,"enemies":"Cultist","floor":5,"turns":4},{"damage":18,"enemies":"3 Sentries","floor":7,"turns":6},{"damage":29,"enemies":"Lagavulin","floor":10,"turns":6},{"damage":24,"enemies":"Gremlin Nob","floor":13,"turns":4},{"damage":17,"enemies":"3 Louse","floor":14,"turns":4},{"damage":30,"enemies":"The Guardian","floor":16,"turns":13},{"damage":27,"enemies":"Chosen","floor":18,"turns":4},{"damage":33,"enemies":"2 Thieves","floor":19,"turns":3},{"damage":26,"enemies":"Snecko","floor":21,"turns":5},{"damage":14,"enemies":"Masked Bandits","floor":22,"turns":1}],"seed_played":"5995958248009078619","potions_obtained":[{"floor":1,"key":"AttackPotion"},{"floor":10,"key":"Regen Potion"},{"floor":13,"key":"GamblersBrew"},{"floor":16,"key":"SneckoOil"},{"floor":19,"key":"SpeedPotion"}],"is_trial":false,"path_per_floor":["M","?","?","M","M","R","E","?","T","E","R","$","E","M","R","B",null,"M","M","?","M","?"],"character_chosen":"IRONCLAD","items_purchased":["Flame Barrier"],"campfire_rested":0,"item_purchase_floors":[12],"current_hp_per_floor":[62,67,67,70,74,74,72,72,72,58,58,58,52,41,41,17,79,58,31,31,11,0],"gold":189,"neow_bonus":"REMOVE_CARD","is_prod":false,"is_daily":false,"chose_seed":false,"campfire_upgraded":3,"win_rate":0,"timestamp":1557498861,"path_taken":["M","?","?","M","?","R","E","?","T","E","R","$","E","M","R","BOSS","M","M","?","M","?"],"build_version":"2019-05-07","purchased_purges":0,"victory":false,"max_hp_per_floor":[75,80,80,80,80,80,90,90,90,99,99,99,99,99,99,99,99,99,99,99,99,99],"card_choices":[{"not_picked":["Clothesline","Anger"],"picked":"Rampage","floor":1},{"not_picked":["Perfected Strike","Twin Strike"],"picked":"Infernal Blade","floor":4},{"not_picked":["Bloodletting","Cleave"],"picked":"Metallicize","floor":5},{"not_picked":["Body Slam","Clash"],"picked":"Headbutt","floor":7},{"not_picked":["Clash","Havoc","Rage"],"picked":"Singing Bowl","floor":10},{"not_picked":["Thunderclap","Anger"],"picked":"Headbutt","floor":13},{"not_picked":["Flame Barrier","Clash"],"picked":"Offering","floor":14},{"not_picked":["Brutality","Fiend Fire"],"picked":"Offering","floor":16},{"not_picked":["Cleave","Armaments"],"picked":"Headbutt","floor":18},{"not_picked":["Thunderclap+1","Perfected Strike"],"picked":"Battle Trance","floor":19},{"not_picked":["Evolve","Clothesline"],"picked":"Shockwave","floor":21}],"player_experience":1710911,"relics_obtained":[{"floor":7,"key":"Pear"},{"floor":9,"key":"Singing Bowl"},{"floor":10,"key":"Strawberry"},{"floor":13,"key":"Matryoshka"}],"event_choices":[{"damage_healed":0,"gold_gain":0,"player_choice":"Donut","damage_taken":0,"max_hp_gain":5,"max_hp_loss":0,"event_name":"Big Fish","floor":2,"gold_loss":0},{"damage_healed":0,"gold_gain":0,"player_choice":"Trade","damage_taken":0,"relics_obtained":["CultistMask"],"max_hp_gain":0,"max_hp_loss":0,"event_name":"FaceTrader","floor":3,"gold_loss":0},{"cards_removed":["Strike_R"],"damage_healed":0,"gold_gain":0,"player_choice":"Card Removal","damage_taken":0,"max_hp_gain":0,"max_hp_loss":0,"event_name":"The Cleric","floor":8,"gold_loss":75},{"damage_healed":0,"gold_gain":0,"player_choice":"Ignored","damage_taken":0,"max_hp_gain":0,"max_hp_loss":0,"event_name":"Ghosts","floor":20,"gold_loss":0},{"damage_healed":0,"gold_gain":0,"player_choice":"Fought Bandits","damage_taken":0,"max_hp_gain":0,"max_hp_loss":0,"event_name":"Masked Bandits","floor":22,"gold_loss":0}],"is_beta":true,"boss_relics":[{"not_picked":["Orrery","Pandora\u0027s Box"],"picked":"Astrolabe"}],"items_purged_floors":[],"is_endless":false,"potions_floor_spawned":[1,10,13,16,19],"killed_by":"Masked Bandits","ascension_level":19}