{"gold_per_floor":[116,130,144,154,173,208,208,228,228,228],"floor_reached":10,"playtime":534,"items_purged":[],"score":101,"play_id":"87a5df69-71cf-4c9a-b4cb-46a9725f15f2","local_time":"20190130031848","is_ascension_mode":true,"campfire_choices":[{"floor":7,"key":"REST"}],"neow_cost":"TEN_PERCENT_HP_LOSS","seed_source_timestamp":107250491803700,"circlet_count":0,"master_deck":["Strike_B","Strike_B","Strike_B","Strike_B","Defend_B","Defend_B","Defend_B","Defend_B","Zap","Dualcast","Thinking Ahead","Thinking Ahead","Coolheaded","Loop","Chill","Skim","Compile Driver","Electrodynamics","Loop"],"relics":["Cracked Core","Potion Belt","Turnip"],"potions_floor_usage":[8],"damage_taken":[{"damage":1,"enemies":"Cultist","floor":1,"turns":3},{"damage":8,"enemies":"2 Louse","floor":2,"turns":3},{"damage":3,"enemies":"Small Slimes","floor":3,"turns":3},{"damage":7,"enemies":"3 Louse","floor":4,"turns":4},{"damage":0,"enemies":"Gremlin Gang","floor":5,"turns":8},{"damage":26,"enemies":"3 Sentries","floor":6,"turns":7},{"damage":12,"enemies":"Exordium Thugs","floor":8,"turns":4},{"damage":33,"enemies":"Gremlin Nob","floor":10,"turns":4}],"seed_played":"1404481247480340934","potions_obtained":[{"floor":2,"key":"Explosive Potion"},{"floor":3,"key":"FearPotion"},{"floor":5,"key":"Poison Potion"}],"is_trial":false,"path_per_floor":["M","M","M","M","M","E","R","M","T","E"],"character_chosen":"DEFECT","items_purchased":[],"campfire_rested":1,"item_purchase_floors":[],"current_hp_per_floor":[67,59,56,49,49,23,43,31,31,0],"gold":228,"neow_bonus":"RANDOM_COLORLESS_2","is_prod":false,"is_daily":false,"chose_seed":false,"campfire_upgraded":0,"win_rate":0,"timestamp":1548836328,"path_taken":["M","M","M","M","?","E","R","M","T","E"],"build_version":"2019-01-23","purchased_purges":0,"victory":false,"max_hp_per_floor":[68,68,68,68,68,68,68,68,68,68],"card_choices":[{"not_picked":["Rebound","Auto Shields"],"picked":"Coolheaded","floor":1},{"not_picked":["Redo","Tempest"],"picked":"Loop","floor":2},{"not_picked":["Scrape","Aggregate"],"picked":"Chill","floor":3},{"not_picked":["Scrape","Gash"],"picked":"Skim","floor":4},{"not_picked":["Streamline","Beam Cell"],"picked":"Compile Driver","floor":5},{"not_picked":["Beam Cell","Steam"],"picked":"Electrodynamics","floor":6},{"not_picked":["Consume","Sweeping Beam"],"picked":"Loop","floor":8}],"player_experience":2039987,"relics_obtained":[{"floor":6,"key":"Potion Belt"},{"floor":9,"key":"Turnip"}],"event_choices":[],"is_beta":false,"boss_relics":[],"items_purged_floors":[],"is_endless":false,"potions_floor_spawned":[2,3,5],"killed_by":"Gremlin Nob","ascension_level":8}