{"gold_per_floor":[114,114,114,128,146,146,166,166,189,203,203,203,238,238],"floor_reached":14,"playtime":549,"items_purged":[],"score":158,"play_id":"0e46a35a-f804-4b08-a04e-ef1ed6614418","local_time":"20190501181401","is_ascension_mode":true,"campfire_choices":[{"data":"Bash","floor":6,"key":"SMITH"},{"floor":12,"key":"REST"}],"neow_cost":"NONE","seed_source_timestamp":878542075998027,"circlet_count":0,"master_deck":["AscendersBane","Strike_R","Strike_R","Strike_R+1","Strike_R","Defend_R","Defend_R","Defend_R","Defend_R+1","Bash+1","Flame Barrier","Rampage","Armaments","Anger","Whirlwind"],"relics":["Burning Blood","Strawberry","Golden Idol","Smiling Mask","Calipers"],"potions_floor_usage":[13],"damage_taken":[{"damage":0,"enemies":"Small Slimes","floor":1,"turns":3},{"damage":0,"enemies":"2 Louse","floor":4,"turns":3},{"damage":1,"enemies":"Cultist","floor":5,"turns":4},{"damage":8,"enemies":"3 Louse","floor":7,"turns":4},{"damage":17,"enemies":"Lots of Slimes","floor":10,"turns":5},{"damage":30,"enemies":"Gremlin Nob","floor":13,"turns":5},{"damage":19,"enemies":"Gremlin Gang","floor":14,"turns":2}],"seed_played":"793196392984460677","potions_obtained":[{"floor":4,"key":"GamblersBrew"},{"floor":5,"key":"Dexterity Potion"},{"floor":7,"key":"Block Potion"}],"is_trial":false,"path_per_floor":["M","?","?","M","M","R","M","?","T","M","?","R","E","M"],"character_chosen":"IRONCLAD","items_purchased":[],"campfire_rested":1,"item_purchase_floors":[],"current_hp_per_floor":[74,70,45,51,56,56,54,26,26,15,15,39,15,0],"gold":238,"neow_bonus":"THREE_CARDS","is_prod":false,"is_daily":false,"chose_seed":false,"campfire_upgraded":1,"win_rate":0,"timestamp":1556727241,"path_taken":["M","?","?","M","M","R","M","?","T","M","?","R","E","?"],"build_version":"2019-04-23","purchased_purges":0,"victory":false,"max_hp_per_floor":[75,82,82,82,82,82,82,82,82,82,82,82,82,82],"card_choices":[{"not_picked":["Headbutt","Rupture"],"picked":"Flame Barrier","floor":0},{"not_picked":["Havoc","Flex"],"picked":"Rampage","floor":1},{"not_picked":["Body Slam","Carnage"],"picked":"Armaments","floor":4},{"not_picked":["Power Through","Clothesline","Heavy Blade"],"picked":"SKIP","floor":5},{"not_picked":["Whirlwind","Headbutt"],"picked":"Anger","floor":7},{"not_picked":["Heavy Blade","Body Slam","Wild Strike"],"picked":"SKIP","floor":10},{"not_picked":["Warcry","Feel No Pain","Clothesline"],"picked":"SKIP","floor":13}],"player_experience":1402736,"relics_obtained":[{"floor":9,"key":"Smiling Mask"},{"floor":13,"key":"Calipers"}],"event_choices":[{"damage_healed":0,"gold_gain":0,"player_choice":"Success","damage_taken":11,"relics_obtained":["Strawberry"],"max_hp_gain":0,"max_hp_loss":0,"event_name":"Scrap Ooze","floor":2,"gold_loss":0},{"damage_healed":0,"gold_gain":0,"player_choice":"Entered Light","damage_taken":25,"max_hp_gain":0,"max_hp_loss":0,"event_name":"Shining Light","floor":3,"gold_loss":0,"cards_upgraded":["Defend_R","Strike_R"]},{"damage_healed":0,"gold_gain":0,"player_choice":"Take Damage","damage_taken":28,"relics_obtained":["Golden Idol"],"max_hp_gain":0,"max_hp_loss":0,"event_name":"Golden Idol","floor":8,"gold_loss":0},{"damage_healed":0,"gold_gain":0,"cards_transformed":["Strike_R"],"player_choice":"Transformed","damage_taken":0,"max_hp_gain":0,"max_hp_loss":0,"event_name":"Transmorgrifier","floor":11,"gold_loss":0,"cards_obtained":["Whirlwind"]}],"is_beta":true,"boss_relics":[],"items_purged_floors":[],"is_endless":false,"potions_floor_spawned":[4,5,7],"killed_by":"Gremlin Gang","ascension_level":15}