{"gold_per_floor":[119,119,44,60,74,100,100,100,147,147,162,112,126,141,141,244,244,256,256,267,29,29,29,56,56,132,149,182,202,202,202,202,202],"floor_reached":33,"playtime":3792,"items_purged":["Defend_R","Defend_R","Strike_R"],"score":401,"play_id":"d5181366-f117-42de-8e0b-98d7e8a77c99","local_time":"20190104224715","is_ascension_mode":true,"campfire_choices":[{"data":"Panache","floor":7.0,"key":"SMITH"},{"data":"Seeing Red","floor":10.0,"key":"SMITH"},{"floor":15,"key":"REST"},{"floor":23,"key":"REST"},{"floor":30,"key":"REST"},{"data":"Armaments","floor":32,"key":"SMITH"}],"neow_cost":"PERCENT_DAMAGE","seed_source_timestamp":0,"circlet_count":0,"master_deck":["AscendersBane","Strike_R","Defend_R","Defend_R","Bash","Violence","Panache+1","Flex","Intimidate","Seeing Red+1","Immolate","Havoc","Battle Trance","Whirlwind","Anger","Demon Form","Armaments+1","Transmutation","Battle Trance","Flex+1","Demon Form"],"special_seed":0,"relics":["Burning Blood","Regal Pillow","Smiling Mask","Mark of Pain","Enchiridion","Vajra","MutagenicStrength","Mercury Hourglass","Centennial Puzzle"],"potions_floor_usage":[22,33,33,33],"damage_taken":[{"damage":1.0,"enemies":"Cultist","floor":1.0,"turns":3.0},{"damage":4.0,"enemies":"2 Louse","floor":4.0,"turns":3.0},{"damage":2.0,"enemies":"Jaw Worm","floor":5.0,"turns":3.0},{"damage":30.0,"enemies":"Lagavulin","floor":6.0,"turns":6.0},{"damage":4.0,"enemies":"Red Slaver","floor":11.0,"turns":2.0},{"damage":7.0,"enemies":"Exordium Wildlife","floor":13.0,"turns":2.0},{"damage":14.0,"enemies":"Looter","floor":14.0,"turns":3.0},{"damage":58,"enemies":"The Guardian","floor":16,"turns":10},{"damage":12,"enemies":"3 Byrds","floor":18,"turns":4},{"damage":17,"enemies":"2 Thieves","floor":20,"turns":2},{"damage":21,"enemies":"Shelled Parasite and Fungi","floor":22,"turns":3},{"damage":3,"enemies":"Chosen and Byrds","floor":27,"turns":4},{"damage":20,"enemies":"Gremlin Leader","floor":28,"turns":4},{"damage":15,"enemies":"Snecko","floor":29,"turns":5},{"damage":80,"enemies":"Automaton","floor":33,"turns":6}],"seed_played":"-4100778630496464459","potions_obtained":[{"floor":5.0,"key":"AttackPotion"},{"floor":6.0,"key":"Ancient Potion"},{"floor":18,"key":"SmokeBomb"},{"floor":20,"key":"SteroidPotion"},{"floor":29,"key":"LiquidBronze"}],"is_trial":false,"path_per_floor":["M","?","$","M","M","E","R","?","T","R","M","$","M","M","R","B",null,"M","?","M","$","M","R","T","?","T","M","E","M","R","?","R","B"],"character_chosen":"IRONCLAD","items_purchased":["Transmutation"],"campfire_rested":3,"item_purchase_floors":[21],"current_hp_per_floor":[56,56,56,58,62,38,38,38,38,38,40,40,39,31,70,18,65,59,43,32,32,17,56,56,56,56,59,45,36,75,75,75,0],"gold":202,"neow_bonus":"RANDOM_COLORLESS_2","is_prod":false,"is_daily":false,"chose_seed":false,"campfire_upgraded":3,"win_rate":0,"timestamp":1546660035,"path_taken":["M","?","?","?","?","E","R","?","T","R","M","?","M","M","R","BOSS","M","?","M","$","M","R","?","?","T","M","E","M","R","?","R","BOSS"],"build_version":"2019-01-03v4","purchased_purges":3,"victory":false,"max_hp_per_floor":[80,80,80,80,80,80,80,80,80,80,80,80,80,80,80,80,80,80,80,80,80,80,80,80,80,80,80,80,80,80,80,80,80],"card_choices":[{"not_picked":["Power Through","Burning Pact"],"picked":"Flex","floor":1.0},{"not_picked":["Twin Strike","Pommel Strike"],"picked":"Intimidate","floor":4.0},{"not_picked":["Hemokinesis","Reckless Charge"],"picked":"Seeing Red","floor":5.0},{"not_picked":["Dark Embrace","Reckless Charge"],"picked":"Immolate","floor":6.0},{"not_picked":["True Grit","Havoc"],"picked":"Battle Trance","floor":11.0},{"not_picked":["Cleave","Spot Weakness"],"picked":"Whirlwind","floor":13.0},{"not_picked":["Pommel Strike","Flex"],"picked":"Anger","floor":14.0},{"not_picked":["Exhume","Limit Break"],"picked":"Demon Form","floor":16},{"not_picked":["True Grit","Perfected Strike"],"picked":"Armaments","floor":18},{"not_picked":["Havoc","Seeing Red","Combust+1"],"picked":"SKIP","floor":20},{"not_picked":["Blood for Blood+1","Carnage"],"picked":"Battle Trance","floor":27},{"not_picked":["Twin Strike","Blood for Blood"],"picked":"Flex+1","floor":28},{"not_picked":["Combust","Flex+1"],"picked":"Demon Form","floor":29}],"player_experience":1677714,"relics_obtained":[{"floor":6.0,"key":"Regal Pillow"},{"floor":9.0,"key":"Smiling Mask"},{"floor":19,"key":"Enchiridion"},{"floor":24,"key":"Vajra"},{"floor":26,"key":"Mercury Hourglass"},{"floor":28,"key":"Centennial Puzzle"}],"event_choices":[{"cards_removed":["Strike_R"],"damage_healed":0.0,"max_hp_gain":0.0,"max_hp_loss":0.0,"gold_gain":0.0,"event_name":"Purifier","player_choice":"Purged","floor":2.0,"gold_loss":0.0,"damage_taken":0.0},{"damage_healed":0.0,"max_hp_gain":0.0,"max_hp_loss":0.0,"gold_gain":0.0,"cards_transformed":["Strike_R"],"event_name":"Living Wall","player_choice":"Change","floor":8.0,"gold_loss":0.0,"damage_taken":0.0,"cards_obtained":["Havoc"]},{"damage_healed":0,"gold_gain":0,"player_choice":"Obtained Book","damage_taken":16,"max_hp_gain":0,"max_hp_loss":0,"event_name":"Cursed Tome","floor":19,"gold_loss":0},{"damage_healed":0,"gold_gain":0,"player_choice":"Inject Mutagens","damage_taken":0,"relics_obtained":["MutagenicStrength"],"max_hp_gain":0,"max_hp_loss":0,"event_name":"Drug Dealer","floor":25,"gold_loss":0},{"cards_removed":["Strike_R"],"damage_healed":0,"gold_gain":0,"player_choice":"Elegance","damage_taken":0,"max_hp_gain":0,"max_hp_loss":0,"event_name":"Back to Basics","floor":31,"gold_loss":0}],"is_beta":false,"boss_relics":[{"not_picked":["Velvet Choker","Runic Cube"],"picked":"Mark of Pain"}],"items_purged_floors":[3,12,21],"is_endless":false,"potions_floor_spawned":[5,6,18,20,29],"killed_by":"Automaton","ascension_level":10}