{"gold_per_floor":[114,64,64,78,92,117,173,173,200,200,30,30,30,61,61,158,158,168,267,267,283,283,314,314,99,122,122],"floor_reached":27,"playtime":924,"items_purged":["Strike_B"],"score":235,"play_id":"71c6f2cd-6e80-43ae-814e-e83d52b4169f","local_time":"20190402215551","is_ascension_mode":false,"campfire_choices":[{"floor":10,"key":"REST"},{"data":"Dualcast","floor":13,"key":"SMITH"},{"data":"Defragment","floor":15,"key":"SMITH"},{"data":"Coolheaded","floor":24,"key":"SMITH"}],"neow_cost":"NONE","seed_source_timestamp":812013563376556,"circlet_count":0,"master_deck":["Strike_B","Defend_B","Defend_B","Defend_B","Defend_B+1","Zap+1","Dualcast+1","Doom and Gloom","Barrage","Defragment+1","Ball Lightning","Steam","Coolheaded+1","Streamline","Echo Form","Darkness+1","Beam Cell"],"relics":["Cracked Core","NeowsBlessing","War Paint","Pocketwatch","Juzu Bracelet","Blood Vial","Girya","Coffee Dripper","Bottled Lightning","Dodecahedron","Potion Belt","Tiny Chest","Bag of Preparation"],"potions_floor_usage":[16,27,27],"damage_taken":[{"damage":0,"enemies":"2 Louse","floor":1,"turns":1},{"damage":0,"enemies":"Small Slimes","floor":4,"turns":1},{"damage":0,"enemies":"Cultist","floor":5,"turns":1},{"damage":31,"enemies":"Lagavulin","floor":6,"turns":5},{"damage":14,"enemies":"Gremlin Nob","floor":7,"turns":3},{"damage":16,"enemies":"Gremlin Nob","floor":14,"turns":3},{"damage":8,"enemies":"Hexaghost","floor":16,"turns":7},{"damage":7,"enemies":"Shell Parasite","floor":18,"turns":4},{"damage":14,"enemies":"3 Byrds","floor":21,"turns":3},{"damage":12,"enemies":"Gremlin Leader","floor":23,"turns":5},{"damage":65,"enemies":"Slavers","floor":27,"turns":5}],"seed_played":"1493573795962579900","potions_obtained":[{"floor":1,"key":"Dexterity Potion"},{"floor":5,"key":"SkillPotion"},{"floor":14,"key":"SneckoOil"},{"floor":16,"key":"Strength Potion"}],"is_trial":false,"path_per_floor":["M","?","?","M","M","E","?","?","T","R","$","?","R","E","R","B",null,"M","?","T","M","?","E","R","$","T","E"],"character_chosen":"DEFECT","items_purchased":["Coolheaded","Block Potion","Beam Cell","Regen Potion","Tiny Chest"],"campfire_rested":1,"item_purchase_floors":[11,11,25,25,25],"current_hp_per_floor":[75,75,75,75,75,44,30,27,27,49,49,49,49,35,35,29,75,68,68,68,56,56,46,46,46,46,0],"gold":122,"neow_bonus":"THREE_ENEMY_KILL","is_prod":false,"is_daily":false,"chose_seed":false,"campfire_upgraded":3,"win_rate":0.0,"timestamp":1554234951,"path_taken":["M","?","?","?","M","E","?","?","T","R","$","?","R","E","R","BOSS","M","?","?","M","?","E","R","$","T","E"],"build_version":"2019-03-15","purchased_purges":1,"victory":false,"max_hp_per_floor":[75,75,75,75,75,75,75,75,75,75,75,75,75,75,75,75,75,75,75,75,75,75,75,75,75,75,75],"card_choices":[{"not_picked":["Chill","Reprogram"],"picked":"Doom and Gloom","floor":1},{"not_picked":["Hello World","White Noise"],"picked":"Barrage","floor":4},{"not_picked":["Steam Power","White Noise"],"picked":"Defragment","floor":5},{"not_picked":["Blizzard","Lockon"],"picked":"Ball Lightning","floor":6},{"not_picked":["Steam Power","Blizzard"],"picked":"Steam","floor":7},{"not_picked":["Aggregate","Steam"],"picked":"Streamline","floor":14},{"not_picked":["Electrodynamics","Buffer"],"picked":"Echo Form","floor":16},{"not_picked":["Rebound+1","Barrage+1"],"picked":"Darkness+1","floor":18},{"not_picked":["Streamline+1","Cold Snap","Scrape"],"picked":"SKIP","floor":21},{"not_picked":["Conserve Battery","Aggregate+1","Undo"],"picked":"SKIP","floor":23}],"player_experience":1112871,"relics_obtained":[{"floor":6,"key":"War Paint"},{"floor":7,"key":"Pocketwatch"},{"floor":9,"key":"Blood Vial"},{"floor":14,"key":"Girya"},{"floor":20,"key":"Bottled Lightning"},{"floor":23,"key":"Potion Belt"},{"floor":26,"key":"Bag of Preparation"}],"event_choices":[{"cards_removed":["Strike_B"],"damage_healed":0,"gold_gain":0,"player_choice":"Card Removal","damage_taken":0,"max_hp_gain":0,"max_hp_loss":0,"event_name":"The Cleric","floor":2,"gold_loss":50},{"cards_removed":["Strike_B"],"damage_healed":0,"gold_gain":0,"player_choice":"Purged","damage_taken":0,"max_hp_gain":0,"max_hp_loss":0,"event_name":"Purifier","floor":3,"gold_loss":0},{"damage_healed":0,"gold_gain":30,"player_choice":"Searched \u00273\u0027 times","damage_taken":0,"max_hp_gain":0,"max_hp_loss":0,"event_name":"Dead Adventurer","floor":7,"gold_loss":0},{"damage_healed":0,"gold_gain":0,"player_choice":"Success","damage_taken":3,"relics_obtained":["Juzu Bracelet"],"max_hp_gain":0,"max_hp_loss":0,"event_name":"Scrap Ooze","floor":8,"gold_loss":0},{"damage_healed":0,"gold_gain":0,"player_choice":"Ignored","damage_taken":0,"max_hp_gain":0,"max_hp_loss":0,"event_name":"Liars Game","floor":12,"gold_loss":0},{"damage_healed":0,"gold_gain":99,"player_choice":"Stole From Cult","damage_taken":0,"max_hp_gain":0,"max_hp_loss":0,"event_name":"Nest","floor":19,"gold_loss":0},{"damage_healed":0,"gold_gain":0,"player_choice":"Gave Potion","damage_taken":0,"relics_obtained":["Dodecahedron"],"max_hp_gain":0,"max_hp_loss":0,"event_name":"WeMeetAgain","floor":22,"gold_loss":0}],"is_beta":true,"boss_relics":[{"not_picked":["Orrery","Black Star"],"picked":"Coffee Dripper"}],"items_purged_floors":[11],"is_endless":false,"potions_floor_spawned":[1,5,14,16],"killed_by":"Slavers","ascension_level":0}