{"gold_per_floor":[111,111,186,136,148,182,182,207,231,231,259,259,259,290,290,290],"floor_reached":16,"playtime":520,"items_purged":[],"score":238,"play_id":"f01b3fb6-7b37-43ca-8c85-65f1078b9752","local_time":"20190428134245","is_ascension_mode":true,"campfire_choices":[{"data":"Neutralize","floor":7,"key":"SMITH"},{"data":"Blade Dance","floor":10,"key":"SMITH"},{"floor":12,"key":"REST"},{"data":"After Image","floor":15,"key":"SMITH"}],"neow_cost":"NONE","seed_source_timestamp":603094884461804,"circlet_count":0,"master_deck":["AscendersBane","Defend_G","Defend_G","Defend_G","Defend_G","Defend_G","Strike_G","Strike_G","Strike_G+1","Strike_G+1","Survivor","Neutralize+1","Dash","Blade Dance+1","Backflip","Sucker Punch","Dodge and Roll","After Image+1"],"relics":["Ring of the Snake","NeowsBlessing","Art of War","Ornamental Fan","Juzu Bracelet","Whetstone","Ninja Scroll","Nunchaku"],"potions_floor_usage":[11,16,16],"damage_taken":[{"damage":0,"enemies":"2 Louse","floor":1,"turns":1},{"damage":0,"enemies":"Jaw Worm","floor":5,"turns":1},{"damage":0,"enemies":"Lagavulin","floor":6,"turns":1},{"damage":22,"enemies":"3 Sentries","floor":8,"turns":12},{"damage":14,"enemies":"Lagavulin","floor":11,"turns":6},{"damage":5,"enemies":"3 Sentries","floor":14,"turns":8},{"damage":39,"enemies":"Slime Boss","floor":16,"turns":8}],"seed_played":"-1222157306398797311","potions_obtained":[{"floor":6,"key":"Swift Potion"},{"floor":8,"key":"FearPotion"},{"floor":11,"key":"Dexterity Potion"}],"is_trial":false,"path_per_floor":["M","?","?","?","M","E","R","E","T","R","E","R","T","E","R","B"],"character_chosen":"THE_SILENT","items_purchased":[],"campfire_rested":1,"item_purchase_floors":[],"current_hp_per_floor":[63,68,57,57,57,57,57,35,35,35,21,43,43,38,38,0],"gold":290,"neow_bonus":"THREE_ENEMY_KILL","is_prod":false,"is_daily":false,"chose_seed":false,"campfire_upgraded":3,"win_rate":0,"timestamp":1556451765,"path_taken":["M","?","?","?","M","E","R","E","T","R","E","R","?","E","R","BOSS"],"build_version":"2019-04-23","purchased_purges":0,"victory":false,"max_hp_per_floor":[70,75,75,75,75,75,75,75,75,75,75,75,75,75,75,75],"card_choices":[{"not_picked":["Underhanded Strike","Heel Hook"],"picked":"Dash","floor":1},{"not_picked":["Outmaneuver","Quick Slash"],"picked":"Blade Dance","floor":5},{"not_picked":["Flying Knee","Concentrate"],"picked":"Backflip","floor":6},{"not_picked":["Wraith Form v2","Doppelganger"],"picked":"Sucker Punch","floor":8},{"not_picked":["Crippling Poison","Reflex"],"picked":"Dodge and Roll","floor":11},{"not_picked":["Acrobatics","Dagger Throw"],"picked":"After Image","floor":14}],"player_experience":1277205,"relics_obtained":[{"floor":6,"key":"Art of War"},{"floor":8,"key":"Ornamental Fan"},{"floor":9,"key":"Juzu Bracelet"},{"floor":11,"key":"Whetstone"},{"floor":13,"key":"Ninja Scroll"},{"floor":14,"key":"Nunchaku"}],"event_choices":[{"damage_healed":0,"gold_gain":0,"player_choice":"Donut","damage_taken":0,"max_hp_gain":5,"max_hp_loss":0,"event_name":"Big Fish","floor":2,"gold_loss":0},{"damage_healed":0,"gold_gain":75,"player_choice":"Gather Gold","damage_taken":11,"max_hp_gain":0,"max_hp_loss":0,"event_name":"World of Goop","floor":3,"gold_loss":0},{"cards_removed":["Strike_G"],"damage_healed":0,"gold_gain":0,"player_choice":"Card Removal","damage_taken":0,"max_hp_gain":0,"max_hp_loss":0,"event_name":"The Cleric","floor":4,"gold_loss":50}],"is_beta":true,"boss_relics":[],"items_purged_floors":[],"is_endless":false,"potions_floor_spawned":[6,8,11],"killed_by":"Slime Boss","ascension_level":12}