{"path_per_floor":["M","$","M","$","M","E","R","M","T","E","M","R","?","M","R","B",null,"M","?","$","M","M","$","M","M","T","?","$","M","T","M","R","B",null,"M","M","M","$","?","R","M","M","T","M","M","?","M","M","R","B"],"character_chosen":"IRONCLAD","items_purchased":["Oddly Smooth Stone","Juggernaut","Shrug It Off","Whirlwind","Metallicize","Toxic Egg"],"gold_per_floor":[115,40,51,51,68,398,398,416,442,472,484,484,484,497,497,598,598,609,609,355,366,380,59,76,94,145,145,111,124,124,140,140,244,244,255,273,285,55,55,55,65,77,147,157,169,218,234,248,248,248],"floor_reached":51,"campfire_rested":1,"playtime":5307,"current_hp_per_floor":[68,68,71,71,76,17,17,21,21,27,28,28,28,34,58,30,80,48,48,48,48,25,25,9,46,46,46,46,42,42,49,49,25,80,77,79,78,78,78,78,80,80,80,76,80,80,80,79,79,74],"items_purged":["Defend_R","Strike_R","Strike_R"],"gold":248,"play_id":"bdc51fb5-5ab0-4e79-966f-93d65259d403","is_prod":false,"is_daily":false,"is_ascension_mode":false,"campfire_upgraded":5,"path_taken":["M","$","M","?","M","E","R","M","T","E","M","R","?","M","R","BOSS","M","?","$","M","M","$","M","M","T","?","$","M","?","M","R","BOSS","M","M","M","$","?","R","M","M","T","M","M","?","M","M","R","BOSS"],"build_version":"2018-01-25-PROD3","purchased_purges":5,"victory":true,"master_deck":["Strike_R","Strike_R","Strike_R","Defend_R","Impervious","Armaments+1","Shrug It Off+1","Iron Wave+1","Immolate","Battle Trance","Body Slam+1","Juggernaut","Shrug It Off","Iron Wave+1","Whirlwind+1","Offering+1","Body Slam+1","Bloodletting","Metallicize","Decay","Metallicize"],"max_hp_per_floor":[80,80,80,80,80,80,80,80,80,80,80,80,80,80,80,80,80,80,80,80,80,80,80,80,80,80,80,80,80,80,80,80,80,80,80,80,80,80,80,80,80,80,80,80,80,80,80,80,80,80],"relics":["Burning Blood","Old Coin","Pen Nib","Bird Faced Urn","Lizard Tail","Oddly Smooth Stone","Bronze Scales","Torii","Cursed Key","Toxic Egg","Meat on the Bone","Frozen Eye"],"card_choices":[{"not_picked":["Burning Pact","Clothesline"],"picked":"Armaments"},{"not_picked":["Headbutt","Twin Strike"],"picked":"Shrug It Off"},{"not_picked":["Havoc","Blood for Blood"],"picked":"Iron Wave"},{"not_picked":["Rampage","Fire Breathing"],"picked":"Immolate"},{"not_picked":["Perfected Strike","Uppercut"],"picked":"Battle Trance"},{"not_picked":["Shockwave","Thunderclap"],"picked":"Body Slam"},{"not_picked":["True Grit","Havoc"],"picked":"Iron Wave"},{"not_picked":["Feed","Juggernaut"],"picked":"Offering"},{"not_picked":["Intimidate","Second Wind"],"picked":"Body Slam"},{"not_picked":["Havoc","Battle Trance"],"picked":"Bloodletting"},{"not_picked":["Body Slam","Shrug It Off"],"picked":"Metallicize"}],"player_experience":353807,"potions_floor_usage":[3,6,10,21,24,33,33,41,42,50,50,50],"damage_taken":[{"damage":18,"enemies":"Blue Slaver","floor":1,"turns":6},{"damage":3,"enemies":"Jaw Worm","floor":3,"turns":4},{"damage":1,"enemies":"2 Louse","floor":5,"turns":4},{"damage":75,"enemies":"Gremlin Nob","floor":6,"turns":7},{"damage":2,"enemies":"Looter","floor":8,"turns":5},{"damage":15,"enemies":"3 Sentries","floor":10,"turns":11},{"damage":5,"enemies":"Lots of Slimes","floor":11,"turns":5},{"damage":0,"enemies":"Red Slaver","floor":14,"turns":6},{"damage":34,"enemies":"Slime Boss","floor":16,"turns":16},{"damage":38,"enemies":"3 Byrds","floor":18,"turns":10},{"damage":6,"enemies":"Spheric Guardian","floor":21,"turns":6},{"damage":29,"enemies":"Snecko","floor":22,"turns":11},{"damage":24,"enemies":"Slaver and Parasite","floor":24,"turns":9},{"damage":10,"enemies":"Snake Plant","floor":25,"turns":7},{"damage":12,"enemies":"Snecko","floor":29,"turns":5},{"damage":1,"enemies":"Centurion and Healer","floor":31,"turns":6},{"damage":32,"enemies":"Automaton","floor":33,"turns":12},{"damage":11,"enemies":"3 Darklings","floor":35,"turns":4},{"damage":6,"enemies":"3 Shapes","floor":36,"turns":6},{"damage":9,"enemies":"Sphere and 2 Shapes","floor":37,"turns":4},{"damage":8,"enemies":"4 Shapes","floor":41,"turns":5},{"damage":10,"enemies":"3 Darklings","floor":42,"turns":2},{"damage":14,"enemies":"Maw","floor":44,"turns":7},{"damage":4,"enemies":"4 Shapes","floor":45,"turns":4},{"damage":10,"enemies":"Mysterious Sphere","floor":46,"turns":4},{"damage":8,"enemies":"Sphere and 2 Shapes","floor":47,"turns":5},{"damage":7,"enemies":"3 Darklings","floor":48,"turns":1},{"damage":17,"enemies":"Donu and Deca","floor":50,"turns":9}],"event_choices":[{"event_name":"Living Wall","player_choice":"Grow","floor":13,"damage_taken":0},{"event_name":"Bonfire Elementals","player_choice":"BASIC","floor":19,"damage_taken":0},{"event_name":"Drug Dealer","player_choice":"Ignored","floor":27,"damage_taken":0},{"event_name":"Mysterious Sphere","player_choice":"Fight","floor":46,"damage_taken":0}],"boss_relics":[{"not_picked":["Runic Dome","Tiny House"],"picked":"Lizard Tail"},{"not_picked":["Eternal Feather","Philosopher\u0027s Stone"],"picked":"Cursed Key"}],"potions_floor_spawned":[1,5,8,16,22,25,29,31,35,37,44,47],"seed_played":"8021959462270512416","ascension_level":0,"is_trial":false}