{"path_per_floor":["M","M","M","M","M","E","R","E","T","$","M","M","M","M","R","B",null,"M","M","M","$","?","R","E","R","T","?","M","?","R","M","R","B",null,"M","M","$","M","T","R"],"character_chosen":"IRONCLAD","items_purchased":["Pantograph","Ghostly Armor"],"gold_per_floor":[113,133,153,169,181,215,215,241,266,23,40,50,70,85,85,182,182,182,182,182,107,107,107,107,107,107,107,107,107,107,107,107,107,107,107,107,40,40,40,40],"floor_reached":41,"campfire_rested":1,"playtime":3522,"current_hp_per_floor":[73,71,68,72,71,44,44,44,44,44,50,49,43,38,38,30,87,66,69,57,57,86,86,85,85,85,60,60,60,60,23,41,13,60,60,55,55,23,23,23],"items_purged":["Strike_R"],"gold":40,"play_id":"d5cd251f-7f49-4921-b1d8-1f1158467962","is_prod":false,"is_daily":false,"is_ascension_mode":false,"campfire_upgraded":6,"path_taken":["M","M","M","M","M","E","R","E","T","?","M","M","M","M","R","BOSS","M","M","M","$","?","R","E","R","T","?","?","?","R","M","R","BOSS","M","?","$","?","?","R","M"],"build_version":"2018-01-25-PROD3","purchased_purges":1,"victory":false,"master_deck":["Defend_R","Defend_R","Defend_R","Defend_R","Bash","Shockwave+1","Inflame","Flex+1","Cleave","Anger","Inflame","Rampage+1","Heavy Blade","Heavy Blade","Limit Break+1","Double Tap+1","Bite_R","Bite_R","Bite_R","Bite_R","Bite_R","Shrug It Off","Offering+1","Warcry+1","Thunderclap+1","Ghostly Armor","Headbutt+1"],"max_hp_per_floor":[80,80,80,80,80,80,80,87,87,87,87,87,87,87,87,87,87,87,87,87,87,87,87,87,87,87,60,60,60,60,60,60,60,60,60,60,60,60,60,60],"relics":["Black Blood","Letter Opener","Strawberry","Bronze Scales","Pantograph","Ectoplasm","Tiny Chest","Calipers","Peace Pipe"],"card_choices":[{"not_picked":["Intimidate","Warcry"],"picked":"Shockwave"},{"not_picked":["Sword Boomerang","Warcry"],"picked":"Inflame"},{"not_picked":["Wild Strike","Sever Soul"],"picked":"Flex"},{"not_picked":["Shockwave","Reckless Charge"],"picked":"Cleave"},{"not_picked":["Fire Breathing","Body Slam"],"picked":"Anger"},{"not_picked":["Sword Boomerang","Combust"],"picked":"Inflame"},{"not_picked":["Fiend Fire","Clothesline"],"picked":"Rampage"},{"not_picked":["Sword Boomerang","Corruption"],"picked":"Heavy Blade"},{"not_picked":["Shrug It Off","Cleave"],"picked":"Heavy Blade"},{"not_picked":["Heavy Blade","Headbutt"],"picked":"Limit Break"},{"not_picked":["Immolate","Berserk"],"picked":"Double Tap"},{"not_picked":["Anger","Dual Wield"],"picked":"Shrug It Off"},{"not_picked":["Reaper","Brutality"],"picked":"Offering"},{"not_picked":["Fire Breathing","Pommel Strike"],"picked":"Warcry"},{"not_picked":["Wild Strike","Cleave"],"picked":"Thunderclap"},{"not_picked":["Brutality","Body Slam"],"picked":"Headbutt"}],"player_experience":307897,"potions_floor_usage":[5,6,8,8,11,19,28,33,33,33,41],"damage_taken":[{"damage":13,"enemies":"Blue Slaver","floor":1,"turns":5},{"damage":8,"enemies":"Jaw Worm","floor":2,"turns":3},{"damage":9,"enemies":"2 Louse","floor":3,"turns":2},{"damage":2,"enemies":"Exordium Wildlife","floor":4,"turns":4},{"damage":7,"enemies":"Looter","floor":5,"turns":4},{"damage":33,"enemies":"3 Sentries","floor":6,"turns":6},{"damage":13,"enemies":"Lagavulin","floor":8,"turns":4},{"damage":0,"enemies":"3 Louse","floor":11,"turns":2},{"damage":7,"enemies":"Exordium Thugs","floor":12,"turns":4},{"damage":12,"enemies":"2 Fungi Beasts","floor":13,"turns":3},{"damage":11,"enemies":"Lots of Slimes","floor":14,"turns":4},{"damage":39,"enemies":"Slime Boss","floor":16,"turns":8},{"damage":27,"enemies":"Spheric Guardian","floor":18,"turns":4},{"damage":3,"enemies":"3 Byrds","floor":19,"turns":4},{"damage":18,"enemies":"3 Cultists","floor":20,"turns":5},{"damage":7,"enemies":"Gremlin Leader","floor":24,"turns":5},{"damage":10,"enemies":"Sentry and Sphere","floor":28,"turns":3},{"damage":53,"enemies":"Slaver and Parasite","floor":31,"turns":5},{"damage":63,"enemies":"Collector","floor":33,"turns":7},{"damage":8,"enemies":"Orb Walker","floor":35,"turns":3},{"damage":21,"enemies":"3 Darklings","floor":36,"turns":4},{"damage":52,"enemies":"Sphere and 2 Shapes","floor":38,"turns":4}],"event_choices":[{"event_name":"The Library","player_choice":"Heal","floor":22,"damage_taken":0},{"event_name":"Vampires","player_choice":"Became a vampire","floor":27,"damage_taken":0},{"event_name":"Wheel of Change","player_choice":"Full Heal","floor":29,"damage_taken":0}],"boss_relics":[{"not_picked":["Cursed Key","Lizard Tail"],"picked":"Ectoplasm"},{"not_picked":["Pandora\u0027s Box","Velvet Choker"],"picked":"Black Blood"}],"potions_floor_spawned":[1,2,5,6,8,16,18,19,20,31,38],"seed_played":"-185142794405751601","killed_by":"4 Shapes","ascension_level":0,"is_trial":false}