{"gold_per_floor":[111,91,106,122,135,135,135,160,160,160,7,7,17,17,17,17],"floor_reached":16,"playtime":588,"items_purged":[],"score":175,"play_id":"525cbe0c-977c-4fdc-a9e0-95b01a17c44f","local_time":"20190120224019","is_ascension_mode":true,"campfire_choices":[{"floor":6,"key":"REST"},{"floor":10,"key":"REST"},{"floor":15,"key":"REST"}],"neow_cost":"PERCENT_DAMAGE","seed_source_timestamp":87988427047000,"circlet_count":0,"master_deck":["AscendersBane","Strike_R","Strike_R","Strike_R","Strike_R","Strike_R","Defend_R","Defend_R","Defend_R","Defend_R","Bash","Uppercut","Clothesline","Inflame","Flex","Brutality","Flame Barrier"],"relics":["Burning Blood","Gambling Chip","Kunai","Darkstone Periapt","Regal Pillow","Orichalcum"],"potions_floor_usage":[8,8],"damage_taken":[{"damage":16,"enemies":"Jaw Worm","floor":1,"turns":5},{"damage":4,"enemies":"Cultist","floor":3,"turns":3},{"damage":8,"enemies":"Small Slimes","floor":4,"turns":3},{"damage":19,"enemies":"Exordium Thugs","floor":5,"turns":6},{"damage":40,"enemies":"3 Sentries","floor":8,"turns":6},{"damage":26,"enemies":"Large Slime","floor":13,"turns":7},{"damage":76,"enemies":"The Guardian","floor":16,"turns":12}],"seed_played":"-6932794022921982200","potions_obtained":[{"floor":2,"key":"Dexterity Potion"},{"floor":4,"key":"Swift Potion"},{"floor":5,"key":"Energy Potion"}],"is_trial":false,"path_per_floor":["M","?","M","M","M","R","?","E","T","R","$","T","M","?","R","B"],"character_chosen":"IRONCLAD","items_purchased":["Regal Pillow"],"campfire_rested":3,"item_purchase_floors":[11],"current_hp_per_floor":[40,40,42,40,27,49,49,15,15,37,37,37,17,17,54,0],"gold":17,"neow_bonus":"ONE_RARE_RELIC","is_prod":false,"is_daily":false,"chose_seed":false,"campfire_upgraded":0,"win_rate":0,"timestamp":1548042019,"path_taken":["M","?","M","?","M","R","?","E","T","R","$","?","M","?","R","BOSS"],"build_version":"2019-01-17v2","purchased_purges":0,"victory":false,"max_hp_per_floor":[75,75,75,75,75,75,75,75,75,75,75,75,75,75,75,75],"card_choices":[{"not_picked":["True Grit","Wild Strike"],"picked":"Uppercut","floor":1},{"not_picked":["Flex","True Grit"],"picked":"Clothesline","floor":3},{"not_picked":["Thunderclap","Hemokinesis","Sentinel"],"picked":"SKIP","floor":4},{"not_picked":["Headbutt","Flex"],"picked":"Inflame","floor":5},{"not_picked":["Warcry","Heavy Blade"],"picked":"Flame Barrier","floor":8},{"not_picked":["Perfected Strike","Wild Strike","Rage"],"picked":"SKIP","floor":13}],"player_experience":1813983,"relics_obtained":[{"floor":8,"key":"Kunai"},{"floor":9,"key":"Darkstone Periapt"},{"floor":12,"key":"Orichalcum"}],"event_choices":[{"damage_healed":0,"gold_gain":0,"player_choice":"Bought 1 Potion","damage_taken":0,"max_hp_gain":0,"max_hp_loss":0,"event_name":"The Woman in Blue","floor":2,"gold_loss":0},{"damage_healed":0,"gold_gain":0,"player_choice":"2 cards matched","damage_taken":0,"max_hp_gain":0,"max_hp_loss":0,"event_name":"Match and Keep!","floor":7,"gold_loss":0,"cards_obtained":["Flex","Brutality"]},{"damage_healed":0,"gold_gain":0,"player_choice":"Ignored","damage_taken":0,"max_hp_gain":0,"max_hp_loss":0,"event_name":"Golden Idol","floor":14,"gold_loss":0}],"is_beta":false,"boss_relics":[],"items_purged_floors":[],"is_endless":false,"potions_floor_spawned":[4,5],"killed_by":"The Guardian","ascension_level":15}