{"gold_per_floor":[115,65,65,16,27,27,61,61,61,61,72,92,110,125,125,230,230,240,34,46,46,65,65,100,119,119,119,136,136,136,136],"floor_reached":31,"playtime":13053,"items_purged":[],"score":308,"play_id":"07801576-8212-4112-b3da-7e9cd45cb348","local_time":"20180915225759","is_ascension_mode":true,"campfire_choices":[{"data":"Sunder","floor":6,"key":"SMITH"},{"floor":15,"key":"REST"},{"floor":23,"key":"REST"},{"floor":27,"key":"REST"},{"floor":29,"key":"REST"},{"data":"Fusion","floor":30,"key":"SMITH"}],"neow_cost":"CURSE","seed_source_timestamp":101996801553573,"circlet_count":0,"master_deck":["Strike_B","Strike_B+1","Strike_B+1","Defend_B","Defend_B","Defend_B","Defend_B","Zap","Dualcast","Melter","Coolheaded","Sunder+1","Auto Shields","Genetic Algorithm","Darkness","Coolheaded","Fusion+1","Creative AI","Leap","Glacier+1","Chill+1","Conserve Battery+1","Go for the Eyes+1","Redo+1"],"relics":["Cracked Core","Torii","Whetstone","PreservedInsect","Kunai","Sozu","Runic Capacitor","WingedGreaves","Sundial"],"potions_floor_usage":[16,16,18],"damage_taken":[{"damage":0,"enemies":"2 Louse","floor":1,"turns":3},{"damage":2,"enemies":"Small Slimes","floor":5,"turns":3},{"damage":35,"enemies":"Lagavulin","floor":7,"turns":6},{"damage":1,"enemies":"Jaw Worm","floor":11,"turns":2},{"damage":9,"enemies":"Gremlin Gang","floor":12,"turns":4},{"damage":0,"enemies":"Exordium Wildlife","floor":13,"turns":1},{"damage":1,"enemies":"2 Fungi Beasts","floor":14,"turns":4},{"damage":39,"enemies":"Slime Boss","floor":16,"turns":13},{"damage":16,"enemies":"3 Byrds","floor":18,"turns":3},{"damage":14,"enemies":"Chosen","floor":20,"turns":6},{"damage":33,"enemies":"3 Cultists","floor":22,"turns":5},{"damage":17,"enemies":"Book of Stabbing","floor":24,"turns":7},{"damage":1,"enemies":"Chosen and Byrds","floor":25,"turns":7},{"damage":10,"enemies":"Snake Plant","floor":28,"turns":6},{"damage":56,"enemies":"3 Cultists","floor":31,"turns":6}],"seed_played":"2441613269128191579","potions_obtained":[{"floor":7,"key":"Swift Potion"},{"floor":12,"key":"Dexterity Potion"},{"floor":16,"key":"LiquidBronze"}],"is_trial":false,"path_per_floor":["M","?","?","$","M","R","E","?","T","$","M","M","M","M","R","B",null,"M","$","M","?","M","R","E","M","T","R","M","R","R"],"character_chosen":"DEFECT","items_purchased":["Coolheaded","Runic Capacitor"],"campfire_rested":4,"item_purchase_floors":[4,19],"current_hp_per_floor":[75,75,75,75,73,73,38,38,38,38,37,28,28,27,49,10,75,59,59,45,45,12,34,17,16,16,38,28,50,50,0],"gold":136,"neow_bonus":"ONE_RARE_RELIC","is_prod":false,"is_daily":false,"chose_seed":false,"campfire_upgraded":2,"win_rate":0,"timestamp":1537066679,"path_taken":["M","?","?","$","M","R","E","?","T","?","M","M","M","M","R","BOSS","M","$","M","?","M","R","E","M","T","R","M","R","R","M"],"build_version":"2018-09-06","purchased_purges":0,"victory":false,"max_hp_per_floor":[75,75,75,75,75,75,75,75,75,75,75,75,75,75,75,75,75,75,75,75,75,75,75,75,75,75,75,75,75,75,75],"card_choices":[{"not_picked":["Auto Shields","Leap"],"picked":"Melter","floor":1},{"not_picked":["Rebound","Static Discharge"],"picked":"Sunder","floor":5},{"not_picked":["Beam Cell","Barrage"],"picked":"Auto Shields","floor":7},{"not_picked":["Core Surge","Stack"],"picked":"Genetic Algorithm","floor":11},{"not_picked":["Steam Power","Beam Cell"],"picked":"Darkness","floor":12},{"not_picked":["Skim","Beam Cell"],"picked":"Coolheaded","floor":13},{"not_picked":["Beam Cell","Stack"],"picked":"Fusion","floor":14},{"not_picked":["Buffer","Core Surge"],"picked":"Creative AI","floor":16},{"not_picked":["Turbo","Coolheaded"],"picked":"Leap","floor":18},{"not_picked":["Stack","Coolheaded"],"picked":"Glacier+1","floor":20},{"not_picked":["Rebound","Reprogram"],"picked":"Chill+1","floor":22},{"not_picked":["Steam+1","Stack"],"picked":"Conserve Battery+1","floor":24},{"not_picked":["Skim","Sunder"],"picked":"Go for the Eyes+1","floor":25},{"not_picked":["Coolheaded","Beam Cell"],"picked":"Redo+1","floor":28}],"player_experience":827442,"relics_obtained":[{"floor":7,"key":"Whetstone"},{"floor":9,"key":"Kunai"},{"floor":24,"key":"WingedGreaves"},{"floor":26,"key":"Sundial"}],"event_choices":[{"event_name":"The Cleric","player_choice":"Card Removal","floor":2,"damage_taken":0},{"event_name":"Purifier","player_choice":"One Purge","floor":3,"damage_taken":0},{"event_name":"Dead Adventurer","player_choice":"Searched \u00271\u0027 times","floor":8,"damage_taken":0},{"event_name":"Beggar","player_choice":"Ignored","floor":21,"damage_taken":0}],"is_beta":false,"boss_relics":[{"not_picked":["Runic Dome","Tiny House"],"picked":"Sozu"}],"items_purged_floors":[],"is_endless":false,"potions_floor_spawned":[7,12,16,22,28],"killed_by":"3 Cultists","ascension_level":4}