{"gold_per_floor":[115,115,115,128,54,54,86,86,86,106,106,134,144,144,144,220,220,231,27,27,38,58,58,76,103,130,130,141,160,175,185,185,257,257,277,290,301,226,236,262,262,274,300,374,374,55,72,83,83,83,83,83,8,33,33],"floor_reached":55,"playtime":1906,"items_purged":["Strike_R","Strike_R"],"score":1271,"play_id":"2efc2211-cab5-4fb6-a1a0-d87105da1457","local_time":"20190430134544","is_ascension_mode":true,"campfire_choices":[{"data":"Uppercut","floor":6,"key":"SMITH"},{"data":"Iron Wave","floor":8,"key":"SMITH"},{"data":"Hemokinesis","floor":11,"key":"SMITH"},{"data":"Whirlwind","floor":15,"key":"SMITH"},{"data":"Disarm","floor":23,"key":"SMITH"},{"data":"Uppercut","floor":27,"key":"SMITH"},{"data":"Impervious","floor":32,"key":"SMITH"},{"data":"Feed","floor":41,"key":"SMITH"},{"floor":49,"key":"RECALL"},{"data":"Limit Break","floor":52,"key":"SMITH"}],"neow_cost":"NONE","seed_source_timestamp":774686895486959,"circlet_count":0,"master_deck":["AscendersBane","Strike_R","Defend_R","Defend_R","Defend_R","Defend_R","Bash+1","Anger","Pommel Strike","Uppercut+1","Iron Wave+1","Hemokinesis+1","Disarm+1","Uppercut+1","Whirlwind+1","Reaper","Dropkick","Shrug It Off","Dropkick","Impervious+1","Feed+1","Seeing Red+1","Heavy Blade","Limit Break+1","Offering","Armaments+1"],"relics":["Burning Blood","NeowsBlessing","Paper Frog","Red Skull","Omamori","Letter Opener","Mark of Pain","Brimstone","Mango","Strawberry","Black Star","Potion Belt","Anchor","Shuriken","Lantern","Ornamental Fan","Magic Flower"],"potions_floor_usage":[16,25,33,40,50,54,54],"damage_taken":[{"damage":0,"enemies":"Jaw Worm","floor":1,"turns":1},{"damage":0,"enemies":"Cultist","floor":4,"turns":1},{"damage":0,"enemies":"3 Sentries","floor":7,"turns":2},{"damage":0,"enemies":"Small Slimes","floor":10,"turns":2},{"damage":11,"enemies":"Gremlin Nob","floor":12,"turns":3},{"damage":16,"enemies":"Exordium Thugs","floor":13,"turns":3},{"damage":12,"enemies":"Slime Boss","floor":16,"turns":7},{"damage":1,"enemies":"Chosen","floor":18,"turns":4},{"damage":24,"enemies":"3 Byrds","floor":21,"turns":3},{"damage":34,"enemies":"Snake Plant","floor":22,"turns":3},{"damage":1,"enemies":"Snecko","floor":24,"turns":3},{"damage":47,"enemies":"Gremlin Leader","floor":25,"turns":5},{"damage":2,"enemies":"Shelled Parasite and Fungi","floor":28,"turns":2},{"damage":10,"enemies":"3 Cultists","floor":29,"turns":4},{"damage":2,"enemies":"Snecko","floor":30,"turns":3},{"damage":15,"enemies":"Snake Plant","floor":31,"turns":3},{"damage":107,"enemies":"Champ","floor":33,"turns":8},{"damage":2,"enemies":"Orb Walker","floor":35,"turns":2},{"damage":43,"enemies":"3 Darklings","floor":36,"turns":5},{"damage":28,"enemies":"Writhing Mass","floor":37,"turns":6},{"damage":50,"enemies":"4 Shapes","floor":39,"turns":3},{"damage":62,"enemies":"Giant Head","floor":40,"turns":7},{"damage":34,"enemies":"Sphere and 2 Shapes","floor":42,"turns":4},{"damage":35,"enemies":"Jaw Worm Horde","floor":47,"turns":4},{"damage":8,"enemies":"Maw","floor":48,"turns":6},{"damage":112,"enemies":"Donu and Deca","floor":50,"turns":6},{"damage":92,"enemies":"Shield and Spear","floor":54,"turns":5},{"damage":68,"enemies":"The Heart","floor":55,"turns":2}],"seed_played":"1323484177313439475","potions_obtained":[{"floor":7,"key":"GamblersBrew"},{"floor":12,"key":"Dexterity Potion"},{"floor":16,"key":"Regen Potion"},{"floor":21,"key":"Block Potion"},{"floor":25,"key":"Regen Potion"},{"floor":35,"key":"SteroidPotion"},{"floor":42,"key":"AttackPotion"},{"floor":47,"key":"Swift Potion"}],"is_trial":false,"path_per_floor":["M","?","T","M","$","R","E","R","T","M","R","E","M","?","R","B",null,"M","$","?","M","M","R","M","E","T","R","M","M","M","M","R","B",null,"M","M","M","$","M","E","R","M","T","T","?","$","M","M","R","B",null,"R","$","E","B"],"character_chosen":"IRONCLAD","items_purchased":["Uppercut","Brimstone","Lantern","Offering","BloodPotion"],"campfire_rested":0,"item_purchase_floors":[5,19,46,46,53],"current_hp_per_floor":[74,74,74,75,75,75,75,75,75,75,75,70,60,60,60,54,70,75,75,75,57,29,29,34,61,68,68,72,92,96,87,87,26,79,92,75,74,74,54,52,52,36,36,36,62,62,80,107,107,23,86,86,86,24,0],"gold":33,"neow_bonus":"THREE_ENEMY_KILL","is_prod":false,"is_daily":false,"chose_seed":false,"campfire_upgraded":9,"win_rate":0,"timestamp":1556624744,"path_taken":["M","?","?","?","$","R","E","R","T","M","R","E","M","?","R","BOSS","M","$","?","M","M","R","M","E","T","R","?","M","M","M","R","BOSS","M","?","M","$","M","E","R","M","T","?","?","$","M","M","R","BOSS","R","$","E","BOSS"],"build_version":"2019-04-23","purchased_purges":2,"victory":false,"max_hp_per_floor":[75,75,75,75,75,75,75,75,75,75,75,75,75,75,75,75,75,75,75,75,75,75,75,75,89,96,96,96,96,96,96,96,96,96,96,96,99,99,99,99,99,103,103,103,103,103,107,107,107,107,107,107,107,107,107],"card_choices":[{"not_picked":["Armaments","True Grit"],"picked":"Anger","floor":1},{"not_picked":["Hemokinesis","Shrug It Off"],"picked":"Pommel Strike","floor":4},{"not_picked":["Corruption","Wild Strike"],"picked":"Iron Wave","floor":7},{"not_picked":["Thunderclap","Armaments"],"picked":"Hemokinesis","floor":10},{"not_picked":["Clothesline","Havoc"],"picked":"Disarm","floor":12},{"not_picked":["Clash","Dark Embrace"],"picked":"Uppercut","floor":13},{"not_picked":["Double Tap","Bludgeon"],"picked":"Reaper","floor":16},{"not_picked":["Sentinel","Reckless Charge","Perfected Strike"],"picked":"SKIP","floor":18},{"not_picked":["Flex","Warcry","Sword Boomerang"],"picked":"SKIP","floor":21},{"not_picked":["Twin Strike+1","Warcry"],"picked":"Dropkick","floor":22},{"not_picked":["Uppercut","Anger"],"picked":"Shrug It Off","floor":24},{"not_picked":["Dual Wield","Anger"],"picked":"Dropkick","floor":25},{"not_picked":["Burning Pact","Perfected Strike"],"picked":"Impervious","floor":28},{"not_picked":["Wild Strike","Infernal Blade","Clash"],"picked":"SKIP","floor":29},{"not_picked":["Pommel Strike","Havoc","Anger"],"picked":"SKIP","floor":30},{"not_picked":["Metallicize","Flame Barrier","Blood for Blood"],"picked":"SKIP","floor":31},{"not_picked":["Double Tap","Demon Form"],"picked":"Feed","floor":33},{"not_picked":["Armaments","Perfected Strike","Iron Wave"],"picked":"SKIP","floor":35},{"not_picked":["Body Slam","Pommel Strike"],"picked":"Seeing Red+1","floor":36},{"not_picked":["Searing Blow","Anger"],"picked":"Heavy Blade","floor":37},{"not_picked":["Bloodletting","Burning Pact","Clash+1"],"picked":"SKIP","floor":39},{"not_picked":["Hemokinesis","Twin Strike"],"picked":"Limit Break","floor":40},{"not_picked":["Flame Barrier","Wild Strike","Perfected Strike"],"picked":"SKIP","floor":42},{"not_picked":["Sword Boomerang","Anger"],"picked":"Armaments+1","floor":47},{"not_picked":["Rupture","Heavy Blade","Fire Breathing"],"picked":"SKIP","floor":48},{"not_picked":["Clash","Dual Wield","Armaments"],"picked":"SKIP","floor":54}],"player_experience":1348639,"relics_obtained":[{"floor":3,"key":"Paper Frog"},{"floor":7,"key":"Red Skull"},{"floor":9,"key":"Omamori"},{"floor":12,"key":"Letter Opener"},{"floor":25,"key":"Mango"},{"floor":26,"key":"Strawberry"},{"floor":40,"key":"Potion Belt"},{"floor":40,"key":"Anchor"},{"floor":44,"key":"Shuriken"},{"floor":54,"key":"Ornamental Fan"},{"floor":54,"key":"Magic Flower"}],"event_choices":[{"damage_healed":0,"gold_gain":0,"player_choice":"Grow","damage_taken":0,"max_hp_gain":0,"max_hp_loss":0,"event_name":"Living Wall","floor":2,"gold_loss":0,"cards_upgraded":["Bash"]},{"damage_healed":0,"gold_gain":0,"cards_transformed":["Strike_R"],"player_choice":"Transformed","damage_taken":0,"max_hp_gain":0,"max_hp_loss":0,"event_name":"Transmorgrifier","floor":14,"gold_loss":0,"cards_obtained":["Whirlwind"]},{"cards_removed":["Strike_R"],"damage_healed":0,"gold_gain":0,"player_choice":"Purged","damage_taken":0,"max_hp_gain":0,"max_hp_loss":0,"event_name":"Purifier","floor":20,"gold_loss":0},{"damage_healed":26,"gold_gain":0,"player_choice":"Writhe","damage_taken":0,"max_hp_gain":0,"max_hp_loss":0,"event_name":"Winding Halls","floor":45,"gold_loss":0,"cards_obtained":["Writhe"]}],"is_beta":true,"boss_relics":[{"not_picked":["Runic Pyramid","Black Blood"],"picked":"Mark of Pain"},{"not_picked":["Pandora\u0027s Box","Astrolabe"],"picked":"Black Star"}],"items_purged_floors":[38,46],"is_endless":false,"potions_floor_spawned":[7,12,13,16,21,25,28,31,35,37,42,47],"killed_by":"The Heart","ascension_level":14}