{"gold_per_floor":[115,125,139,139,158,158,169,169,192,226,246,211,238,257,257,330,330,348,367,27,40,60,60,60,76,76,1,1,1,19,19,19,19],"floor_reached":33,"playtime":1952,"items_purged":["Strike_R"],"score":456,"play_id":"4661340a-6ead-44c1-8159-23240b6c5ec2","local_time":"20190428114928","is_ascension_mode":true,"campfire_choices":[{"data":"True Grit","floor":6,"key":"SMITH"},{"data":"Bash","floor":8,"key":"SMITH"},{"data":"Feed","floor":15,"key":"SMITH"},{"floor":23,"key":"REST"},{"data":"Armaments","floor":29,"key":"SMITH"},{"floor":32,"key":"REST"}],"neow_cost":"NONE","seed_source_timestamp":594865472371720,"circlet_count":0,"master_deck":["AscendersBane","Strike_R","Strike_R","Strike_R","Defend_R","Defend_R","Defend_R","Defend_R","Bash+1","Cleave","True Grit+1","Thunderclap","True Grit","Rage","Hemokinesis","Feed+1","Reaper","Shrug It Off","Inflame","Flame Barrier","Armaments+1","Iron Wave","Metallicize","Feed+1","Iron Wave"],"relics":["Burning Blood","PreservedInsect","Juzu Bracelet","Bag of Preparation","Lantern","Cursed Key","Omamori","Dream Catcher"],"potions_floor_usage":[16,16,21,33],"damage_taken":[{"damage":5,"enemies":"2 Louse","floor":1,"turns":4},{"damage":1,"enemies":"Cultist","floor":2,"turns":4},{"damage":12,"enemies":"Small Slimes","floor":3,"turns":3},{"damage":17,"enemies":"Blue Slaver","floor":5,"turns":4},{"damage":12,"enemies":"Large Slime","floor":7,"turns":6},{"damage":16,"enemies":"Gremlin Nob","floor":10,"turns":3},{"damage":6,"enemies":"3 Louse","floor":11,"turns":2},{"damage":18,"enemies":"Lagavulin","floor":13,"turns":5},{"damage":2,"enemies":"Red Slaver","floor":14,"turns":2},{"damage":51,"enemies":"Slime Boss","floor":16,"turns":11},{"damage":25,"enemies":"Shell Parasite","floor":18,"turns":5},{"damage":22,"enemies":"Chosen","floor":19,"turns":6},{"damage":41,"enemies":"Shelled Parasite and Fungi","floor":21,"turns":5},{"damage":33,"enemies":"Centurion and Healer","floor":22,"turns":10},{"damage":47,"enemies":"Snake Plant","floor":25,"turns":8},{"damage":27,"enemies":"Chosen and Byrds","floor":30,"turns":8},{"damage":92,"enemies":"Collector","floor":33,"turns":18}],"seed_played":"2549932291064264163","potions_obtained":[{"floor":4,"key":"PowerPotion"},{"floor":4,"key":"EssenceOfSteel"},{"floor":19,"key":"BloodPotion"},{"floor":25,"key":"Energy Potion"}],"is_trial":false,"path_per_floor":["M","M","M","?","M","R","M","R","T","E","M","?","E","M","R","B",null,"M","M","$","M","M","R","?","M","T","?","?","R","M","?","R","B"],"character_chosen":"IRONCLAD","items_purchased":["Omamori","Inflame","Flame Barrier"],"campfire_rested":2,"item_purchase_floors":[20,20,20],"current_hp_per_floor":[73,78,72,72,61,61,55,55,55,45,45,65,53,57,57,16,67,55,45,45,37,26,54,86,49,49,49,49,49,35,35,65,0],"gold":19,"neow_bonus":"RANDOM_COMMON_RELIC","is_prod":false,"is_daily":false,"chose_seed":false,"campfire_upgraded":4,"win_rate":0,"timestamp":1556444968,"path_taken":["M","M","M","?","M","R","?","R","T","E","M","?","E","M","R","BOSS","M","M","$","M","M","R","?","M","T","?","?","R","M","?","R","BOSS"],"build_version":"2019-04-23","purchased_purges":1,"victory":false,"max_hp_per_floor":[80,80,80,80,80,80,80,80,80,80,80,80,80,80,80,84,84,88,88,88,92,96,96,96,100,100,100,100,100,100,100,100,100],"card_choices":[{"not_picked":["Shrug It Off","Headbutt"],"picked":"Cleave","floor":1},{"not_picked":["Power Through","Warcry"],"picked":"True Grit","floor":2},{"not_picked":["Cleave","Reckless Charge"],"picked":"Thunderclap","floor":3},{"not_picked":["Flex","Blood for Blood"],"picked":"True Grit","floor":5},{"not_picked":["Warcry","Twin Strike"],"picked":"Rage","floor":7},{"not_picked":["Perfected Strike","Cleave"],"picked":"Hemokinesis","floor":10},{"not_picked":["Intimidate","Heavy Blade","Clash"],"picked":"SKIP","floor":11},{"not_picked":["Hemokinesis","Infernal Blade","Twin Strike"],"picked":"SKIP","floor":13},{"not_picked":["Dropkick","Combust"],"picked":"Feed","floor":14},{"not_picked":["Exhume","Limit Break"],"picked":"Reaper","floor":16},{"not_picked":["Evolve","Searing Blow+1","Havoc"],"picked":"SKIP","floor":18},{"not_picked":["Pommel Strike","Body Slam"],"picked":"Shrug It Off","floor":19},{"not_picked":["Inflame","Warcry"],"picked":"Armaments","floor":21},{"not_picked":["Clothesline","Flex"],"picked":"Iron Wave","floor":22},{"not_picked":["Cleave","Reckless Charge","Armaments"],"picked":"SKIP","floor":25},{"not_picked":["Barricade","Heavy Blade"],"picked":"Metallicize","floor":30},{"not_picked":["Shrug It Off","Feel No Pain"],"picked":"Iron Wave","floor":32}],"player_experience":1269035,"relics_obtained":[{"floor":9,"key":"Juzu Bracelet"},{"floor":10,"key":"Bag of Preparation"},{"floor":13,"key":"Lantern"},{"floor":26,"key":"Dream Catcher"}],"event_choices":[{"damage_healed":0,"gold_gain":0,"player_choice":"Got Potions","damage_taken":0,"max_hp_gain":0,"max_hp_loss":0,"event_name":"Lab","floor":4,"gold_loss":0},{"damage_healed":20,"gold_gain":0,"player_choice":"Healed","damage_taken":0,"max_hp_gain":0,"max_hp_loss":0,"event_name":"The Cleric","floor":12,"gold_loss":35},{"damage_healed":32,"gold_gain":0,"player_choice":"Heal","damage_taken":0,"max_hp_gain":0,"max_hp_loss":0,"event_name":"The Library","floor":24,"gold_loss":0},{"cards_removed":["Strike_R"],"damage_healed":0,"gold_gain":0,"player_choice":"Gave Gold","damage_taken":0,"max_hp_gain":0,"max_hp_loss":0,"event_name":"Beggar","floor":27,"gold_loss":75},{"damage_healed":0,"gold_gain":0,"player_choice":"Smashed Altar","damage_taken":0,"max_hp_gain":0,"max_hp_loss":0,"event_name":"Forgotten Altar","floor":28,"gold_loss":0,"cards_obtained":["Decay"]},{"damage_healed":0,"gold_gain":0,"player_choice":"Copied","damage_taken":0,"max_hp_gain":0,"max_hp_loss":0,"event_name":"Duplicator","floor":31,"gold_loss":0,"cards_obtained":["Feed"]}],"is_beta":true,"boss_relics":[{"not_picked":["Runic Pyramid","Empty Cage"],"picked":"Cursed Key"}],"items_purged_floors":[20],"is_endless":false,"potions_floor_spawned":[5,7,13,14,19,25],"killed_by":"Collector","ascension_level":13}