{"gold_per_floor":[359,377,6,17,31,64,64,81,108,58,58,32,66,76,76,179,179,192,209,209,209,221,247,247,259,335,49,49,0,14,49,49,149,149,159,178,178,78,92,123,123,143,143,143,143,170,170,170,170,170],"floor_reached":50,"playtime":4211,"items_purged":["Strike_R","Strike_R"],"score":550,"play_id":"65cde7fd-9693-4776-aa3f-ebd5b1ac5f7c","local_time":"20180716091347","is_ascension_mode":false,"campfire_choices":[{"floor":7,"key":"REST"},{"data":"Fire Breathing","floor":11,"key":"SMITH"},{"data":"Whirlwind","floor":15,"key":"SMITH"},{"floor":24,"key":"REST"},{"floor":32,"key":"REST"},{"floor":41,"key":"REST"},{"floor":44,"key":"REST"},{"floor":47,"key":"REST"},{"data":"1","floor":49,"key":"LIFT"}],"neow_cost":"FIFTY_PERCENT_DAMAGE","seed_source_timestamp":782663093327959,"circlet_count":0,"master_deck":["Strike_R","Defend_R","Defend_R","Defend_R","Bash","Pummel","Fire Breathing+1","Shrug It Off","Headbutt+1","Flex","Inflame","Heavy Blade+1","Evolve","Whirlwind+1","Demon Form","Metallicize","Flex","Spot Weakness","Whirlwind+1","Intimidate+1","Iron Wave+1","Madness","Madness","Armaments+1","Armaments+1","Berserk"],"relics":["Burning Blood","Sling","Orichalcum","Blood Vial","Lantern","Busted Crown","Nilry\u0027s Codex","Whetstone","Dodecahedron","Girya","Bag of Preparation","Mark of Pain","Juzu Bracelet","Happy Flower","Bronze Scales"],"potions_floor_usage":[8,16,23,23,31,33,33,39,50,50],"damage_taken":[{"damage":5,"enemies":"Cultist","floor":1,"turns":4},{"damage":7,"enemies":"Small Slimes","floor":2,"turns":4},{"damage":2,"enemies":"Jaw Worm","floor":4,"turns":4},{"damage":4,"enemies":"Looter","floor":5,"turns":5},{"damage":16,"enemies":"Gremlin Nob","floor":6,"turns":3},{"damage":4,"enemies":"Large Slime","floor":8,"turns":5},{"damage":5,"enemies":"3 Sentries","floor":13,"turns":6},{"damage":3,"enemies":"2 Fungi Beasts","floor":14,"turns":3},{"damage":3,"enemies":"Slime Boss","floor":16,"turns":7},{"damage":15,"enemies":"3 Byrds","floor":18,"turns":5},{"damage":9,"enemies":"Spheric Guardian","floor":19,"turns":4},{"damage":5,"enemies":"Cultist and Chosen","floor":22,"turns":4},{"damage":41,"enemies":"Slavers","floor":23,"turns":5},{"damage":28,"enemies":"Snake Plant","floor":25,"turns":3},{"damage":4,"enemies":"Chosen and Byrds","floor":30,"turns":3},{"damage":6,"enemies":"Book of Stabbing","floor":31,"turns":3},{"damage":19,"enemies":"Champ","floor":33,"turns":9},{"damage":1,"enemies":"Flame Bruiser 1 Orb","floor":35,"turns":3},{"damage":21,"enemies":"3 Shapes","floor":36,"turns":1},{"damage":4,"enemies":"3 Darklings","floor":39,"turns":3},{"damage":45,"enemies":"Nemesis","floor":40,"turns":5},{"damage":20,"enemies":"Transient","floor":42,"turns":5},{"damage":19,"enemies":"2 Orb Walkers","floor":46,"turns":3},{"damage":81,"enemies":"Time Eater","floor":50,"turns":6}],"seed_played":"-8839671484312806084","potions_obtained":[{"floor":1,"key":"SpeedPotion"},{"floor":2,"key":"Explosive Potion"},{"floor":8,"key":"Strength Potion"},{"floor":13,"key":"BloodPotion"},{"floor":19,"key":"Ancient Potion"},{"floor":25,"key":"Dexterity Potion"},{"floor":31,"key":"Swift Potion"},{"floor":33,"key":"SkillPotion"},{"floor":36,"key":"SteroidPotion"},{"floor":42,"key":"Weak Potion"}],"is_trial":false,"path_per_floor":["M","M","$","M","M","E","R","M","T","?","R","$","E","M","R","B",null,"M","M","?","?","M","E","R","M","T","$","?","?","M","E","R","B",null,"M","M","?","$","M","E","R","M","T","R","?","E","R","?","R"],"character_chosen":"IRONCLAD","items_purchased":["Sling","Fire Breathing","Shrug It Off","Heavy Blade","Girya"],"campfire_rested":6,"item_purchase_floors":[3,3,3,12,27],"current_hp_per_floor":[41,40,40,44,46,36,60,62,62,62,62,62,65,70,70,75,80,71,70,54,54,57,32,56,36,36,36,36,36,40,42,66,55,80,80,65,55,55,59,22,46,34,34,58,58,47,71,71,71,0],"gold":170,"neow_bonus":"TWO_FIFTY_GOLD","is_prod":false,"is_daily":false,"chose_seed":false,"campfire_upgraded":2,"win_rate":0,"timestamp":1531746827,"path_taken":["M","M","$","M","M","E","R","M","T","?","R","$","E","M","R","BOSS","M","M","?","?","M","E","R","M","T","$","?","?","M","E","R","BOSS","M","M","?","$","M","E","R","M","T","R","?","E","R","?","R","BOSS"],"build_version":"2018-07-12","purchased_purges":2,"victory":false,"max_hp_per_floor":[80,80,80,80,80,80,80,80,80,80,80,80,80,80,80,80,80,80,80,80,80,80,80,80,80,80,80,80,80,80,80,80,80,80,80,80,80,80,80,80,80,80,80,80,80,80,80,80,80,80],"card_choices":[{"not_picked":["Flex","Dual Wield"],"picked":"Pummel","floor":1},{"not_picked":["Entrench","Warcry","True Grit"],"picked":"SKIP","floor":2},{"not_picked":["True Grit","Sever Soul"],"picked":"Headbutt","floor":4},{"not_picked":["Havoc","Perfected Strike"],"picked":"Flex","floor":5},{"not_picked":["Thunderclap","Brutality","Fire Breathing"],"picked":"SKIP","floor":6},{"not_picked":["Warcry","Flex"],"picked":"Inflame","floor":8},{"not_picked":["Impervious","Ghostly Armor"],"picked":"Evolve","floor":13},{"not_picked":["Bloodletting","Shrug It Off"],"picked":"Whirlwind","floor":14},{"not_picked":["Juggernaut","Double Tap"],"picked":"Demon Form","floor":16},{"not_picked":[],"picked":"Metallicize","floor":18},{"not_picked":[],"picked":"Flex","floor":19},{"not_picked":["Feel No Pain"],"picked":"SKIP","floor":22},{"not_picked":["Uppercut"],"picked":"SKIP","floor":23},{"not_picked":["Shrug It Off"],"picked":"SKIP","floor":25},{"not_picked":[],"picked":"Intimidate+1","floor":30},{"not_picked":["Clothesline"],"picked":"SKIP","floor":31},{"not_picked":[],"picked":"Iron Wave+1","floor":35},{"not_picked":["Second Wind"],"picked":"SKIP","floor":36},{"not_picked":[],"picked":"Armaments+1","floor":39},{"not_picked":["Thunderclap+1"],"picked":"SKIP","floor":40},{"not_picked":[],"picked":"Armaments+1","floor":42},{"not_picked":["Fiend Fire"],"picked":"SKIP","floor":46}],"player_experience":266234,"relics_obtained":[{"floor":6,"key":"Orichalcum"},{"floor":9,"key":"Blood Vial"},{"floor":13,"key":"Lantern"},{"floor":20,"key":"Nilry\u0027s Codex"},{"floor":23,"key":"Whetstone"},{"floor":26,"key":"Dodecahedron"},{"floor":31,"key":"Bag of Preparation"},{"floor":40,"key":"Juzu Bracelet"},{"floor":43,"key":"Happy Flower"},{"floor":46,"key":"Bronze Scales"}],"event_choices":[{"event_name":"The Cleric","player_choice":"Card Removal","floor":10,"damage_taken":0},{"event_name":"Cursed Tome","player_choice":"Obtained Book","floor":20,"damage_taken":0},{"event_name":"The Library","player_choice":"Read","floor":21,"damage_taken":0},{"event_name":"Duplicator","player_choice":"One dupe","floor":28,"damage_taken":0},{"event_name":"Masked Bandits","player_choice":"Paid Bandits 49 gold","floor":29,"damage_taken":0},{"event_name":"Winding Halls","player_choice":"Embrace Madness","floor":37,"damage_taken":0},{"event_name":"Transmorgrifier","player_choice":"Transform","floor":45,"damage_taken":0},{"event_name":"Falling","player_choice":"Removed Attack","floor":48,"damage_taken":0}],"boss_relics":[{"not_picked":["Tiny House","Runic Pyramid"],"picked":"Busted Crown"},{"not_picked":["Calling Bell","Velvet Choker"],"picked":"Mark of Pain"}],"items_purged_floors":[3,38],"is_endless":false,"potions_floor_spawned":[1,2,8,13,19,25,31,33,36,42],"killed_by":"Time Eater","ascension_level":0}