{"gold_per_floor":[117,40,53,53,70,70,101,101,101,135,135,152,163,179,179,275,275,289,306,325,36,36,36,36],"floor_reached":24,"playtime":1335,"items_purged":["Strike_R"],"score":229,"play_id":"426d82cc-02d3-4645-87d3-b77200a59fa2","local_time":"20180903095549","is_ascension_mode":true,"campfire_choices":[{"data":"Heavy Blade","floor":6.0,"key":"SMITH"},{"data":"Offering","floor":8.0,"key":"SMITH"},{"floor":15.0,"key":"REST"},{"floor":23,"key":"REST"}],"neow_cost":"","seed_source_timestamp":0,"circlet_count":0,"master_deck":["Strike_R","Strike_R","Strike_R","Strike_R","Defend_R","Defend_R","Defend_R","Defend_R","Bash","Evolve","Metallicize+1","Feel No Pain","Heavy Blade+1","Offering+1","Feel No Pain","Second Wind","Clash","Exhume","Rage+1","Wild Strike+1","Sword Boomerang+1","Armaments","Panache"],"special_seed":0,"relics":["Burning Blood","Matryoshka","Red Skull","Happy Flower","Turnip","Art of War","Philosopher\u0027s Stone"],"potions_floor_usage":[24],"damage_taken":[{"damage":3.0,"enemies":"2 Louse","floor":1.0,"turns":4.0},{"damage":5.0,"enemies":"Cultist","floor":3.0,"turns":4.0},{"damage":5.0,"enemies":"Jaw Worm","floor":5.0,"turns":6.0},{"damage":46.0,"enemies":"Lagavulin","floor":7.0,"turns":11.0},{"damage":18.0,"enemies":"3 Sentries","floor":10.0,"turns":6.0},{"damage":0.0,"enemies":"Large Slime","floor":12.0,"turns":4.0},{"damage":7.0,"enemies":"Blue Slaver","floor":13.0,"turns":4.0},{"damage":3.0,"enemies":"Exordium Wildlife","floor":14.0,"turns":4.0},{"damage":47.0,"enemies":"Slime Boss","floor":16.0,"turns":15.0},{"damage":73,"enemies":"3 Byrds","floor":18,"turns":5},{"damage":6,"enemies":"Shell Parasite","floor":19,"turns":1},{"damage":6,"enemies":"Centurion and Healer","floor":20,"turns":5},{"damage":48,"enemies":"Chosen and Byrds","floor":24,"turns":4}],"seed_played":"6754185439177119602","potions_obtained":[{"floor":1.0,"key":"AttackPotion"},{"floor":10.0,"key":"Poison Potion"},{"floor":13.0,"key":"SkillPotion"},{"floor":14.0,"key":"BloodPotion"}],"is_trial":false,"path_per_floor":["M","$","M","?","M","R","E","R","T","E","?","M","M","M","R","B",null,"M","M","M","$","?","R"],"character_chosen":"IRONCLAD","items_purchased":["Metallicize","Armaments","Panache"],"campfire_rested":2,"item_purchase_floors":[2,21,21],"current_hp_per_floor":[80,80,80,80,80,80,40,40,40,28,28,34,33,36,60,19,80,13,13,13,13,13,37,0],"gold":36,"neow_bonus":"","is_prod":false,"is_daily":false,"chose_seed":false,"campfire_upgraded":2,"win_rate":0,"timestamp":1535982949,"path_taken":["M","$","M","?","M","R","E","R","T","E","?","M","?","M","R","BOSS","M","M","M","$","?","R","M"],"build_version":"2018-08-30","purchased_purges":1,"victory":false,"max_hp_per_floor":[80,80,80,80,80,80,80,80,80,80,80,80,80,80,80,80,80,80,80,80,80,80,80,80],"card_choices":[{"not_picked":["Power Through","Perfected Strike"],"picked":"Evolve","floor":1.0},{"not_picked":["Headbutt","Iron Wave"],"picked":"Feel No Pain","floor":3.0},{"not_picked":["Thunderclap","Clothesline"],"picked":"Heavy Blade","floor":5.0},{"not_picked":["Headbutt","Flex"],"picked":"Offering","floor":7.0},{"not_picked":["Sword Boomerang","Bludgeon"],"picked":"Feel No Pain","floor":10.0},{"not_picked":["Infernal Blade","Sentinel"],"picked":"Second Wind","floor":12.0},{"not_picked":["Sword Boomerang","Iron Wave","Clothesline"],"picked":"SKIP","floor":13.0},{"not_picked":["Seeing Red","Pommel Strike"],"picked":"Clash","floor":14.0},{"not_picked":["Berserk","Brutality"],"picked":"Exhume","floor":16.0},{"not_picked":["Wild Strike","Battle Trance"],"picked":"Rage+1","floor":18},{"not_picked":["Twin Strike","Iron Wave"],"picked":"Wild Strike+1","floor":19},{"not_picked":["Twin Strike","Warcry"],"picked":"Sword Boomerang+1","floor":20}],"player_experience":730136,"relics_obtained":[{"floor":7.0,"key":"Matryoshka"},{"floor":9.0,"key":"Red Skull"},{"floor":9.0,"key":"Happy Flower"},{"floor":10.0,"key":"Turnip"}],"event_choices":[{"event_name":"Upgrade Shrine","player_choice":"Upgraded","floor":4.0,"damage_taken":0.0},{"event_name":"Dead Adventurer","player_choice":"Searched \u00271\u0027 times","floor":11.0,"damage_taken":0.0}],"is_beta":false,"boss_relics":[{"not_picked":["Runic Pyramid","Calling Bell"],"picked":"Philosopher\u0027s Stone"}],"items_purged_floors":[21],"is_endless":false,"potions_floor_spawned":[1,10,13,14],"killed_by":"Chosen and Byrds","ascension_level":2}