{"gold_per_floor":[109,34,49,67,84,84,84,102,102,121,121,147,162,197,197,271,271,290,37,37,57,77,77,95,109,156,156],"floor_reached":27,"playtime":1051,"items_purged":[],"score":435,"play_id":"e8cdcc78-f7f6-4f4f-b734-3f5a33520faa","local_time":"20190506102113","is_ascension_mode":true,"campfire_choices":[{"data":"Stack","floor":6,"key":"SMITH"},{"floor":11,"key":"REST"},{"floor":15,"key":"REST"},{"data":"Doom and Gloom","floor":23,"key":"SMITH"}],"neow_cost":"NONE","seed_source_timestamp":1281670560542366,"circlet_count":0,"master_deck":["AscendersBane","Strike_B","Strike_B","Strike_B","Defend_B","Defend_B","Defend_B","Defend_B","Zap","Dualcast","Beam Cell","Sweeping Beam","Ball Lightning","Redo","Stack+1","Ball Lightning","Double Energy","Genetic Algorithm","Echo Form","Conserve Battery","Compile Driver","Seek","Doom and Gloom+1","FTL","Stack","Defragment+1","Hologram","Compile Driver","Chill"],"relics":["Cracked Core","DataDisk","The Courier","Du-Vu Doll","Blood Vial","Nuclear Battery","OrangePellets","Regal Pillow"],"potions_floor_usage":[13,14],"damage_taken":[{"damage":1,"enemies":"Cultist","floor":1,"turns":3},{"damage":0,"enemies":"2 Louse","floor":3,"turns":2},{"damage":12,"enemies":"Jaw Worm","floor":4,"turns":2},{"damage":14,"enemies":"Lots of Slimes","floor":5,"turns":3},{"damage":16,"enemies":"Gremlin Gang","floor":8,"turns":4},{"damage":5,"enemies":"Blue Slaver","floor":10,"turns":3},{"damage":17,"enemies":"Lagavulin","floor":12,"turns":5},{"damage":0,"enemies":"Red Slaver","floor":13,"turns":1},{"damage":14,"enemies":"Gremlin Nob","floor":14,"turns":4},{"damage":19,"enemies":"Hexaghost","floor":16,"turns":9},{"damage":4,"enemies":"Spheric Guardian","floor":18,"turns":4},{"damage":0,"enemies":"Chosen","floor":21,"turns":3},{"damage":16,"enemies":"Snecko","floor":22,"turns":5},{"damage":26,"enemies":"Cultist and Chosen","floor":24,"turns":5},{"damage":11,"enemies":"Centurion and Healer","floor":25,"turns":6},{"damage":11,"enemies":"Snecko","floor":27,"turns":3}],"seed_played":"5972981633030883449","potions_obtained":[{"floor":3,"key":"Strength Potion"},{"floor":8,"key":"Fire Potion"},{"floor":10,"key":"SkillPotion"},{"floor":13,"key":"Fire Potion"},{"floor":16,"key":"Strength Potion"},{"floor":25,"key":"Ancient Potion"}],"is_trial":false,"path_per_floor":["M","$","M","M","M","R","?","M","T","M","R","E","M","E","R","B",null,"M","$","?","M","M","R","M","M","T","M"],"character_chosen":"DEFECT","items_purchased":["Ball Lightning","Redo","OrangePellets","FTL","Stack"],"campfire_rested":2,"item_purchase_floors":[2,2,19,19,19],"current_hp_per_floor":[63,63,63,51,37,37,37,21,21,16,37,20,20,6,27,10,56,54,54,54,56,42,42,18,9,9,0],"gold":156,"neow_bonus":"THREE_CARDS","is_prod":false,"is_daily":false,"chose_seed":false,"campfire_upgraded":2,"win_rate":0,"timestamp":1557130873,"path_taken":["M","?","?","M","M","R","?","M","T","M","R","E","?","E","R","BOSS","M","$","?","M","?","R","?","M","T","M"],"build_version":"2019-04-23","purchased_purges":0,"victory":false,"max_hp_per_floor":[71,71,71,71,71,71,71,71,71,71,71,71,71,71,71,71,71,71,71,71,71,71,71,71,71,71,71],"card_choices":[{"not_picked":["Tempest","Scrape"],"picked":"Beam Cell","floor":0},{"not_picked":["Blizzard","Melter"],"picked":"Sweeping Beam","floor":1},{"not_picked":["Barrage","Consume"],"picked":"Stack","floor":3},{"not_picked":["Sweeping Beam","Rebound"],"picked":"Ball Lightning","floor":4},{"not_picked":["Aggregate","Ball Lightning"],"picked":"Double Energy","floor":5},{"not_picked":["Turbo","Double Energy","Storm"],"picked":"SKIP","floor":8},{"not_picked":["Storm","Steam"],"picked":"Genetic Algorithm","floor":10},{"not_picked":["Beam Cell","Storm"],"picked":"Echo Form","floor":12},{"not_picked":["Lockon","Self Repair"],"picked":"Conserve Battery","floor":13},{"not_picked":["Scrape","Go for the Eyes"],"picked":"Compile Driver","floor":14},{"not_picked":["Thunder Strike","Machine Learning"],"picked":"Seek","floor":16},{"not_picked":["Compile Driver","Scrape"],"picked":"Doom and Gloom","floor":18},{"not_picked":["Hologram","Rip and Tear"],"picked":"Defragment+1","floor":21},{"not_picked":["Aggregate","Scrape+1"],"picked":"Hologram","floor":22},{"not_picked":["Cold Snap","Rebound"],"picked":"Compile Driver","floor":24},{"not_picked":["Gash","Force Field"],"picked":"Chill","floor":25}],"player_experience":1531272,"relics_obtained":[{"floor":9,"key":"The Courier"},{"floor":12,"key":"Du-Vu Doll"},{"floor":14,"key":"Blood Vial"},{"floor":26,"key":"Regal Pillow"}],"event_choices":[{"damage_healed":0,"gold_gain":0,"player_choice":"Gave Potion","damage_taken":0,"relics_obtained":["DataDisk"],"max_hp_gain":0,"max_hp_loss":0,"event_name":"WeMeetAgain","floor":7,"gold_loss":0},{"cards_removed":["Strike_B"],"damage_healed":0,"gold_gain":0,"player_choice":"Offered Basic","damage_taken":0,"max_hp_gain":0,"max_hp_loss":0,"event_name":"Bonfire Elementals","floor":20,"gold_loss":0}],"is_beta":true,"boss_relics":[{"not_picked":["Sozu","Lizard Tail"],"picked":"Nuclear Battery"}],"items_purged_floors":[],"is_endless":false,"potions_floor_spawned":[3,8,10,13,16,24,25],"killed_by":"Snecko","ascension_level":18}