{"gold_per_floor":[109,29,29,48,48,81,93,153,153,153,169,10,28,38,38,109,109,124,124,143,143,158,158],"floor_reached":23,"playtime":782,"items_purged":["Strike_G"],"score":414,"play_id":"dfdcb652-5c75-48e3-81e4-8abcd028a55d","local_time":"20190508152548","is_ascension_mode":true,"campfire_choices":[{"data":"Dash","floor":10,"key":"SMITH"},{"data":"Bouncing Flask","floor":15,"key":"SMITH"}],"neow_cost":"NONE","seed_source_timestamp":1473015088385953,"circlet_count":0,"master_deck":["AscendersBane","Defend_G","Defend_G","Defend_G","Defend_G","Defend_G","Strike_G","Strike_G","Strike_G","Strike_G","Survivor","Neutralize","Sucker Punch","Die Die Die","Dash+1","Cloak And Dagger","Acrobatics","Dodge and Roll","Cloak And Dagger","Leg Sweep","PiercingWail","Flying Knee","Bouncing Flask+1","A Thousand Cuts","Flying Knee+1","Leg Sweep","Necronomicurse","Backstab","Well Laid Plans+1"],"relics":["Ring of the Snake","NeowsBlessing","Unceasing Top","Bag of Preparation","Prayer Wheel","Sozu","Necronomicon","Mercury Hourglass"],"potions_floor_usage":[14,16],"damage_taken":[{"damage":0,"enemies":"Cultist","floor":1,"turns":1},{"damage":0,"enemies":"Jaw Worm","floor":4,"turns":1},{"damage":0,"enemies":"Gremlin Nob","floor":6,"turns":1},{"damage":5,"enemies":"Small Slimes","floor":7,"turns":3},{"damage":4,"enemies":"Blue Slaver","floor":11,"turns":3},{"damage":3,"enemies":"Red Slaver","floor":13,"turns":5},{"damage":9,"enemies":"Gremlin Gang","floor":14,"turns":3},{"damage":17,"enemies":"Hexaghost","floor":16,"turns":10},{"damage":7,"enemies":"Shell Parasite","floor":18,"turns":6},{"damage":14,"enemies":"Spheric Guardian","floor":20,"turns":8},{"damage":4,"enemies":"Snecko","floor":22,"turns":5},{"damage":10,"enemies":"3 Cultists","floor":23,"turns":3}],"seed_played":"2448360429225223930","potions_obtained":[{"floor":1,"key":"FearPotion"},{"floor":4,"key":"AttackPotion"},{"floor":14,"key":"Weak Potion"}],"is_trial":false,"path_per_floor":["M","$","?","M","$","E","M","?","T","R","M","$","M","M","R","B",null,"M","?","M","?","M","M"],"character_chosen":"THE_SILENT","items_purchased":["Die Die Die","Leg Sweep"],"campfire_rested":0,"item_purchase_floors":[2,12],"current_hp_per_floor":[59,59,41,41,41,41,36,36,36,36,32,32,29,20,20,3,50,43,22,8,8,4,0],"gold":158,"neow_bonus":"THREE_ENEMY_KILL","is_prod":false,"is_daily":false,"chose_seed":false,"campfire_upgraded":2,"win_rate":0,"timestamp":1557321948,"path_taken":["M","$","?","M","$","E","M","?","T","R","M","$","M","M","R","BOSS","M","?","M","?","M","M"],"build_version":"2019-05-07","purchased_purges":1,"victory":false,"max_hp_per_floor":[66,66,66,66,66,66,66,66,66,66,66,66,66,66,66,66,66,66,66,66,66,66,66],"card_choices":[{"not_picked":["Endless Agony","Outmaneuver"],"picked":"Sucker Punch","floor":1},{"not_picked":["Choke","Poisoned Stab"],"picked":"Dash","floor":4},{"not_picked":["Dodge and Roll","Wraith Form v2"],"picked":"Cloak And Dagger","floor":6},{"not_picked":["Eviscerate","Dagger Throw"],"picked":"Acrobatics","floor":7},{"not_picked":["Prepared","Quick Slash"],"picked":"Dodge and Roll","floor":11},{"not_picked":["Backflip","Heel Hook"],"picked":"Cloak And Dagger","floor":11},{"not_picked":["Quick Slash","Deadly Poison"],"picked":"PiercingWail","floor":13},{"not_picked":["Acrobatics","Night Terror"],"picked":"Flying Knee","floor":13},{"not_picked":["Prepared","Dash"],"picked":"Bouncing Flask","floor":14},{"not_picked":["Endless Agony","Dagger Spray","Outmaneuver"],"picked":"SKIP","floor":14},{"not_picked":["Corpse Explosion","Venomology"],"picked":"A Thousand Cuts","floor":16},{"not_picked":["Well Laid Plans","Setup"],"picked":"Flying Knee+1","floor":18},{"not_picked":["Terror","Flying Knee"],"picked":"Leg Sweep","floor":18},{"not_picked":["Underhanded Strike+1","Flying Knee","Terror"],"picked":"SKIP","floor":20},{"not_picked":["Bane","Blade Dance","Underhanded Strike"],"picked":"SKIP","floor":20},{"not_picked":["Tools of the Trade","Calculated Gamble"],"picked":"Backstab","floor":22},{"not_picked":["Skewer","Eviscerate+1"],"picked":"Well Laid Plans+1","floor":22}],"player_experience":1589458,"relics_obtained":[{"floor":6,"key":"Bag of Preparation"},{"floor":9,"key":"Prayer Wheel"},{"floor":19,"key":"Necronomicon"},{"floor":21,"key":"Mercury Hourglass"}],"event_choices":[{"damage_healed":0,"gold_gain":0,"player_choice":"Success","damage_taken":18,"relics_obtained":["Unceasing Top"],"max_hp_gain":0,"max_hp_loss":0,"event_name":"Scrap Ooze","floor":3,"gold_loss":0},{"damage_healed":0,"gold_gain":60,"player_choice":"Gained Gold","damage_taken":0,"max_hp_gain":0,"max_hp_loss":0,"event_name":"Golden Wing","floor":8,"gold_loss":0},{"damage_healed":0,"gold_gain":0,"player_choice":"Obtained Book","damage_taken":21,"max_hp_gain":0,"max_hp_loss":0,"event_name":"Cursed Tome","floor":19,"gold_loss":0},{"damage_healed":0,"gold_gain":0,"player_choice":"Relic","damage_taken":0,"max_hp_gain":0,"max_hp_loss":0,"event_name":"Wheel of Change","floor":21,"gold_loss":0}],"is_beta":true,"boss_relics":[{"not_picked":["Empty Cage","Busted Crown"],"picked":"Sozu"}],"items_purged_floors":[12],"is_endless":false,"potions_floor_spawned":[1,4,7,14,20],"killed_by":"3 Cultists","ascension_level":18}