{"gold_per_floor":[217,217,9,19,30,30,60,73,73,91,91,119,119,149,161,173],"floor_reached":16,"playtime":596,"items_purged":[],"score":174,"play_id":"6651244f-3949-486c-aa9f-1b0004905f96","local_time":"20190115220413","is_ascension_mode":true,"campfire_choices":[{"data":"Clothesline","floor":6,"key":"SMITH"},{"floor":15,"key":"REST"}],"neow_cost":"NONE","seed_source_timestamp":1380272998039800,"circlet_count":0,"master_deck":["AscendersBane","Strike_R","Strike_R","Strike_R+1","Strike_R","Strike_R","Defend_R","Defend_R","Defend_R","Defend_R","Bash","Warcry","Clothesline+1","Uppercut+1","Pommel Strike","Cleave","Armaments","Regret","Shrug It Off"],"relics":["Burning Blood","Brimstone","Paper Frog","Self Forming Clay","Red Skull","MawBank"],"potions_floor_usage":[7,12],"damage_taken":[{"damage":2,"enemies":"2 Louse","floor":1,"turns":3},{"damage":6,"enemies":"Small Slimes","floor":4,"turns":3},{"damage":1,"enemies":"Cultist","floor":5,"turns":3},{"damage":7,"enemies":"Gremlin Nob","floor":7,"turns":3},{"damage":24,"enemies":"Gremlin Gang","floor":8,"turns":4},{"damage":9,"enemies":"Blue Slaver","floor":10,"turns":2},{"damage":12,"enemies":"Lagavulin","floor":12,"turns":4},{"damage":13,"enemies":"Exordium Wildlife","floor":14,"turns":3},{"damage":62,"enemies":"Hexaghost","floor":16,"turns":7}],"seed_played":"-5978836059512650278","potions_obtained":[{"floor":1,"key":"Energy Potion"},{"floor":8,"key":"FearPotion"}],"is_trial":false,"path_per_floor":["M","?","$","M","M","R","E","M","T","M","?","E","?","M","R","B"],"character_chosen":"IRONCLAD","items_purchased":["Brimstone"],"campfire_rested":1,"item_purchase_floors":[3],"current_hp_per_floor":[76,76,76,76,80,80,79,61,61,58,42,36,36,29,53,0],"gold":173,"neow_bonus":"HUNDRED_GOLD","is_prod":false,"is_daily":false,"chose_seed":false,"campfire_upgraded":1,"win_rate":0,"timestamp":1547607853,"path_taken":["M","?","$","M","M","R","E","M","T","M","?","E","?","M","R","BOSS"],"build_version":"2019-01-10","purchased_purges":0,"victory":false,"max_hp_per_floor":[80,80,80,80,80,80,80,80,80,80,80,80,80,80,80,80],"card_choices":[{"not_picked":["Iron Wave","Sword Boomerang"],"picked":"Warcry","floor":1},{"not_picked":["Inflame","Feel No Pain"],"picked":"Clothesline","floor":4},{"not_picked":["Flex","Hemokinesis","Clash"],"picked":"SKIP","floor":5},{"not_picked":["Combust","Exhume"],"picked":"Uppercut","floor":7},{"not_picked":["Feel No Pain","Inflame"],"picked":"Pommel Strike","floor":8},{"not_picked":["Searing Blow","Havoc"],"picked":"Cleave","floor":10},{"not_picked":["Clothesline","Headbutt"],"picked":"Armaments","floor":12},{"not_picked":["Anger","Perfected Strike"],"picked":"Shrug It Off","floor":14}],"player_experience":1765102,"relics_obtained":[{"floor":7,"key":"Paper Frog"},{"floor":9,"key":"Self Forming Clay"},{"floor":12,"key":"Red Skull"}],"event_choices":[{"damage_healed":0,"gold_gain":0,"player_choice":"Ignored","damage_taken":0,"max_hp_gain":0,"max_hp_loss":0,"event_name":"Golden Idol","floor":2,"gold_loss":0},{"damage_healed":0,"gold_gain":0,"player_choice":"Entered Light","damage_taken":16,"max_hp_gain":0,"max_hp_loss":0,"event_name":"Shining Light","floor":11,"gold_loss":0,"cards_upgraded":["Uppercut","Strike_R"]},{"damage_healed":0,"gold_gain":0,"player_choice":"Box","damage_taken":0,"relics_obtained":["MawBank"],"max_hp_gain":0,"max_hp_loss":0,"event_name":"Big Fish","floor":13,"gold_loss":0,"cards_obtained":["Regret"]}],"is_beta":false,"boss_relics":[],"items_purged_floors":[],"is_endless":false,"potions_floor_spawned":[1,8],"killed_by":"Hexaghost","ascension_level":11}