{"gold_per_floor":[117,130,55,5,5,5,17,17,71,102,113,128,148,323,323,420,420,439,219,219,238,115,115,143,143,168,194,206,218,230,271,283,393,405,435,272,283,283,300,300,105,135,158,170,170,8,8,20,20,20],"floor_reached":51,"playtime":3325,"items_purged":["Shame","Defend_B","Pain"],"score":901,"play_id":"c49b8e3d-32e3-44ee-81c6-977bd0037d38","local_time":"20181023225327","is_ascension_mode":true,"campfire_choices":[{"data":"Darkness","floor":6,"key":"SMITH"},{"data":"Darkness","floor":8,"key":"SMITH"},{"floor":15,"key":"REST"},{"floor":23,"key":"REST"},{"floor":25,"key":"REST"},{"data":"Creative AI","floor":28,"key":"SMITH"},{"floor":32,"key":"REST"},{"data":"Loop","floor":40,"key":"SMITH"},{"floor":45,"key":"REST"},{"floor":49,"key":"REST"}],"neow_cost":"CURSE","seed_source_timestamp":106948554174800,"circlet_count":0,"master_deck":["Defend_B","Defend_B","Defend_B","Zap","Dualcast","Darkness+1","Reprogram","Glacier","Chill","Reinforced Body","Darkness+1","Electrodynamics","Steam+1","Hologram+1","Conserve Battery+1","Creative AI+1","Fission+1","Steam+1","Steam Power+1","Skim+1","Compile Driver+1","Loop+1","Stack+1","Conserve Battery+1","Capacitor","White Noise+1","Leap+1","Turbo+1","Hologram+1","Reboot+1","Conserve Battery+1","Hologram+1","Blizzard+1","Conserve Battery+1","Steam+1","Turbo+1","Enlightenment+1","Good Instincts+1","Forethought+1","Barrage+1","Capacitor","Apotheosis+1","Go for the Eyes+1","Coolheaded+1"],"relics":["Cracked Core","Prayer Wheel","WarpedTongs","Regal Pillow","Toxic Egg 2","Astrolabe","PreservedInsect","Smiling Mask","Cables","MawBank","FossilizedHelix","Busted Crown","Medical Kit","Sundial","Whetstone","Kunai"],"potions_floor_usage":[10,12,16,18,48,50,50],"damage_taken":[{"damage":16,"enemies":"Small Slimes","floor":1,"turns":3},{"damage":1,"enemies":"2 Louse","floor":2,"turns":3},{"damage":5,"enemies":"Jaw Worm","floor":7,"turns":3},{"damage":21,"enemies":"3 Sentries","floor":10,"turns":7},{"damage":3,"enemies":"Exordium Thugs","floor":11,"turns":2},{"damage":15,"enemies":"3 Louse","floor":12,"turns":4},{"damage":5,"enemies":"Looter","floor":13,"turns":4},{"damage":19,"enemies":"The Guardian","floor":16,"turns":12},{"damage":36,"enemies":"Chosen","floor":18,"turns":7},{"damage":6,"enemies":"Spheric Guardian","floor":21,"turns":5},{"damage":46,"enemies":"Book of Stabbing","floor":24,"turns":6},{"damage":3,"enemies":"3 Cultists","floor":27,"turns":4},{"damage":41,"enemies":"Slavers","floor":31,"turns":8},{"damage":44,"enemies":"Champ","floor":33,"turns":14},{"damage":22,"enemies":"3 Darklings","floor":35,"turns":5},{"damage":0,"enemies":"3 Shapes","floor":37,"turns":4},{"damage":0,"enemies":"Jaw Worm Horde","floor":39,"turns":4},{"damage":21,"enemies":"Giant Head","floor":42,"turns":8},{"damage":4,"enemies":"Spire Growth","floor":44,"turns":7},{"damage":29,"enemies":"3 Darklings","floor":48,"turns":5},{"damage":49,"enemies":"Donu and Deca","floor":50,"turns":13}],"seed_played":"-8057684619440061990","potions_obtained":[{"floor":1,"key":"Strength Potion"},{"floor":2,"key":"EssenceOfSteel"},{"floor":7,"key":"PowerPotion"},{"floor":18,"key":"Fruit Juice"},{"floor":24,"key":"LiquidBronze"},{"floor":35,"key":"PowerPotion"},{"floor":44,"key":"Poison Potion"}],"is_trial":false,"path_per_floor":["M","M","$","?","?","R","M","R","T","E","M","M","M","?","R","B",null,"M","$","?","M","$","R","E","R","T","M","R","?","?","E","R","B",null,"M","$","M","?","M","R","$","E","T","M","R","$","T","M","R","B"],"character_chosen":"DEFECT","items_purchased":["PreservedInsect","Loop","Capacitor","Blizzard","Conserve Battery+1","Medical Kit","Apotheosis+1"],"campfire_rested":6,"item_purchase_floors":[19,19,22,36,36,41,46],"current_hp_per_floor":[59,58,58,58,58,58,53,53,53,32,29,14,9,9,46,27,75,44,44,44,38,38,77,31,70,70,67,67,52,52,11,51,7,85,63,63,63,53,53,53,53,32,32,28,68,68,68,39,79,30],"gold":20,"neow_bonus":"ONE_RARE_RELIC","is_prod":false,"is_daily":false,"chose_seed":false,"campfire_upgraded":4,"win_rate":0,"timestamp":1540349607,"path_taken":["M","M","$","?","?","R","M","R","T","E","M","M","M","?","R","BOSS","M","$","?","?","$","R","E","R","T","M","R","?","?","E","R","BOSS","M","$","M","?","M","R","$","E","T","?","R","?","?","M","R","BOSS"],"build_version":"2018-10-18","purchased_purges":3,"victory":true,"max_hp_per_floor":[75,75,75,75,75,75,75,75,75,75,75,75,75,75,75,75,75,80,80,80,80,80,80,80,80,80,80,80,85,85,85,85,85,85,85,85,85,85,85,85,85,85,85,85,85,85,85,85,85,85],"card_choices":[{"not_picked":["Conserve Battery","Aggregate"],"picked":"Darkness","floor":1},{"not_picked":["Coolheaded","Go for the Eyes"],"picked":"Reprogram","floor":1},{"not_picked":["Coolheaded","Chaos"],"picked":"Glacier","floor":2},{"not_picked":["Leap","Coolheaded"],"picked":"Chill","floor":2},{"not_picked":["Storm","Leap"],"picked":"Reinforced Body","floor":7},{"not_picked":["Aggregate","Turbo"],"picked":"Darkness","floor":7},{"not_picked":["Blizzard","Leap"],"picked":"Electrodynamics","floor":10},{"not_picked":["Streamline","Chaos+1"],"picked":"Steam+1","floor":11},{"not_picked":["Chaos+1","Gash","Rip and Tear"],"picked":"SKIP","floor":11},{"not_picked":["Force Field+1","Stack+1"],"picked":"Hologram+1","floor":12},{"not_picked":["Beam Cell","Ball Lightning"],"picked":"Conserve Battery+1","floor":12},{"not_picked":["Rebound","Compile Driver","Stack+1"],"picked":"SKIP","floor":13},{"not_picked":["All For One","Ball Lightning","Lockon"],"picked":"SKIP","floor":13},{"not_picked":["Amplify+1","Rainbow+1"],"picked":"Creative AI","floor":16},{"not_picked":["Coolheaded+1","Double Energy+1"],"picked":"Skim+1","floor":18},{"not_picked":["Turbo+1","Hello World"],"picked":"Compile Driver+1","floor":18},{"not_picked":["Gash+1","Beam Cell"],"picked":"Stack+1","floor":21},{"not_picked":["Sweeping Beam","Ball Lightning"],"picked":"Conserve Battery+1","floor":21},{"not_picked":["Beam Cell","Machine Learning"],"picked":"White Noise+1","floor":24},{"not_picked":["Sweeping Beam+1","Doom and Gloom"],"picked":"Leap+1","floor":27},{"not_picked":["Hologram+1","Ball Lightning+1"],"picked":"Turbo+1","floor":27},{"not_picked":["Sweeping Beam","Blizzard"],"picked":"Hologram+1","floor":31},{"not_picked":["Amplify+1","Hyperbeam"],"picked":"Reboot+1","floor":33},{"not_picked":[],"picked":"Conserve Battery+1","floor":35},{"not_picked":[],"picked":"Hologram+1","floor":35},{"not_picked":[],"picked":"Steam+1","floor":37},{"not_picked":[],"picked":"Turbo+1","floor":37},{"not_picked":[],"picked":"Enlightenment+1","floor":38},{"not_picked":[],"picked":"Good Instincts+1","floor":38},{"not_picked":[],"picked":"Forethought+1","floor":38},{"not_picked":[],"picked":"Barrage+1","floor":39},{"not_picked":["Turbo+1"],"picked":"SKIP","floor":39},{"not_picked":["All For One"],"picked":"SKIP","floor":42},{"not_picked":[],"picked":"Capacitor","floor":44},{"not_picked":["Steam Power+1"],"picked":"SKIP","floor":44},{"not_picked":[],"picked":"Go for the Eyes+1","floor":48},{"not_picked":[],"picked":"Coolheaded+1","floor":48}],"player_experience":1364452,"relics_obtained":[{"floor":9,"key":"Regal Pillow"},{"floor":10,"key":"Toxic Egg 2"},{"floor":24,"key":"Cables"},{"floor":26,"key":"MawBank"},{"floor":31,"key":"FossilizedHelix"},{"floor":42,"key":"Sundial"},{"floor":43,"key":"Whetstone"},{"floor":47,"key":"Kunai"}],"event_choices":[{"cards_removed":["Strike_B"],"damage_healed":0,"gold_gain":0,"player_choice":"Card Removal","damage_taken":0,"max_hp_gain":0,"max_hp_loss":0,"event_name":"The Cleric","floor":4,"gold_loss":50},{"damage_healed":0,"gold_gain":0,"player_choice":"Rummage","damage_taken":0,"relics_obtained":["WarpedTongs"],"max_hp_gain":0,"max_hp_loss":0,"event_name":"Accursed Blacksmith","floor":5,"gold_loss":0,"cards_obtained":["Pain"]},{"damage_healed":0,"gold_gain":175,"player_choice":"AGREE","damage_taken":0,"max_hp_gain":0,"max_hp_loss":0,"event_name":"Liars Game","floor":14,"gold_loss":0,"cards_obtained":["Doubt"]},{"damage_healed":0,"gold_gain":0,"player_choice":"Opened","damage_taken":0,"relics_obtained":["Smiling Mask"],"max_hp_gain":0,"max_hp_loss":0,"event_name":"The Mausoleum","floor":20,"gold_loss":0},{"damage_healed":0,"gold_gain":0,"player_choice":"Shed Blood","damage_taken":20,"max_hp_gain":5,"max_hp_loss":0,"event_name":"Forgotten Altar","floor":29,"gold_loss":0},{"cards_removed":["Doubt"],"damage_healed":0,"gold_gain":0,"player_choice":"Elegance","damage_taken":0,"max_hp_gain":0,"max_hp_loss":0,"event_name":"Back to Basics","floor":30,"gold_loss":0},{"damage_healed":0,"gold_gain":0,"player_choice":"Memory 3","damage_taken":10,"max_hp_gain":0,"max_hp_loss":0,"event_name":"SensoryStone","floor":38,"gold_loss":0}],"is_beta":false,"boss_relics":[{"not_picked":["Philosopher\u0027s Stone","Runic Pyramid"],"picked":"Astrolabe"},{"not_picked":["Lizard Tail","Tiny House"],"picked":"Busted Crown"}],"items_purged_floors":[3,22,36],"is_endless":false,"potions_floor_spawned":[1,2,7,18,24,35,44],"ascension_level":4}