{"gold_per_floor":[20,20,35,53,66,66,78,78,78,111,130,130,55,72,72,72],"floor_reached":16,"playtime":537,"items_purged":["Strike_R"],"score":182,"play_id":"cd355dca-6301-4884-8085-e7ae6fa1cca6","local_time":"20190120221658","is_ascension_mode":true,"campfire_choices":[{"data":"Bash","floor":6,"key":"SMITH"},{"data":"Wild Strike","floor":8,"key":"SMITH"},{"data":"Combust","floor":12,"key":"SMITH"},{"floor":15,"key":"REST"}],"neow_cost":"NO_GOLD","seed_source_timestamp":86638070585800,"circlet_count":0,"master_deck":["AscendersBane","Strike_R","Strike_R","Strike_R","Strike_R","Defend_R","Defend_R","Defend_R","Defend_R","Bash+1","Thunderclap","Combust+1","Evolve","Wild Strike+1","Rage","Offering","Battle Trance"],"relics":["Burning Blood","Nunchaku","NlothsMask","Mummified Hand"],"potions_floor_usage":[10],"damage_taken":[{"damage":10,"enemies":"Cultist","floor":1,"turns":5},{"damage":2,"enemies":"Jaw Worm","floor":3,"turns":3},{"damage":8,"enemies":"2 Louse","floor":4,"turns":3},{"damage":16,"enemies":"Looter","floor":5,"turns":4},{"damage":13,"enemies":"2 Fungi Beasts","floor":7,"turns":3},{"damage":24,"enemies":"Lagavulin","floor":10,"turns":5},{"damage":14,"enemies":"Blue Slaver","floor":11,"turns":2},{"damage":7,"enemies":"Exordium Thugs","floor":14,"turns":4},{"damage":51,"enemies":"Hexaghost","floor":16,"turns":7}],"seed_played":"-3006192607467933211","potions_obtained":[{"floor":4,"key":"FearPotion"},{"floor":7,"key":"Fire Potion"},{"floor":10,"key":"Swift Potion"}],"is_trial":false,"path_per_floor":["M","?","M","M","M","R","M","R","T","E","M","R","$","M","R","B"],"character_chosen":"IRONCLAD","items_purchased":[],"campfire_rested":1,"item_purchase_floors":[],"current_hp_per_floor":[64,64,68,66,56,56,49,49,49,31,23,23,23,22,44,0],"gold":72,"neow_bonus":"ONE_RARE_RELIC","is_prod":false,"is_daily":false,"chose_seed":false,"campfire_upgraded":3,"win_rate":0,"timestamp":1548040618,"path_taken":["M","?","M","M","M","R","M","R","T","E","?","R","$","M","R","BOSS"],"build_version":"2019-01-17v2","purchased_purges":1,"victory":false,"max_hp_per_floor":[75,75,75,75,75,75,75,75,75,75,75,75,75,75,75,75],"card_choices":[{"not_picked":["Battle Trance","Iron Wave"],"picked":"Thunderclap","floor":1},{"not_picked":["Clash","Iron Wave"],"picked":"Combust","floor":3},{"not_picked":["Perfected Strike","Bludgeon"],"picked":"Evolve","floor":4},{"not_picked":["Anger","Clothesline"],"picked":"Wild Strike","floor":5},{"not_picked":["Carnage","Body Slam"],"picked":"Rage","floor":7},{"not_picked":["Rage","Cleave"],"picked":"Offering","floor":10},{"not_picked":["Twin Strike","Clash","Thunderclap"],"picked":"SKIP","floor":11},{"not_picked":["Thunderclap","Wild Strike"],"picked":"Battle Trance","floor":14}],"player_experience":1812658,"relics_obtained":[{"floor":10,"key":"Mummified Hand"}],"event_choices":[{"damage_healed":0,"gold_gain":0,"player_choice":"Trade","damage_taken":0,"relics_obtained":["NlothsMask"],"max_hp_gain":0,"max_hp_loss":0,"event_name":"FaceTrader","floor":2,"gold_loss":0}],"is_beta":false,"boss_relics":[],"items_purged_floors":[13],"is_endless":false,"potions_floor_spawned":[4,7,10],"killed_by":"Hexaghost","ascension_level":15}