{"gold_per_floor":[113,113,127,127,127,127,143,143,170,189,189,77,90,90,90,90],"floor_reached":16,"playtime":5145,"items_purged":["Strike_G"],"score":180,"play_id":"0503f3d5-214a-4043-bf60-0cdf94474d7d","local_time":"20190519131646","is_ascension_mode":true,"campfire_choices":[{"floor":6,"key":"REST"},{"data":"Noxious Fumes","floor":8,"key":"SMITH"},{"data":"Cloak And Dagger","floor":15,"key":"SMITH"}],"neow_cost":"NONE","seed_source_timestamp":2411297719872279,"circlet_count":0,"master_deck":["AscendersBane","Defend_G","Defend_G","Defend_G","Defend_G","Defend_G","Strike_G","Strike_G","Strike_G","Strike_G","Survivor","Neutralize","Dagger Spray","Dodge and Roll+1","Noxious Fumes+1","PiercingWail","Footwork","Cloak And Dagger+1"],"relics":["Ring of the Snake","Golden Idol","Boot","Omamori"],"potions_floor_usage":[16,16],"damage_taken":[{"damage":5,"enemies":"Small Slimes","floor":1,"turns":3},{"damage":4,"enemies":"2 Louse","floor":3,"turns":2},{"damage":1,"enemies":"Cultist","floor":7,"turns":4},{"damage":2,"enemies":"2 Fungi Beasts","floor":10,"turns":3},{"damage":7,"enemies":"Large Slime","floor":13,"turns":8},{"damage":36,"enemies":"Hexaghost","floor":16,"turns":12}],"seed_played":"-467931252108598102","potions_obtained":[{"floor":10,"key":"AttackPotion"},{"floor":13,"key":"Block Potion"}],"is_trial":false,"path_per_floor":["M","?","M","?","?","R","M","R","T","M","?","$","M","?","R","B"],"character_chosen":"THE_SILENT","items_purchased":["Footwork"],"campfire_rested":1,"item_purchase_floors":[12],"current_hp_per_floor":[54,31,27,27,22,41,40,40,40,38,38,38,31,36,36,0],"gold":90,"neow_bonus":"THREE_CARDS","is_prod":false,"is_daily":false,"chose_seed":false,"campfire_upgraded":2,"win_rate":0,"timestamp":1558264606,"path_taken":["M","?","M","?","?","R","M","R","T","M","?","$","?","?","R","BOSS"],"build_version":"2019-05-07","purchased_purges":1,"victory":false,"max_hp_per_floor":[66,66,66,66,66,66,66,66,66,66,66,66,66,71,71,71],"card_choices":[{"not_picked":["Escape Plan","Quick Slash"],"picked":"Dagger Spray","floor":0},{"not_picked":["Flying Knee","Accuracy"],"picked":"Dodge and Roll","floor":1},{"not_picked":["Quick Slash","Calculated Gamble"],"picked":"Noxious Fumes","floor":3},{"not_picked":["Deflect","Sucker Punch","Reflex"],"picked":"SKIP","floor":7},{"not_picked":["Choke","Sucker Punch"],"picked":"PiercingWail","floor":10},{"not_picked":["Quick Slash","Backflip"],"picked":"Cloak And Dagger","floor":13}],"player_experience":2035694,"relics_obtained":[{"floor":9,"key":"Omamori"}],"event_choices":[{"damage_healed":0,"gold_gain":0,"player_choice":"Take Damage","damage_taken":23,"relics_obtained":["Golden Idol"],"max_hp_gain":0,"max_hp_loss":0,"event_name":"Golden Idol","floor":2,"gold_loss":0},{"damage_healed":0,"gold_gain":0,"player_choice":"Ignored","damage_taken":0,"max_hp_gain":0,"max_hp_loss":0,"event_name":"Liars Game","floor":4,"gold_loss":0},{"damage_healed":0,"gold_gain":0,"player_choice":"Success","damage_taken":5,"relics_obtained":["Boot"],"max_hp_gain":0,"max_hp_loss":0,"event_name":"Scrap Ooze","floor":5,"gold_loss":0},{"damage_healed":0,"gold_gain":0,"player_choice":"Upgraded","damage_taken":0,"max_hp_gain":0,"max_hp_loss":0,"event_name":"Upgrade Shrine","floor":11,"gold_loss":0,"cards_upgraded":["Dodge and Roll"]},{"damage_healed":0,"gold_gain":0,"player_choice":"Donut","damage_taken":0,"max_hp_gain":5,"max_hp_loss":0,"event_name":"Big Fish","floor":14,"gold_loss":0}],"is_beta":true,"boss_relics":[],"items_purged_floors":[12],"is_endless":false,"potions_floor_spawned":[10,13],"killed_by":"Hexaghost","ascension_level":20}