{"gold_per_floor":[114,39,39,49,67,67,82,82,109,31,62,25,25,25,37,120,132,164,189,116,128],"floor_reached":21,"playtime":8561,"items_purged":[],"score":336,"play_id":"ac018518-9fcb-4051-8004-775cf24fac15","local_time":"20190505162714","is_ascension_mode":true,"campfire_choices":[{"data":"Conserve Battery","floor":6,"key":"SMITH"},{"data":"Ball Lightning","floor":8,"key":"SMITH"},{"data":"Doom and Gloom","floor":13,"key":"SMITH"},{"floor":15,"key":"REST"}],"neow_cost":"NONE","seed_source_timestamp":1209658283557597,"circlet_count":0,"master_deck":["AscendersBane","Strike_B","Strike_B","Strike_B","Defend_B","Defend_B","Defend_B","Defend_B","Zap+1","Dualcast+1","Conserve Battery+1","Compile Driver","Ball Lightning+1","White Noise","Doom and Gloom+1","Gash","Chill","Fission+1","Reinforced Body","Sweeping Beam"],"relics":["Cracked Core","Darkstone Periapt","Anchor","Bottled Flame","MawBank","Runic Pyramid","War Paint"],"potions_floor_usage":[7,16,21,21],"damage_taken":[{"damage":7,"enemies":"Small Slimes","floor":1,"turns":2},{"damage":2,"enemies":"Jaw Worm","floor":4,"turns":3},{"damage":0,"enemies":"2 Louse","floor":5,"turns":3},{"damage":2,"enemies":"Lots of Slimes","floor":7,"turns":2},{"damage":15,"enemies":"3 Sentries","floor":11,"turns":5},{"damage":11,"enemies":"The Guardian","floor":16,"turns":8},{"damage":19,"enemies":"3 Byrds","floor":18,"turns":4},{"damage":10,"enemies":"2 Thieves","floor":19,"turns":3},{"damage":7,"enemies":"Colosseum Slavers","floor":21,"turns":3},{"damage":58,"enemies":"Colosseum Nobs","floor":21,"turns":4}],"seed_played":"693746589967699447","potions_obtained":[{"floor":1,"key":"AttackPotion"},{"floor":5,"key":"Weak Potion"},{"floor":16,"key":"SteroidPotion"},{"floor":18,"key":"Energy Potion"}],"is_trial":false,"path_per_floor":["M","?","T","M","M","R","M","R","T","$","E","$","R","?","R","B",null,"M","M","?","?"],"character_chosen":"DEFECT","items_purchased":["Doom and Gloom","Chill"],"campfire_rested":1,"item_purchase_floors":[10,12],"current_hp_per_floor":[57,57,57,55,55,55,53,53,53,53,38,38,38,33,54,43,64,45,35,35,0],"gold":128,"neow_bonus":"UPGRADE_CARD","is_prod":false,"is_daily":false,"chose_seed":false,"campfire_upgraded":3,"win_rate":0,"timestamp":1557066434,"path_taken":["M","?","?","M","M","R","M","R","T","$","E","?","R","?","R","BOSS","M","M","?","?"],"build_version":"2019-04-23","purchased_purges":0,"victory":false,"max_hp_per_floor":[71,71,71,71,71,71,71,71,71,71,71,71,71,71,71,71,71,71,71,71,71],"card_choices":[{"not_picked":["Blizzard","Gash"],"picked":"Conserve Battery","floor":1},{"not_picked":["Streamline","Heatsinks"],"picked":"Compile Driver","floor":4},{"not_picked":["White Noise","Rebound"],"picked":"Ball Lightning","floor":5},{"not_picked":["Undo","Rebound"],"picked":"White Noise","floor":7},{"not_picked":["Loop","Lockon"],"picked":"Gash","floor":11},{"not_picked":["Rainbow","Machine Learning"],"picked":"Fission","floor":16},{"not_picked":["Ball Lightning","Barrage"],"picked":"Reinforced Body","floor":18},{"not_picked":["Go for the Eyes","Redo"],"picked":"Sweeping Beam","floor":19}],"player_experience":1516972,"relics_obtained":[{"floor":3,"key":"Darkstone Periapt"},{"floor":9,"key":"Anchor"},{"floor":11,"key":"Bottled Flame"}],"event_choices":[{"cards_removed":["Strike_B"],"damage_healed":0,"gold_gain":0,"player_choice":"Card Removal","damage_taken":0,"max_hp_gain":0,"max_hp_loss":0,"event_name":"The Cleric","floor":2,"gold_loss":75},{"damage_healed":0,"gold_gain":0,"player_choice":"Success","damage_taken":5,"relics_obtained":["MawBank"],"max_hp_gain":0,"max_hp_loss":0,"event_name":"Scrap Ooze","floor":14,"gold_loss":0},{"damage_healed":0,"gold_gain":0,"player_choice":"Obtained Relic","damage_taken":0,"relics_obtained":["War Paint"],"max_hp_gain":0,"max_hp_loss":0,"event_name":"Addict","floor":20,"gold_loss":85},{"damage_healed":0,"gold_gain":0,"player_choice":"Fight","damage_taken":0,"max_hp_gain":0,"max_hp_loss":0,"event_name":"Colosseum","floor":21,"gold_loss":0},{"damage_healed":0,"gold_gain":0,"player_choice":"Fought Nobs","damage_taken":0,"max_hp_gain":0,"max_hp_loss":0,"event_name":"Colosseum","floor":21,"gold_loss":0}],"is_beta":true,"boss_relics":[{"not_picked":["Busted Crown","Fusion Hammer"],"picked":"Runic Pyramid"}],"items_purged_floors":[],"is_endless":false,"potions_floor_spawned":[1,5,16,18,21],"killed_by":"Colosseum Nobs","ascension_level":18}