{"gold_per_floor":[116,129,129,40,40,40,79,79,79,117,138,174,198,214,214,214],"floor_reached":16,"playtime":660,"items_purged":[],"score":283,"play_id":"fc220bd5-23aa-499c-b773-3824b1c54c94","local_time":"20190510211814","is_ascension_mode":true,"campfire_choices":[{"data":"Armaments","floor":6,"key":"SMITH"},{"data":"Rampage","floor":8,"key":"SMITH"},{"data":"Iron Wave","floor":15,"key":"SMITH"}],"neow_cost":"NONE","seed_source_timestamp":1667083585920231,"circlet_count":0,"master_deck":["AscendersBane","Strike_R","Strike_R","Strike_R","Strike_R","Strike_R","Defend_R","Defend_R","Defend_R","Defend_R","Bash+1","Armaments+1","Rampage+1","Cleave","Seeing Red","Iron Wave+1","Shrug It Off","Pommel Strike","Clothesline"],"relics":["Burning Blood","NeowsBlessing","Golden Idol","PreservedInsect","Torii","Blood Vial","Matryoshka"],"potions_floor_usage":[13,16,16],"damage_taken":[{"damage":0,"enemies":"2 Louse","floor":1,"turns":1},{"damage":0,"enemies":"Small Slimes","floor":2,"turns":1},{"damage":0,"enemies":"3 Sentries","floor":7,"turns":2},{"damage":8,"enemies":"Gremlin Nob","floor":10,"turns":3},{"damage":12,"enemies":"Cultist","floor":11,"turns":4},{"damage":5,"enemies":"3 Sentries","floor":12,"turns":6},{"damage":1,"enemies":"Lots of Slimes","floor":13,"turns":3},{"damage":22,"enemies":"Exordium Thugs","floor":14,"turns":5},{"damage":57,"enemies":"Slime Boss","floor":16,"turns":8}],"seed_played":"2684212685743576633","potions_obtained":[{"floor":2,"key":"GamblersBrew"},{"floor":10,"key":"Fire Potion"},{"floor":14,"key":"BloodPotion"}],"is_trial":false,"path_per_floor":["M","M","?","$","?","R","E","R","T","E","M","E","M","M","R","B"],"character_chosen":"IRONCLAD","items_purchased":["Rampage"],"campfire_rested":0,"item_purchase_floors":[4],"current_hp_per_floor":[74,75,49,49,49,49,55,55,55,53,49,52,59,45,45,0],"gold":214,"neow_bonus":"THREE_ENEMY_KILL","is_prod":false,"is_daily":false,"chose_seed":false,"campfire_upgraded":3,"win_rate":0,"timestamp":1557515894,"path_taken":["M","M","?","$","?","R","E","R","T","E","?","E","?","M","R","BOSS"],"build_version":"2019-05-07","purchased_purges":0,"victory":false,"max_hp_per_floor":[75,75,75,75,75,75,75,75,75,75,75,75,75,75,75,75],"card_choices":[{"not_picked":["Clash","Headbutt"],"picked":"Armaments","floor":1},{"not_picked":["Wild Strike","Heavy Blade","Clash"],"picked":"SKIP","floor":2},{"not_picked":["Wild Strike","Perfected Strike"],"picked":"Cleave","floor":7},{"not_picked":["Heavy Blade","Brutality"],"picked":"Seeing Red","floor":10},{"not_picked":["Rage","Body Slam"],"picked":"Iron Wave","floor":11},{"not_picked":["Anger","Fire Breathing"],"picked":"Shrug It Off","floor":12},{"not_picked":["Flex","Searing Blow"],"picked":"Pommel Strike","floor":13},{"not_picked":["True Grit","Shrug It Off"],"picked":"Clothesline","floor":14}],"player_experience":1725442,"relics_obtained":[{"floor":7,"key":"PreservedInsect"},{"floor":9,"key":"Torii"},{"floor":10,"key":"Blood Vial"},{"floor":12,"key":"Matryoshka"}],"event_choices":[{"damage_healed":0,"gold_gain":0,"player_choice":"Take Damage","damage_taken":26,"relics_obtained":["Golden Idol"],"max_hp_gain":0,"max_hp_loss":0,"event_name":"Golden Idol","floor":3,"gold_loss":0},{"damage_healed":0,"gold_gain":0,"player_choice":"Forge","damage_taken":0,"max_hp_gain":0,"max_hp_loss":0,"event_name":"Accursed Blacksmith","floor":5,"gold_loss":0,"cards_upgraded":["Bash"]}],"is_beta":true,"boss_relics":[],"items_purged_floors":[],"is_endless":false,"potions_floor_spawned":[2,10,12,14],"killed_by":"Slime Boss","ascension_level":19}