{"gold_per_floor":[118,118,7,23,96,96,119,154,454,474,474,497,497,517,517,638,638,653,653,107,107,128,128,168,168,195,213,213,226,226,250,250,380,443,468,4,4,19,19],"floor_reached":39,"playtime":2432,"items_purged":["Strike_R","Bite"],"score":541,"play_id":"34176638-d582-46d0-9592-11384c08f6c0","local_time":"20181024112904","is_ascension_mode":true,"campfire_choices":[{"data":"Whirlwind","floor":6,"key":"SMITH"},{"data":"Armaments","floor":13,"key":"SMITH"},{"data":"Heavy Blade","floor":15,"key":"SMITH"},{"data":"Limit Break","floor":23,"key":"SMITH"},{"data":"Enlightenment","floor":25,"key":"SMITH"},{"floor":30,"key":"REST"},{"floor":32,"key":"REST"}],"neow_cost":"NONE","seed_source_timestamp":533300611027329,"circlet_count":0,"master_deck":["Defend_R","Defend_R","Defend_R","Defend_R","Bash+1","Fire Breathing","Whirlwind+1","Cleave+1","Flex","Armaments+1","Shrug It Off","Limit Break+1","Heavy Blade+1","Juggernaut","Bite","Bite+1","Bite+1","Bite","Enlightenment+1","Sword Boomerang","Parasite","Whirlwind","Flame Barrier+1","Demon Form","Shrug It Off","Entrench+1","Master of Strategy","Madness","Madness","Parasite"],"relics":["Burning Blood","Golden Idol","Gremlin Horn","Old Coin","Cursed Key","Pen Nib","Strange Spoon","Question Card","Orichalcum","Tiny House","Whetstone"],"potions_floor_usage":[4,16,24,24,28,39],"damage_taken":[{"damage":2,"enemies":"2 Louse","floor":1,"turns":3},{"damage":7,"enemies":"Jaw Worm","floor":4,"turns":2},{"damage":1,"enemies":"Cultist","floor":7,"turns":3},{"damage":6,"enemies":"Gremlin Nob","floor":8,"turns":3},{"damage":0,"enemies":"2 Fungi Beasts","floor":10,"turns":1},{"damage":16,"enemies":"Blue Slaver","floor":12,"turns":3},{"damage":5,"enemies":"Red Slaver","floor":14,"turns":3},{"damage":61,"enemies":"The Guardian","floor":16,"turns":15},{"damage":50,"enemies":"2 Thieves","floor":18,"turns":4},{"damage":0,"enemies":"3 Byrds","floor":22,"turns":4},{"damage":0,"enemies":"Slavers","floor":24,"turns":1},{"damage":33,"enemies":"Snake Plant","floor":27,"turns":4},{"damage":0,"enemies":"Book of Stabbing","floor":28,"turns":1},{"damage":23,"enemies":"Centurion and Healer","floor":29,"turns":6},{"damage":20,"enemies":"Chosen and Byrds","floor":31,"turns":6},{"damage":50,"enemies":"Collector","floor":33,"turns":10},{"damage":18,"enemies":"3 Darklings","floor":35,"turns":3},{"damage":38,"enemies":"3 Shapes","floor":38,"turns":4},{"damage":26,"enemies":"Writhing Mass","floor":39,"turns":6}],"seed_played":"-7901575615404474498","potions_obtained":[{"floor":1,"key":"SkillPotion"},{"floor":4,"key":"SpeedPotion"},{"floor":7,"key":"SneckoOil"},{"floor":8,"key":"EssenceOfSteel"},{"floor":11,"key":"Regen Potion"},{"floor":18,"key":"Block Potion"},{"floor":22,"key":"SteroidPotion"},{"floor":33,"key":"Ancient Potion"},{"floor":34,"key":"SkillPotion"},{"floor":35,"key":"SteroidPotion"}],"is_trial":false,"path_per_floor":["M","?","$","M","?","R","M","E","T","M","?","M","R","M","R","B",null,"M","?","$","?","M","R","E","R","T","M","E","M","R","M","R","B",null,"M","$","?","M"],"character_chosen":"IRONCLAD","items_purchased":["Whirlwind","SmokeBomb","Pen Nib","Strange Spoon","Enlightenment","Whetstone","Master of Strategy","SteroidPotion"],"campfire_rested":2,"item_purchase_floors":[3,20,20,20,20,36,36,36],"current_hp_per_floor":[80,60,60,59,59,59,64,64,64,70,70,60,60,61,61,21,80,36,36,36,36,50,50,56,56,56,31,37,28,44,38,54,28,61,51,51,43,19,0],"gold":19,"neow_bonus":"UPGRADE_CARD","is_prod":false,"is_daily":false,"chose_seed":false,"campfire_upgraded":5,"win_rate":0,"timestamp":1540373344,"path_taken":["M","?","$","M","?","R","M","E","T","M","?","M","R","M","R","BOSS","M","?","$","?","?","R","E","R","T","M","E","?","R","M","R","BOSS","M","$","?","M","M"],"build_version":"2018-10-18","purchased_purges":2,"victory":false,"max_hp_per_floor":[80,80,80,80,80,80,80,80,80,80,80,80,80,80,80,80,80,80,56,56,56,56,56,56,56,56,56,56,56,56,56,56,56,61,61,61,61,61,61],"card_choices":[{"not_picked":["Perfected Strike","Thunderclap"],"picked":"Fire Breathing","floor":1},{"not_picked":["Uppercut","Sever Soul"],"picked":"Cleave","floor":4},{"not_picked":["Clash","Dual Wield"],"picked":"Flex","floor":7},{"not_picked":["Flex","Wild Strike"],"picked":"Armaments","floor":8},{"not_picked":["Twin Strike","Warcry"],"picked":"Shrug It Off","floor":10},{"not_picked":["Feel No Pain","Flame Barrier"],"picked":"Limit Break","floor":12},{"not_picked":["Thunderclap","Iron Wave"],"picked":"Heavy Blade","floor":14},{"not_picked":["Brutality","Immolate"],"picked":"Juggernaut","floor":16},{"not_picked":["Wild Strike","True Grit","Evolve+1"],"picked":"SKIP","floor":18},{"not_picked":["Perfected Strike+1","Uppercut","Body Slam"],"picked":"SKIP","floor":22},{"not_picked":["Thunderclap","Perfected Strike"],"picked":"Sword Boomerang","floor":24},{"not_picked":["True Grit","Flame Barrier","Bludgeon","Havoc"],"picked":"SKIP","floor":27},{"not_picked":["Uppercut","Evolve","Thunderclap"],"picked":"Whirlwind","floor":29},{"not_picked":["Twin Strike","Cleave","Bloodletting"],"picked":"Flame Barrier+1","floor":31},{"not_picked":["Feed","Berserk","Double Tap"],"picked":"Demon Form","floor":33},{"not_picked":["Iron Wave","Thunderclap","Pummel"],"picked":"Shrug It Off","floor":34},{"not_picked":["Sever Soul+1","Evolve+1","Sword Boomerang+1"],"picked":"Entrench+1","floor":35},{"not_picked":["Evolve","Perfected Strike+1","Havoc+1","Clash"],"picked":"SKIP","floor":38}],"player_experience":109371,"relics_obtained":[{"floor":8,"key":"Gremlin Horn"},{"floor":9,"key":"Old Coin"},{"floor":24,"key":"Question Card"},{"floor":26,"key":"Orichalcum"}],"event_choices":[{"damage_healed":0,"gold_gain":0,"player_choice":"Take Damage","damage_taken":20,"relics_obtained":["Golden Idol"],"max_hp_gain":0,"max_hp_loss":0,"event_name":"Golden Idol","floor":2,"gold_loss":0},{"damage_healed":0,"gold_gain":73,"player_choice":"Gained Gold","damage_taken":0,"max_hp_gain":0,"max_hp_loss":0,"event_name":"Golden Wing","floor":5,"gold_loss":0},{"damage_healed":0,"gold_gain":0,"player_choice":"Got Potions","damage_taken":0,"max_hp_gain":0,"max_hp_loss":0,"event_name":"The Lab","floor":11,"gold_loss":0},{"damage_healed":0,"gold_gain":0,"player_choice":"Became a vampire","damage_taken":0,"max_hp_gain":0,"max_hp_loss":24,"event_name":"Vampires","floor":19,"gold_loss":0,"cards_obtained":["Bite","Bite","Bite","Bite","Bite"]},{"damage_healed":0,"gold_gain":0,"player_choice":"Ignored","damage_taken":0,"max_hp_gain":0,"max_hp_loss":0,"event_name":"Beggar","floor":21,"gold_loss":0},{"damage_healed":0,"gold_gain":0,"player_choice":"Embrace Madness","damage_taken":8,"max_hp_gain":0,"max_hp_loss":0,"event_name":"Winding Halls","floor":37,"gold_loss":0,"cards_obtained":["Madness","Madness"]}],"is_beta":false,"boss_relics":[{"not_picked":["White Beast Statue","Coffee Dripper"],"picked":"Cursed Key"},{"not_picked":["Runic Cube","Black Star"],"picked":"Tiny House"}],"items_purged_floors":[3,36],"is_endless":false,"potions_floor_spawned":[1,4,7,8,18,22,28,33,35],"killed_by":"Writhing Mass","ascension_level":2}