{"gold_per_floor":[119,135,60,60,10,38,49,84,84,84,99,113,126,159,159,258,258,268,284,299,312,312],"floor_reached":22,"playtime":1227,"items_purged":["Strike_B"],"score":256,"play_id":"dc927bee-3f4a-487a-89b1-edbc868eb1c4","local_time":"20180818204324","is_ascension_mode":true,"campfire_choices":[{"floor":10,"key":"REST"},{"floor":15,"key":"REST"}],"neow_cost":"NONE","seed_source_timestamp":450829518948287,"circlet_count":0,"master_deck":["Strike_B","Strike_B","Defend_B","Defend_B","Zap","Dualcast","Storm","White Noise","Auto Shields","Conserve Battery","White Noise","FTL","Amplify","Glacier"],"relics":["Cracked Core","Frozen Egg 2","Bag of Preparation","Letter Opener","Mango","Empty Cage"],"potions_floor_usage":[14,21,21,22],"damage_taken":[{"damage":4,"enemies":"Small Slimes","floor":1,"turns":4},{"damage":4,"enemies":"2 Louse","floor":2,"turns":2},{"damage":28,"enemies":"Gremlin Nob","floor":6,"turns":4},{"damage":5,"enemies":"Cultist","floor":7,"turns":4},{"damage":10,"enemies":"Lagavulin","floor":8,"turns":6},{"damage":2,"enemies":"Blue Slaver","floor":11,"turns":4},{"damage":1,"enemies":"2 Fungi Beasts","floor":12,"turns":4},{"damage":0,"enemies":"Looter","floor":13,"turns":3},{"damage":16,"enemies":"Gremlin Nob","floor":14,"turns":3},{"damage":3,"enemies":"Slime Boss","floor":16,"turns":7},{"damage":22,"enemies":"Shell Parasite","floor":18,"turns":5},{"damage":6,"enemies":"Spheric Guardian","floor":19,"turns":3},{"damage":16,"enemies":"Snake Plant","floor":20,"turns":4},{"damage":27,"enemies":"Snecko","floor":21,"turns":5},{"damage":33,"enemies":"Sentry and Sphere","floor":22,"turns":7}],"seed_played":"-3880331661537227549","potions_obtained":[{"floor":1,"key":"FearPotion"},{"floor":2,"key":"FearPotion"},{"floor":12,"key":"Dexterity Potion"},{"floor":13,"key":"Explosive Potion"},{"floor":16,"key":"Weak Potion"},{"floor":20,"key":"PowerPotion"},{"floor":21,"key":"Strength Potion"}],"is_trial":false,"path_per_floor":["M","M","$","?","?","E","M","E","T","R","M","M","M","E","R","B",null,"M","M","M","M"],"character_chosen":"DEFECT","items_purchased":[],"campfire_rested":2,"item_purchase_floors":[],"current_hp_per_floor":[71,67,67,72,72,44,39,29,29,53,51,50,50,48,76,73,94,72,66,50,30,0],"gold":312,"neow_bonus":"THREE_CARDS","is_prod":false,"is_daily":false,"chose_seed":false,"campfire_upgraded":0,"win_rate":0,"timestamp":1534639404,"path_taken":["M","M","$","?","?","E","M","E","T","R","?","M","M","E","R","BOSS","M","M","M","M","M"],"build_version":"2018-08-16","purchased_purges":1,"victory":false,"max_hp_per_floor":[75,75,75,80,80,80,80,80,80,80,80,80,80,94,94,94,94,94,94,94,94,94],"card_choices":[{"not_picked":["Redo","Fusion"],"picked":"Storm","floor":0},{"not_picked":["Blizzard","Turbo"],"picked":"White Noise","floor":1},{"not_picked":["Go for the Eyes","Steam"],"picked":"Auto Shields","floor":2},{"not_picked":["Hello World","Streamline","Scrape"],"picked":"SKIP","floor":6},{"not_picked":["Rebound","Beam Cell","Gash"],"picked":"SKIP","floor":7},{"not_picked":["Beam Cell","Seek"],"picked":"Conserve Battery","floor":8},{"not_picked":["Redo","Aggregate"],"picked":"White Noise","floor":11},{"not_picked":["Compile Driver","Streamline","Cold Snap"],"picked":"SKIP","floor":12},{"not_picked":["Ball Lightning","Gash"],"picked":"FTL","floor":13},{"not_picked":["Reprogram","Cold Snap","Fusion"],"picked":"SKIP","floor":14},{"not_picked":["Rainbow","Seek"],"picked":"Amplify","floor":16},{"not_picked":["Sweeping Beam+1","Redo","Fusion"],"picked":"SKIP","floor":18},{"not_picked":["Steam","Go for the Eyes","Streamline"],"picked":"SKIP","floor":19},{"not_picked":["Steam","Stack","Rebound"],"picked":"SKIP","floor":20},{"not_picked":["Turbo+1","Ball Lightning"],"picked":"Glacier","floor":21}],"player_experience":656715,"relics_obtained":[{"floor":6,"key":"Frozen Egg 2"},{"floor":8,"key":"Bag of Preparation"},{"floor":9,"key":"Letter Opener"},{"floor":14,"key":"Mango"}],"event_choices":[{"event_name":"Big Fish","player_choice":"Donut","floor":4,"damage_taken":0},{"event_name":"The Cleric","player_choice":"Card Removal","floor":5,"damage_taken":0}],"is_beta":false,"boss_relics":[{"not_picked":["Calling Bell","Coffee Dripper"],"picked":"Empty Cage"}],"items_purged_floors":[3],"is_endless":false,"potions_floor_spawned":[1,2,12,13,16,20,21],"killed_by":"Sentry and Sphere","ascension_level":2}