{"gold_per_floor":[110,128,142,67,85,85,116,135,165,184,184,198,230,230,230,331,331,348,348,20,39,39,68,82,82,82,1,27,40,51,80,80,182,182,199,0,14,14,25,25,54,54,54,54,89,101,101],"floor_reached":47,"playtime":14408,"items_purged":["Defend_R"],"score":682,"play_id":"3fdee98e-53ff-4746-8dd0-3ef51d1708b3","local_time":"20180716180327","is_ascension_mode":false,"campfire_choices":[{"data":"Infernal Blade","floor":6,"key":"SMITH"},{"data":"Metallicize","floor":11,"key":"SMITH"},{"data":"Barricade","floor":15,"key":"SMITH"},{"floor":25,"key":"REST"},{"floor":32,"key":"REST"},{"floor":40,"key":"REST"},{"data":"Strike_R","floor":42,"key":"PURGE"},{"data":"Defend_R","floor":44,"key":"PURGE"}],"neow_cost":"NONE","seed_source_timestamp":804235069478568,"circlet_count":0,"master_deck":["Strike_R","Strike_R","Defend_R","Bash","Infernal Blade+1","Sentinel","True Grit","Metallicize+1","Exhume","Ghostly Armor","Barricade+1","Juggernaut","Body Slam","Inflame","Metallicize+1","Shrug It Off","Seeing Red","Headbutt+1","Metallicize+1","Impervious","Feel No Pain+1","Metallicize+1","Feel No Pain+1"],"relics":["Burning Blood","Bag of Preparation","Pear","Tiny Chest","Anchor","Fusion Hammer","Darkstone Periapt","Kunai","Frozen Egg 2","Mummified Hand","Bottled Tornado","Bag of Marbles","Mark of Pain","Red Mask","Peace Pipe","Self Forming Clay","Matryoshka"],"potions_floor_usage":[18,21,21,33,45,45,45,46,47],"damage_taken":[{"damage":5,"enemies":"2 Louse","floor":1,"turns":3},{"damage":1,"enemies":"Jaw Worm","floor":2,"turns":2},{"damage":10,"enemies":"Small Slimes","floor":3,"turns":4},{"damage":5,"enemies":"Exordium Thugs","floor":5,"turns":3},{"damage":28,"enemies":"3 Sentries","floor":7,"turns":9},{"damage":4,"enemies":"2 Fungi Beasts","floor":8,"turns":4},{"damage":1,"enemies":"Red Slaver","floor":10,"turns":2},{"damage":2,"enemies":"Looter","floor":12,"turns":4},{"damage":11,"enemies":"Lagavulin","floor":13,"turns":6},{"damage":24,"enemies":"Slime Boss","floor":16,"turns":25},{"damage":6,"enemies":"Chosen","floor":18,"turns":8},{"damage":6,"enemies":"3 Byrds","floor":21,"turns":4},{"damage":55,"enemies":"Gremlin Leader","floor":23,"turns":8},{"damage":1,"enemies":"Cultist and Chosen","floor":24,"turns":9},{"damage":25,"enemies":"Slavers","floor":28,"turns":7},{"damage":8,"enemies":"Chosen and Byrds","floor":29,"turns":7},{"damage":0,"enemies":"Snake Plant","floor":30,"turns":5},{"damage":8,"enemies":"Book of Stabbing","floor":31,"turns":6},{"damage":0,"enemies":"Automaton","floor":33,"turns":10},{"damage":2,"enemies":"Flame Bruiser 1 Orb","floor":35,"turns":5},{"damage":0,"enemies":"3 Darklings","floor":37,"turns":6},{"damage":0,"enemies":"Maw","floor":39,"turns":8},{"damage":0,"enemies":"Giant Head","floor":41,"turns":8},{"damage":25,"enemies":"2 Orb Walkers","floor":45,"turns":5},{"damage":0,"enemies":"Sphere and 2 Shapes","floor":46,"turns":6},{"damage":90,"enemies":"Flame Bruiser 2 Orb","floor":47,"turns":3}],"seed_played":"-6000558031174740479","potions_obtained":[{"floor":3,"key":"EssenceOfSteel"},{"floor":5,"key":"Block Potion"},{"floor":7,"key":"LiquidBronze"},{"floor":28,"key":"BloodPotion"},{"floor":29,"key":"FearPotion"},{"floor":30,"key":"Fire Potion"},{"floor":31,"key":"PowerPotion"},{"floor":35,"key":"Poison Potion"},{"floor":39,"key":"Ancient Potion"},{"floor":45,"key":"Block Potion"},{"floor":46,"key":"EssenceOfSteel"}],"is_trial":false,"path_per_floor":["M","M","M","$","M","R","E","M","T","M","R","M","E","?","R","B",null,"M","T","$","M","?","E","M","R","T","$","E","M","M","E","R","B",null,"M","?","M","?","M","R","E","R","T","R","E","M"],"character_chosen":"IRONCLAD","items_purchased":["Kunai","Inflame","Seeing Red"],"campfire_rested":3,"item_purchase_floors":[20,20,27],"current_hp_per_floor":[80,80,76,76,77,77,65,67,67,72,72,76,71,64,64,46,90,90,90,90,90,90,41,46,73,73,73,54,52,58,56,83,89,90,90,90,90,90,90,90,90,90,90,90,80,86,0],"gold":101,"neow_bonus":"RANDOM_COMMON_RELIC","is_prod":false,"is_daily":false,"chose_seed":false,"campfire_upgraded":3,"win_rate":0,"timestamp":1531778607,"path_taken":["M","M","M","$","M","R","E","M","T","M","R","M","E","?","R","BOSS","M","?","$","M","?","E","M","R","T","$","E","M","M","E","R","BOSS","M","?","M","?","M","R","E","R","T","R","E","M","M"],"build_version":"2018-07-12","purchased_purges":1,"victory":false,"max_hp_per_floor":[80,80,80,80,80,80,90,90,90,90,90,90,90,90,90,90,90,90,90,90,90,90,90,90,90,90,90,90,90,90,90,90,90,90,90,90,90,90,90,90,90,90,90,90,90,90,90],"card_choices":[{"not_picked":["Twin Strike","Seeing Red"],"picked":"Infernal Blade","floor":1},{"not_picked":["Perfected Strike","Disarm","Anger"],"picked":"SKIP","floor":2},{"not_picked":["Warcry","Anger"],"picked":"Sentinel","floor":3},{"not_picked":["Clash","True Grit","Warcry"],"picked":"SKIP","floor":5},{"not_picked":["Warcry","Cleave"],"picked":"True Grit","floor":7},{"not_picked":["Dropkick","Disarm"],"picked":"Metallicize","floor":8},{"not_picked":["Shockwave","Heavy Blade"],"picked":"Exhume","floor":10},{"not_picked":["Body Slam","Sword Boomerang"],"picked":"Ghostly Armor","floor":12},{"not_picked":["Shockwave","Heavy Blade"],"picked":"Barricade","floor":13},{"not_picked":["Immolate","Impervious"],"picked":"Juggernaut","floor":16},{"not_picked":["Shrug It Off+1","Heavy Blade"],"picked":"Body Slam","floor":18},{"not_picked":["Evolve","Carnage+1"],"picked":"Metallicize+1","floor":21},{"not_picked":["Wild Strike","Ghostly Armor"],"picked":"Shrug It Off","floor":23},{"not_picked":["Flame Barrier","Perfected Strike","Headbutt"],"picked":"SKIP","floor":24},{"not_picked":["Iron Wave","Headbutt","Sentinel"],"picked":"SKIP","floor":28},{"not_picked":["Heavy Blade","Shockwave","Armaments"],"picked":"SKIP","floor":29},{"not_picked":["Sword Boomerang","Disarm"],"picked":"Headbutt+1","floor":30},{"not_picked":["Bludgeon","Twin Strike+1"],"picked":"Metallicize+1","floor":31},{"not_picked":["Fiend Fire","Exhume"],"picked":"Impervious","floor":33},{"not_picked":["Wild Strike+1","Heavy Blade+1"],"picked":"Feel No Pain+1","floor":35},{"not_picked":["Uppercut","Perfected Strike","Wild Strike+1"],"picked":"SKIP","floor":37},{"not_picked":["Sword Boomerang","Heavy Blade","Combust+1"],"picked":"SKIP","floor":39},{"not_picked":["Second Wind","Anger","Havoc"],"picked":"SKIP","floor":41},{"not_picked":["Seeing Red+1","Sentinel"],"picked":"Metallicize+1","floor":45},{"not_picked":["Pommel Strike+1","Feed"],"picked":"Feel No Pain+1","floor":46}],"player_experience":270445,"relics_obtained":[{"floor":7,"key":"Pear"},{"floor":9,"key":"Tiny Chest"},{"floor":13,"key":"Anchor"},{"floor":19,"key":"Darkstone Periapt"},{"floor":23,"key":"Frozen Egg 2"},{"floor":26,"key":"Mummified Hand"},{"floor":28,"key":"Bottled Tornado"},{"floor":31,"key":"Bag of Marbles"},{"floor":41,"key":"Peace Pipe"},{"floor":43,"key":"Self Forming Clay"},{"floor":45,"key":"Matryoshka"}],"event_choices":[{"event_name":"Golden Wing","player_choice":"Card Removal","floor":14,"damage_taken":0},{"event_name":"Wheel of Change","player_choice":"Card Removal","floor":22,"damage_taken":0},{"event_name":"Tomb of Lord Red Mask","player_choice":"Paid","floor":36,"damage_taken":0},{"event_name":"Purifier","player_choice":"One Purge","floor":38,"damage_taken":0}],"boss_relics":[{"not_picked":["Orrery","Calling Bell"],"picked":"Fusion Hammer"},{"not_picked":["Eternal Feather","Velvet Choker"],"picked":"Mark of Pain"}],"items_purged_floors":[4],"is_endless":false,"potions_floor_spawned":[3,5,7,13,16,28,29,30,31,35,39,45,46],"killed_by":"Flame Bruiser 2 Orb","ascension_level":0}