{"path_per_floor":["M","M","?","M","M","E","R","M","T","R","M","$","R","?","R","B",null,"M","M","?","$"],"character_chosen":"IRONCLAD","items_purchased":["Unceasing Top","Reaper","Medical Kit"],"gold_per_floor":[112,131,131,141,154,187,187,202,284,284,304,13,13,188,188,283,283,294,306,306,25],"floor_reached":22,"campfire_rested":0,"playtime":1683,"current_hp_per_floor":[80,80,80,79,80,68,68,74,74,74,71,71,71,71,71,45,80,66,58,43,43],"items_purged":[],"gold":25,"play_id":"0687056d-4568-43ea-82b4-bc3d9320976e","is_prod":false,"is_daily":false,"campfire_rituals":0,"campfire_upgraded":4,"is_hardmode":false,"path_taken":["M","M","?","M","?","E","R","M","T","R","M","?","R","?","R","BOSS","M","?","?","$","M"],"build_version":"2018-01-18-PROD4","purchased_purges":0,"victory":false,"master_deck":["Strike_R","Strike_R","Strike_R","Strike_R","Strike_R","Defend_R","Defend_R","Defend_R","Bash","Flex","Inflame","Headbutt","Seeing Red","Double Tap","Heavy Blade","Anger","Doubt","Limit Break","Doubt","Decay","Doubt","True Grit","Heavy Blade","Reaper"],"max_hp_per_floor":[80,80,80,80,80,80,80,80,80,80,80,80,80,80,80,80,80,80,80,85,85],"relics":["Burning Blood","Orichalcum","Regal Pillow","Matryoshka","Unceasing Top","Calling Bell","Darkstone Periapt","Dream Catcher","Omamori","Medical Kit"],"campfire_meditates":0,"card_choices":[{"not_picked":["Wild Strike","True Grit"],"picked":"Flex"},{"not_picked":["True Grit","Cleave"],"picked":"Inflame"},{"not_picked":["Iron Wave","Armaments"],"picked":"Headbutt"},{"not_picked":["Feel No Pain","Clothesline"],"picked":"Seeing Red"},{"not_picked":["Reckless Charge","Perfected Strike"],"picked":"Double Tap"},{"not_picked":["Reckless Charge","Spot Weakness"],"picked":"Heavy Blade"},{"not_picked":["Perfected Strike","Clothesline"],"picked":"Anger"},{"not_picked":["Offering","Juggernaut"],"picked":"Limit Break"},{"not_picked":["Cleave","Uppercut"],"picked":"True Grit"},{"not_picked":["Fire Breathing","Flex"],"picked":"Heavy Blade"}],"player_experience":40862,"potions_floor_usage":[6,16,19,22,22],"damage_taken":[{"damage":1,"enemies":"2 Louse","floor":1,"turns":3},{"damage":0,"enemies":"Cultist","floor":2,"turns":3},{"damage":7,"enemies":"Blue Slaver","floor":4,"turns":3},{"damage":4,"enemies":"Looter","floor":5,"turns":2},{"damage":18,"enemies":"3 Sentries","floor":6,"turns":7},{"damage":0,"enemies":"2 Fungi Beasts","floor":8,"turns":3},{"damage":9,"enemies":"Lots of Slimes","floor":11,"turns":4},{"damage":32,"enemies":"Hexaghost","floor":16,"turns":6},{"damage":20,"enemies":"Spheric Guardian","floor":18,"turns":4},{"damage":20,"enemies":"2 Thieves","floor":19,"turns":4},{"damage":59,"enemies":"Slaver and Parasite","floor":22,"turns":6}],"event_choices":[{"event_name":"Bonfire Elementals","player_choice":"BASIC","floor":3,"damage_taken":0},{"event_name":"Liars Game","player_choice":"agreed","floor":14,"damage_taken":0},{"event_name":"Forgotten Altar","player_choice":"Shed Blood","floor":20,"damage_taken":0}],"boss_relics":[{"not_picked":["Velvet Choker","Philosopher\u0027s Stone"],"picked":"Calling Bell"}],"potions_floor_spawned":[2,4,6,16,18],"seed_played":"-4376498576346703186","killed_by":"Slaver and Parasite","is_trial":false}