{"gold_per_floor":[112,126,104,104,124,124,135,135,135,170,188,213,243,269,269,343,343,357,375,253,253,178,213,213,233,233,246,246,279,279,289,289,360,360,377,397,414,434,444,475,475,475,475,475,493,493,512,527,527,527,527,527,108,140,140],"floor_reached":55,"playtime":3496,"items_purged":["Strike_B"],"score":1294,"play_id":"f7e1622a-3afb-4726-a3a0-e99cd5af9eff","local_time":"20190430150744","is_ascension_mode":true,"campfire_choices":[{"data":"Reinforced Body","floor":6,"key":"SMITH"},{"data":"Coolheaded","floor":8,"key":"SMITH"},{"floor":15,"key":"REST"},{"floor":28,"key":"REST"},{"data":"Strike_B","floor":30,"key":"PURGE"},{"floor":32,"key":"REST"},{"floor":42,"key":"RECALL"},{"data":"Defend_B","floor":44,"key":"PURGE"},{"data":"Defend_B","floor":46,"key":"PURGE"},{"floor":49,"key":"REST"},{"data":"Defend_B","floor":52,"key":"PURGE"}],"neow_cost":"NONE","seed_source_timestamp":778015241292458,"circlet_count":0,"master_deck":["AscendersBane","Defend_B","Zap","Dualcast","Coolheaded+1","Sweeping Beam","Sweeping Beam","Reinforced Body+1","Gash","Go for the Eyes","Conserve Battery","Barrage","Fission+1","Coolheaded+1","All For One","Glacier+1","Beam Cell+1","Conserve Battery+1","Gash","Buffer","Zap+1","Coolheaded+1","Gash","Echo Form","Beam Cell+1","Compile Driver","Parasite","Capacitor"],"relics":["Cracked Core","Regal Pillow","DataDisk","Kunai","Toxic Egg 2","Potion Belt","Centennial Puzzle","Fusion Hammer","Peace Pipe","Bag of Marbles","Turnip","Sozu","Ginger","Orichalcum","Strange Spoon","Blood Vial"],"potions_floor_usage":[14,16,31,38,39,48,55],"damage_taken":[{"damage":3,"enemies":"2 Louse","floor":1,"turns":2},{"damage":0,"enemies":"Cultist","floor":2,"turns":3},{"damage":0,"enemies":"Small Slimes","floor":5,"turns":3},{"damage":3,"enemies":"Looter","floor":7,"turns":3},{"damage":17,"enemies":"3 Sentries","floor":10,"turns":5},{"damage":2,"enemies":"Blue Slaver","floor":11,"turns":4},{"damage":17,"enemies":"Lagavulin","floor":12,"turns":8},{"damage":8,"enemies":"3 Sentries","floor":14,"turns":6},{"damage":16,"enemies":"Slime Boss","floor":16,"turns":12},{"damage":9,"enemies":"2 Thieves","floor":18,"turns":4},{"damage":0,"enemies":"3 Byrds","floor":19,"turns":4},{"damage":32,"enemies":"Gremlin Leader","floor":23,"turns":10},{"damage":5,"enemies":"Centurion and Healer","floor":25,"turns":6},{"damage":4,"enemies":"Snecko","floor":27,"turns":8},{"damage":15,"enemies":"Slavers","floor":29,"turns":6},{"damage":2,"enemies":"Snake Plant","floor":31,"turns":3},{"damage":0,"enemies":"Champ","floor":33,"turns":10},{"damage":0,"enemies":"Orb Walker","floor":35,"turns":4},{"damage":13,"enemies":"3 Darklings","floor":36,"turns":5},{"damage":0,"enemies":"Maw","floor":37,"turns":6},{"damage":7,"enemies":"Writhing Mass","floor":38,"turns":6},{"damage":10,"enemies":"Jaw Worm Horde","floor":39,"turns":4},{"damage":37,"enemies":"Reptomancer","floor":40,"turns":8},{"damage":15,"enemies":"Spire Growth","floor":45,"turns":6},{"damage":6,"enemies":"Writhing Mass","floor":47,"turns":4},{"damage":0,"enemies":"4 Shapes","floor":48,"turns":5},{"damage":24,"enemies":"Time Eater","floor":50,"turns":12},{"damage":53,"enemies":"Shield and Spear","floor":54,"turns":7},{"damage":14,"enemies":"The Heart","floor":55,"turns":2}],"seed_played":"5434826362751833173","potions_obtained":[{"floor":11,"key":"Block Potion"},{"floor":12,"key":"PowerPotion"},{"floor":14,"key":"PowerPotion"},{"floor":16,"key":"Block Potion"},{"floor":18,"key":"LiquidBronze"},{"floor":23,"key":"Poison Potion"},{"floor":29,"key":"Energy Potion"},{"floor":33,"key":"Regen Potion"}],"is_trial":false,"path_per_floor":["M","M","$","?","M","R","M","R","T","E","M","E","?","E","R","B",null,"M","M","$","?","?","E","?","M","T","M","R","E","R","M","R","B",null,"M","M","M","M","M","E","?","R","T","R","M","R","M","M","R","B",null,"R","$","E","B"],"character_chosen":"DEFECT","items_purchased":["Sweeping Beam","Conserve Battery+1","Orichalcum","Strange Spoon","Capacitor"],"campfire_rested":4,"item_purchase_floors":[3,20,53,53,53],"current_hp_per_floor":[61,61,61,61,61,61,58,58,58,41,39,22,22,14,50,34,62,53,53,53,53,53,21,21,16,16,12,48,33,33,31,67,67,70,70,57,57,64,54,17,71,71,71,71,56,56,50,50,71,47,65,65,65,12,0],"gold":140,"neow_bonus":"RANDOM_COMMON_RELIC","is_prod":false,"is_daily":false,"chose_seed":false,"campfire_upgraded":2,"win_rate":0,"timestamp":1556629664,"path_taken":["M","M","$","?","?","R","M","R","T","E","M","E","?","E","R","BOSS","M","M","$","?","?","E","?","?","T","M","R","E","R","M","R","BOSS","M","M","M","M","?","E","?","R","T","R","M","R","M","?","R","BOSS","R","$","E","BOSS"],"build_version":"2019-04-23","purchased_purges":1,"victory":false,"max_hp_per_floor":[71,71,71,71,71,71,71,71,71,71,71,71,71,71,71,71,71,71,71,71,71,71,71,71,71,71,71,71,71,71,71,71,71,71,71,71,71,71,71,71,71,71,71,71,71,71,71,71,71,71,71,71,71,71,71],"card_choices":[{"not_picked":["Fusion","Chill"],"picked":"Coolheaded","floor":1},{"not_picked":["Go for the Eyes","Coolheaded"],"picked":"Sweeping Beam","floor":2},{"not_picked":["Undo","Compile Driver"],"picked":"Gash","floor":5},{"not_picked":["BootSequence","Beam Cell"],"picked":"Go for the Eyes","floor":7},{"not_picked":["Force Field","Leap"],"picked":"Conserve Battery","floor":10},{"not_picked":["Force Field","Fusion"],"picked":"Barrage","floor":11},{"not_picked":["Auto Shields","Lockon"],"picked":"Fission","floor":12},{"not_picked":["Cold Snap","Streamline"],"picked":"Coolheaded+1","floor":14},{"not_picked":["Biased Cognition","Seek+1"],"picked":"All For One","floor":16},{"not_picked":["Recycle+1","Reinforced Body+1"],"picked":"Glacier+1","floor":18},{"not_picked":["Cold Snap","Turbo+1"],"picked":"Beam Cell+1","floor":19},{"not_picked":["Undo+1","Compile Driver"],"picked":"Buffer","floor":23},{"not_picked":["Beam Cell","Turbo+1"],"picked":"Coolheaded+1","floor":25},{"not_picked":["Redo+1","Sweeping Beam","Amplify+1"],"picked":"SKIP","floor":27},{"not_picked":["Rainbow+1","Redo+1"],"picked":"Gash","floor":29},{"not_picked":["Undo+1","Consume+1","Stack+1"],"picked":"SKIP","floor":31},{"not_picked":["Thunder Strike","Core Surge"],"picked":"Echo Form","floor":33},{"not_picked":["Go for the Eyes","Ball Lightning"],"picked":"Beam Cell+1","floor":35},{"not_picked":["White Noise+1","Glacier+1"],"picked":"Compile Driver","floor":36},{"not_picked":["Reinforced Body+1","Coolheaded+1","Redo+1"],"picked":"SKIP","floor":37},{"not_picked":["Leap+1","Streamline","Fusion+1"],"picked":"SKIP","floor":38},{"not_picked":["Steam+1","Go for the Eyes","Stack+1"],"picked":"SKIP","floor":39},{"not_picked":["Conserve Battery+1","Tempest+1","BootSequence+1"],"picked":"SKIP","floor":40},{"not_picked":["Fission+1","Rebound","Redo+1"],"picked":"SKIP","floor":45},{"not_picked":["Genetic Algorithm+1","Rip and Tear","Storm+1"],"picked":"SKIP","floor":47},{"not_picked":["Stack+1","Self Repair","Leap+1"],"picked":"SKIP","floor":48},{"not_picked":["White Noise+1","Leap+1","Streamline"],"picked":"SKIP","floor":54}],"player_experience":1351928,"relics_obtained":[{"floor":9,"key":"DataDisk"},{"floor":10,"key":"Kunai"},{"floor":12,"key":"Toxic Egg 2"},{"floor":14,"key":"Centennial Puzzle"},{"floor":23,"key":"Peace Pipe"},{"floor":26,"key":"Bag of Marbles"},{"floor":29,"key":"Turnip"},{"floor":40,"key":"Ginger"},{"floor":54,"key":"Blood Vial"}],"event_choices":[{"damage_healed":0,"gold_gain":0,"cards_transformed":["Strike_B"],"player_choice":"Transformed","damage_taken":0,"max_hp_gain":0,"max_hp_loss":0,"event_name":"Transmorgrifier","floor":4,"gold_loss":0,"cards_obtained":["Reinforced Body"]},{"damage_healed":0,"gold_gain":30,"player_choice":"Searched \u00273\u0027 times","damage_taken":0,"relics_obtained":["Potion Belt"],"max_hp_gain":0,"max_hp_loss":0,"event_name":"Dead Adventurer","floor":13,"gold_loss":0},{"damage_healed":0,"gold_gain":0,"player_choice":"Read","damage_taken":0,"max_hp_gain":0,"max_hp_loss":0,"event_name":"The Library","floor":21,"gold_loss":0,"cards_obtained":["Gash"]},{"cards_removed":["Strike_B"],"damage_healed":0,"gold_gain":0,"player_choice":"Gave Gold","damage_taken":0,"max_hp_gain":0,"max_hp_loss":0,"event_name":"Beggar","floor":22,"gold_loss":75},{"damage_healed":0,"gold_gain":0,"player_choice":"1 cards matched","damage_taken":0,"max_hp_gain":0,"max_hp_loss":0,"event_name":"Match and Keep!","floor":24,"gold_loss":0,"cards_obtained":["Zap"]},{"damage_healed":54,"gold_gain":0,"player_choice":"Full Heal","damage_taken":0,"max_hp_gain":0,"max_hp_loss":0,"event_name":"Wheel of Change","floor":41,"gold_loss":0}],"is_beta":true,"boss_relics":[{"not_picked":["White Beast Statue","Busted Crown"],"picked":"Fusion Hammer"},{"not_picked":["Lizard Tail","Pandora\u0027s Box"],"picked":"Sozu"}],"items_purged_floors":[20],"is_endless":false,"potions_floor_spawned":[11,12,14,16,18,23,29,33,37,38,39,45,48],"killed_by":"The Heart","ascension_level":14}