{"gold_per_floor":[213,231,249,264,115,149,149,181,253,268,72,72,100,115,115,186,186,197,214,26,46,63,98,98,127,127,127],"floor_reached":27,"playtime":1717,"items_purged":["Strike_R","Strike_R"],"score":454,"play_id":"08500a04-c2b4-4b0b-aa7b-ef2717a3ac0f","local_time":"20190116003911","is_ascension_mode":true,"campfire_choices":[{"floor":7,"key":"REST"},{"floor":12,"key":"REST"},{"floor":15,"key":"REST"},{"floor":24,"key":"REST"}],"neow_cost":"NONE","seed_source_timestamp":1388447974884900,"circlet_count":0,"master_deck":["AscendersBane","Strike_R","Strike_R","Strike_R","Defend_R","Defend_R","Defend_R","Defend_R","Bash","Shrug It Off","Evolve","Power Through","Inflame","Corruption","Cleave+1","Infernal Blade","Wild Strike+1","Juggernaut","Flame Barrier","Reaper+1","Heavy Blade+1","Clothesline+1","Mind Blast+1","Infernal Blade","Ghostly Armor","Uppercut+1","Demon Form","Shame"],"relics":["Burning Blood","Molten Egg 2","Unceasing Top","Pantograph","HandDrill","Bag of Marbles","Cursed Key","Girya","Gremlin Horn","Bag of Preparation"],"potions_floor_usage":[13,18,18,23],"damage_taken":[{"damage":12,"enemies":"Small Slimes","floor":1,"turns":4},{"damage":3,"enemies":"Cultist","floor":2,"turns":4},{"damage":18,"enemies":"Jaw Worm","floor":3,"turns":5},{"damage":3,"enemies":"Blue Slaver","floor":4,"turns":6},{"damage":37,"enemies":"3 Sentries","floor":6,"turns":10},{"damage":7,"enemies":"Lagavulin","floor":8,"turns":7},{"damage":13,"enemies":"Gremlin Gang","floor":10,"turns":4},{"damage":27,"enemies":"3 Sentries","floor":13,"turns":6},{"damage":6,"enemies":"2 Fungi Beasts","floor":14,"turns":3},{"damage":54,"enemies":"Hexaghost","floor":16,"turns":11},{"damage":22,"enemies":"2 Thieves","floor":18,"turns":4},{"damage":27,"enemies":"Shell Parasite","floor":19,"turns":6},{"damage":2,"enemies":"Centurion and Healer","floor":21,"turns":6},{"damage":11,"enemies":"Cultist and Chosen","floor":22,"turns":5},{"damage":34,"enemies":"Book of Stabbing","floor":23,"turns":6},{"damage":24,"enemies":"Slavers","floor":25,"turns":6},{"damage":62,"enemies":"Shelled Parasite and Fungi","floor":27,"turns":5}],"seed_played":"-1797824031176341930","potions_obtained":[{"floor":4,"key":"Weak Potion"},{"floor":10,"key":"LiquidBronze"},{"floor":16,"key":"SteroidPotion"},{"floor":22,"key":"GamblersBrew"},{"floor":25,"key":"FearPotion"}],"is_trial":false,"path_per_floor":["M","M","M","M","$","E","R","E","T","M","$","R","E","M","R","B",null,"M","M","$","M","M","E","R","E","T","M"],"character_chosen":"IRONCLAD","items_purchased":["Corruption","HandDrill","Mind Blast+1"],"campfire_rested":4,"item_purchase_floors":[5,11,20],"current_hp_per_floor":[66,69,57,60,60,29,53,52,52,45,45,69,48,48,72,32,68,62,48,48,57,57,36,60,54,54,0],"gold":127,"neow_bonus":"HUNDRED_GOLD","is_prod":false,"is_daily":false,"chose_seed":false,"campfire_upgraded":0,"win_rate":0,"timestamp":1547617151,"path_taken":["M","M","M","M","$","E","R","E","T","M","$","R","E","M","R","BOSS","M","M","$","M","M","E","R","E","T","M"],"build_version":"2019-01-10","purchased_purges":2,"victory":false,"max_hp_per_floor":[80,80,80,80,80,80,80,80,80,80,80,80,80,80,80,80,80,80,80,80,80,80,80,80,80,80,80],"card_choices":[{"not_picked":["Havoc","Combust"],"picked":"Shrug It Off","floor":1},{"not_picked":["Thunderclap","Second Wind"],"picked":"Evolve","floor":2},{"not_picked":["Flex","Headbutt"],"picked":"Power Through","floor":3},{"not_picked":["Heavy Blade","Warcry"],"picked":"Inflame","floor":4},{"not_picked":["Burning Pact","Flame Barrier"],"picked":"Cleave","floor":6},{"not_picked":["True Grit","Cleave+1"],"picked":"Infernal Blade","floor":8},{"not_picked":["Shrug It Off","Anger+1"],"picked":"Wild Strike+1","floor":10},{"not_picked":["Ghostly Armor","Shrug It Off"],"picked":"Juggernaut","floor":13},{"not_picked":["Sword Boomerang+1","Reckless Charge+1"],"picked":"Flame Barrier","floor":14},{"not_picked":["Limit Break","Exhume"],"picked":"Reaper+1","floor":16},{"not_picked":["Havoc","Sword Boomerang+1"],"picked":"Heavy Blade+1","floor":18},{"not_picked":["Clash+1","Body Slam+1"],"picked":"Clothesline+1","floor":19},{"not_picked":["Iron Wave+1","Clothesline+1"],"picked":"Infernal Blade","floor":21},{"not_picked":["Cleave+1","Heavy Blade+1"],"picked":"Ghostly Armor","floor":22},{"not_picked":["Hemokinesis+1","True Grit"],"picked":"Uppercut+1","floor":23},{"not_picked":["Battle Trance","Clothesline+1"],"picked":"Demon Form","floor":25}],"player_experience":1772146,"relics_obtained":[{"floor":6,"key":"Molten Egg 2"},{"floor":8,"key":"Unceasing Top"},{"floor":9,"key":"Pantograph"},{"floor":13,"key":"Bag of Marbles"},{"floor":23,"key":"Girya"},{"floor":25,"key":"Gremlin Horn"},{"floor":26,"key":"Bag of Preparation"}],"event_choices":[],"is_beta":false,"boss_relics":[{"not_picked":["Runic Dome","Orrery"],"picked":"Cursed Key"}],"items_purged_floors":[5,20],"is_endless":false,"potions_floor_spawned":[4,10,16,22,25],"killed_by":"Shelled Parasite and Fungi","ascension_level":13}