{"gold_per_floor":[109,109,34,44,56,83,94,94,94,108,125,125,47,222,222,320,320,340,340,359,143,162,162,180,180,180,198,89,89,108,12,12,112,112,128,139,149,149,164,164,164,176,176,187,187,200,47,59,59,59],"floor_reached":50,"playtime":3198,"items_purged":["Clumsy","Doubt"],"score":615,"play_id":"d695699d-cc08-4e3d-86a5-0f901c25e23d","local_time":"20180915235152","is_ascension_mode":true,"campfire_choices":[{"data":"Barrage","floor":8,"key":"SMITH"},{"data":"Seek","floor":12,"key":"SMITH"},{"floor":15,"key":"REST"},{"data":"Loop","floor":23,"key":"SMITH"},{"data":"Defragment","floor":29,"key":"SMITH"},{"data":"Heatsinks","floor":32,"key":"SMITH"},{"data":"Capacitor","floor":40,"key":"SMITH"},{"floor":49,"key":"REST"}],"neow_cost":"CURSE","seed_source_timestamp":115127572772434,"circlet_count":0,"master_deck":["Strike_B","Strike_B","Strike_B","Strike_B","Defend_B","Defend_B","Defend_B","Defend_B","Zap","Dualcast","Cold Snap","Melter","Barrage+1","Blizzard+1","Heatsinks+1","Loop+1","Seek+1","Defragment+1","Biased Cognition","Coolheaded+1","Writhe","Go for the Eyes+1","Self Repair+1","Glacier","Rebound+1","Turbo","Blizzard+1","Capacitor+1","Mind Blast+1","Electrodynamics","Rebound+1","Ball Lightning+1","Redo+1","Barrage+1","Metamorphosis","Impatience","White Noise+1","Leap+1"],"relics":["FrozenCore","Happy Flower","Molten Egg 2","Strawberry","Centennial Puzzle","Cables","Eternal Feather","Symbiotic Virus","Oddly Smooth Stone"],"potions_floor_usage":[16,22,27,33,42,44,46,50],"damage_taken":[{"damage":5,"enemies":"Small Slimes","floor":1,"turns":3},{"damage":0,"enemies":"2 Louse","floor":4,"turns":2},{"damage":0,"enemies":"Jaw Worm","floor":5,"turns":2},{"damage":23,"enemies":"Lagavulin","floor":6,"turns":5},{"damage":0,"enemies":"Exordium Thugs","floor":7,"turns":4},{"damage":9,"enemies":"2 Fungi Beasts","floor":10,"turns":3},{"damage":4,"enemies":"Looter","floor":11,"turns":2},{"damage":60,"enemies":"Hexaghost","floor":16,"turns":11},{"damage":0,"enemies":"Chosen","floor":18,"turns":6},{"damage":7,"enemies":"Spheric Guardian","floor":20,"turns":3},{"damage":7,"enemies":"Centurion and Healer","floor":22,"turns":9},{"damage":1,"enemies":"Cultist and Chosen","floor":24,"turns":6},{"damage":11,"enemies":"Snake Plant","floor":27,"turns":6},{"damage":3,"enemies":"Chosen and Byrds","floor":30,"turns":7},{"damage":31,"enemies":"Automaton","floor":33,"turns":12},{"damage":0,"enemies":"3 Shapes","floor":35,"turns":3},{"damage":21,"enemies":"Orb Walker","floor":36,"turns":5},{"damage":14,"enemies":"3 Darklings","floor":37,"turns":6},{"damage":10,"enemies":"Sphere and 2 Shapes","floor":39,"turns":9},{"damage":22,"enemies":"Transient","floor":42,"turns":5},{"damage":20,"enemies":"3 Darklings","floor":44,"turns":3},{"damage":25,"enemies":"Sphere and 2 Shapes","floor":46,"turns":4},{"damage":10,"enemies":"4 Shapes","floor":48,"turns":8},{"damage":72,"enemies":"Time Eater","floor":50,"turns":11}],"seed_played":"-292613756865472392","potions_obtained":[{"floor":1,"key":"EssenceOfSteel"},{"floor":5,"key":"GamblersBrew"},{"floor":7,"key":"Strength Potion"},{"floor":16,"key":"SpeedPotion"},{"floor":22,"key":"Poison Potion"},{"floor":24,"key":"Fire Potion"},{"floor":27,"key":"Explosive Potion"},{"floor":42,"key":"Swift Potion"},{"floor":44,"key":"SpeedPotion"},{"floor":46,"key":"Energy Potion"}],"is_trial":false,"path_per_floor":["M","?","$","M","M","E","M","R","T","M","M","R","$","?","R","B",null,"M","?","M","$","M","R","M","?","T","M","$","R","M","$","R","B",null,"M","M","M","?","M","R","?","M","T","M","?","M","$","M","R"],"character_chosen":"DEFECT","items_purchased":["Defragment","Self Repair","Glacier","Blizzard+1","Capacitor","Mind Blast+1","Oddly Smooth Stone"],"campfire_rested":2,"item_purchase_floors":[13,21,21,28,28,31,47],"current_hp_per_floor":[84,72,72,72,72,49,49,49,56,47,43,43,43,43,71,11,96,96,96,89,89,89,89,88,88,88,77,77,77,74,74,74,50,96,96,75,61,61,58,76,76,64,64,44,39,14,14,14,63,0],"gold":59,"neow_bonus":"TWENTY_PERCENT_HP_BONUS","is_prod":false,"is_daily":false,"chose_seed":false,"campfire_upgraded":6,"win_rate":0,"timestamp":1537069912,"path_taken":["M","?","$","M","M","E","M","R","T","M","M","R","?","?","R","BOSS","M","?","M","$","?","R","M","?","T","?","?","R","?","$","R","BOSS","M","M","M","?","?","R","?","M","T","M","?","?","?","M","R","BOSS"],"build_version":"2018-09-06","purchased_purges":2,"victory":false,"max_hp_per_floor":[89,89,89,89,89,89,89,89,96,96,96,96,96,96,96,96,96,96,96,96,96,96,96,96,96,96,96,96,96,96,96,96,96,96,96,96,96,96,96,96,96,96,96,96,96,96,96,96,96,96],"card_choices":[{"not_picked":["Leap","Go for the Eyes"],"picked":"Cold Snap","floor":1},{"not_picked":["Sweeping Beam","Rebound"],"picked":"Melter","floor":4},{"not_picked":["Heatsinks","Gash"],"picked":"Barrage","floor":5},{"not_picked":["Meteor Strike","Aggregate"],"picked":"Blizzard","floor":6},{"not_picked":["Steam","Double Energy"],"picked":"Heatsinks","floor":7},{"not_picked":["Conserve Battery","Stack"],"picked":"Loop","floor":10},{"not_picked":["Streamline+1","Ball Lightning+1"],"picked":"Seek","floor":11},{"not_picked":["Meteor Strike+1","Machine Learning"],"picked":"Biased Cognition","floor":16},{"not_picked":["Steam","Tempest+1"],"picked":"Coolheaded+1","floor":18},{"not_picked":["Compile Driver+1","Cold Snap+1"],"picked":"Go for the Eyes+1","floor":20},{"not_picked":["Steam Power","Coolheaded+1"],"picked":"Rebound+1","floor":22},{"not_picked":["Ball Lightning+1","Coolheaded"],"picked":"Turbo","floor":24},{"not_picked":["Hologram","Redo","Reprogram"],"picked":"SKIP","floor":27},{"not_picked":["Cold Snap+1","Turbo","Steam"],"picked":"SKIP","floor":30},{"not_picked":["Reboot","Meteor Strike+1"],"picked":"Electrodynamics","floor":33},{"not_picked":["Heatsinks+1","Steam"],"picked":"Rebound+1","floor":35},{"not_picked":["Cold Snap+1","Gash+1"],"picked":"Ball Lightning+1","floor":36},{"not_picked":["Hologram+1","Leap"],"picked":"White Noise","floor":37},{"not_picked":["Turbo","Gash+1","Lockon+1"],"picked":"SKIP","floor":39},{"not_picked":["Double Energy+1","Leap+1"],"picked":"Redo+1","floor":42},{"not_picked":["Sunder+1","Streamline+1"],"picked":"Barrage+1","floor":44},{"not_picked":["Mind Blast+1","The Bomb"],"picked":"Metamorphosis","floor":45},{"not_picked":["Purity","Flash of Steel+1"],"picked":"Impatience","floor":45},{"not_picked":["Hello World+1","Heatsinks"],"picked":"White Noise+1","floor":46},{"not_picked":["Turbo","Hologram"],"picked":"Leap+1","floor":48}],"player_experience":840495,"relics_obtained":[{"floor":6,"key":"Molten Egg 2"},{"floor":9,"key":"Strawberry"},{"floor":26,"key":"Cables"},{"floor":43,"key":"Symbiotic Virus"}],"event_choices":[{"event_name":"Scrap Ooze","player_choice":"success","floor":2,"damage_taken":12},{"event_name":"Liars Game","player_choice":"agreed","floor":14,"damage_taken":0},{"event_name":"The Mausoleum","player_choice":"Yes","floor":19,"damage_taken":0},{"event_name":"The Woman in Blue","player_choice":"Bought 0 Potions","floor":25,"damage_taken":0},{"event_name":"Falling","player_choice":"Removed Skill","floor":38,"damage_taken":0},{"event_name":"Upgrade Shrine","player_choice":"Upgraded","floor":41,"damage_taken":0},{"event_name":"SensoryStone","player_choice":"Memory 2","floor":45,"damage_taken":0}],"is_beta":false,"boss_relics":[{"not_picked":["Runic Pyramid","Sozu"],"picked":"FrozenCore"},{"not_picked":["Lizard Tail","Velvet Choker"],"picked":"Eternal Feather"}],"items_purged_floors":[3,21],"is_endless":false,"potions_floor_spawned":[1,5,7,11,16,22,24,27,42,44,46],"killed_by":"Time Eater","ascension_level":4}