{"gold_per_floor":[110,125,125,143,143,68,68,68,68,82,112,124,137,157,157,157],"floor_reached":16,"playtime":587,"items_purged":["Regret"],"score":161,"play_id":"53558a7e-d595-4c81-9809-234630954c57","local_time":"20190114215521","is_ascension_mode":true,"campfire_choices":[{"data":"Bash","floor":7,"key":"SMITH"},{"data":"Carnage","floor":15,"key":"SMITH"}],"neow_cost":"NONE","seed_source_timestamp":1293344660182100,"circlet_count":0,"master_deck":["AscendersBane","Strike_R","Strike_R+1","Strike_R","Strike_R","Strike_R","Defend_R","Defend_R","Defend_R","Defend_R","Bash+1","Headbutt+1","Metallicize","Battle Trance","Cleave","Carnage+1","Evolve","True Grit"],"relics":["Burning Blood","Vajra","Gremlin Horn","Juzu Bracelet"],"potions_floor_usage":[16],"damage_taken":[{"damage":4,"enemies":"Jaw Worm","floor":1,"turns":4},{"damage":6,"enemies":"2 Louse","floor":2,"turns":3},{"damage":10,"enemies":"Small Slimes","floor":4,"turns":4},{"damage":13,"enemies":"Blue Slaver","floor":10,"turns":2},{"damage":8,"enemies":"Gremlin Nob","floor":11,"turns":3},{"damage":10,"enemies":"Exordium Wildlife","floor":12,"turns":4},{"damage":18,"enemies":"Gremlin Gang","floor":13,"turns":4},{"damage":8,"enemies":"Blue Slaver","floor":14,"turns":4},{"damage":59,"enemies":"The Guardian","floor":16,"turns":11}],"seed_played":"-1733290961844906292","potions_obtained":[{"floor":4,"key":"Swift Potion"},{"floor":12,"key":"LiquidBronze"}],"is_trial":false,"path_per_floor":["M","M","?","M","?","$","R","?","T","M","E","M","M","M","R","B"],"character_chosen":"IRONCLAD","items_purchased":[],"campfire_rested":0,"item_purchase_floors":[],"current_hp_per_floor":[82,82,64,60,60,60,60,60,60,53,51,47,35,33,33,0],"gold":157,"neow_bonus":"TEN_PERCENT_HP_BONUS","is_prod":false,"is_daily":false,"chose_seed":false,"campfire_upgraded":2,"win_rate":0,"timestamp":1547520921,"path_taken":["M","M","?","M","?","$","R","?","T","M","E","M","M","M","R","BOSS"],"build_version":"2019-01-10","purchased_purges":1,"victory":false,"max_hp_per_floor":[88,88,88,88,88,88,88,88,88,88,88,88,88,88,88,88],"card_choices":[{"not_picked":["Iron Wave","Metallicize"],"picked":"Headbutt","floor":1},{"not_picked":["Reckless Charge","Anger"],"picked":"Metallicize","floor":2},{"not_picked":["Thunderclap","Twin Strike","Clash"],"picked":"SKIP","floor":4},{"not_picked":["Headbutt","Reckless Charge"],"picked":"Battle Trance","floor":10},{"not_picked":["Seeing Red","Evolve"],"picked":"Cleave","floor":11},{"not_picked":["Perfected Strike","Cleave"],"picked":"Carnage","floor":12},{"not_picked":["Ghostly Armor","Uppercut"],"picked":"Evolve","floor":13},{"not_picked":["Headbutt","Carnage"],"picked":"True Grit","floor":14}],"player_experience":1763369,"relics_obtained":[{"floor":9,"key":"Gremlin Horn"},{"floor":11,"key":"Juzu Bracelet"}],"event_choices":[{"damage_healed":0,"gold_gain":0,"player_choice":"Entered Light","damage_taken":18,"max_hp_gain":0,"max_hp_loss":0,"event_name":"Shining Light","floor":3,"gold_loss":0,"cards_upgraded":["Headbutt","Strike_R"]},{"damage_healed":0,"gold_gain":0,"player_choice":"Box","damage_taken":0,"relics_obtained":["Vajra"],"max_hp_gain":0,"max_hp_loss":0,"event_name":"Big Fish","floor":5,"gold_loss":0,"cards_obtained":["Regret"]},{"damage_healed":0,"gold_gain":0,"player_choice":"Ignored","damage_taken":0,"max_hp_gain":0,"max_hp_loss":0,"event_name":"Golden Idol","floor":8,"gold_loss":0}],"is_beta":false,"boss_relics":[],"items_purged_floors":[6],"is_endless":false,"potions_floor_spawned":[4,12,13,14],"killed_by":"The Guardian","ascension_level":11}