{"gold_per_floor":[115,134,149,149,149,149,164,164,164,178,178,178,198,233,233,233],"floor_reached":16,"playtime":359,"items_purged":[],"score":199,"play_id":"6e260666-06f4-47dd-b6ed-328c40109a66","local_time":"20190510164559","is_ascension_mode":true,"campfire_choices":[{"data":"Perfected Strike","floor":6,"key":"SMITH"},{"data":"Perfected Strike","floor":8,"key":"SMITH"},{"data":"Shrug It Off","floor":11,"key":"SMITH"},{"data":"Perfected Strike","floor":15,"key":"SMITH"}],"neow_cost":"NONE","seed_source_timestamp":1651049088295142,"circlet_count":0,"master_deck":["AscendersBane","Strike_R","Strike_R","Strike_R","Strike_R","Strike_R","Defend_R","Defend_R","Defend_R","Defend_R","Bash+1","Perfected Strike+1","Shrug It Off+1","Cleave","Perfected Strike+1","Immolate","Perfected Strike+1"],"relics":["Burning Blood","NeowsBlessing","Regal Pillow","Golden Idol","Sundial"],"potions_floor_usage":[7,16,16],"damage_taken":[{"damage":0,"enemies":"Cultist","floor":1,"turns":1},{"damage":0,"enemies":"Small Slimes","floor":2,"turns":1},{"damage":0,"enemies":"2 Louse","floor":3,"turns":1},{"damage":8,"enemies":"Large Slime","floor":7,"turns":3},{"damage":0,"enemies":"2 Fungi Beasts","floor":10,"turns":2},{"damage":11,"enemies":"Looter","floor":13,"turns":2},{"damage":20,"enemies":"3 Sentries","floor":14,"turns":6},{"damage":33,"enemies":"Hexaghost","floor":16,"turns":7}],"seed_played":"8666158992232550083","potions_obtained":[{"floor":3,"key":"EntropicBrew"},{"floor":14,"key":"PowerPotion"}],"is_trial":false,"path_per_floor":["M","M","M","?","$","R","M","R","T","M","R","?","M","E","R","B"],"character_chosen":"IRONCLAD","items_purchased":[],"campfire_rested":0,"item_purchase_floors":[],"current_hp_per_floor":[74,75,75,75,75,75,73,73,73,75,75,49,44,30,30,0],"gold":233,"neow_bonus":"THREE_ENEMY_KILL","is_prod":false,"is_daily":false,"chose_seed":false,"campfire_upgraded":4,"win_rate":0,"timestamp":1557499559,"path_taken":["M","M","?","?","$","R","M","R","T","M","R","?","M","E","R","BOSS"],"build_version":"2019-05-07","purchased_purges":0,"victory":false,"max_hp_per_floor":[75,75,75,75,75,75,75,75,75,75,75,75,75,75,75,75],"card_choices":[{"not_picked":["Flex","Clothesline"],"picked":"Perfected Strike","floor":1},{"not_picked":["Intimidate","Heavy Blade"],"picked":"Shrug It Off","floor":2},{"not_picked":["Sentinel","Rage"],"picked":"Cleave","floor":3},{"not_picked":["Iron Wave","Flex"],"picked":"Perfected Strike","floor":7},{"not_picked":["Flex","Bloodletting","Searing Blow"],"picked":"SKIP","floor":10},{"not_picked":["Armaments","Iron Wave"],"picked":"Immolate","floor":13},{"not_picked":["Whirlwind","Clothesline"],"picked":"Perfected Strike","floor":14}],"player_experience":1712002,"relics_obtained":[{"floor":9,"key":"Regal Pillow"},{"floor":14,"key":"Sundial"}],"event_choices":[{"damage_healed":0,"gold_gain":0,"player_choice":"Grow","damage_taken":0,"max_hp_gain":0,"max_hp_loss":0,"event_name":"Living Wall","floor":4,"gold_loss":0,"cards_upgraded":["Bash"]},{"damage_healed":0,"gold_gain":0,"player_choice":"Take Damage","damage_taken":26,"relics_obtained":["Golden Idol"],"max_hp_gain":0,"max_hp_loss":0,"event_name":"Golden Idol","floor":12,"gold_loss":0}],"is_beta":true,"boss_relics":[],"items_purged_floors":[],"is_endless":false,"potions_floor_spawned":[3,7,14],"killed_by":"Hexaghost","ascension_level":19}