{"gold_per_floor":[115,129,146,162,87,87,101,101,101,1,1,1,16,33,33,131,131,145,244,221,221,15,15,15,15,93,93,108,108,123,154,154,154],"floor_reached":33,"playtime":1325,"items_purged":["Strike_R","Defend_R"],"score":319,"play_id":"20730232-c49f-455a-bf8b-5397d64f7885","local_time":"20180927201208","is_ascension_mode":true,"campfire_choices":[{"floor":6,"key":"REST"},{"floor":11,"key":"REST"},{"data":"Juggernaut","floor":15,"key":"SMITH"},{"data":"Body Slam","floor":23,"key":"SMITH"},{"data":"Bash","floor":25,"key":"SMITH"},{"data":"Rage","floor":27,"key":"SMITH"},{"floor":32,"key":"REST"}],"neow_cost":"NONE","seed_source_timestamp":38051054303080,"circlet_count":0,"master_deck":["Strike_R","Strike_R","Defend_R","Defend_R","Defend_R","Bash+1","Juggernaut+1","Rage+1","Pommel Strike","Body Slam+1","Seeing Red","Warcry","Iron Wave","Writhe","BootSequence","Iron Wave"],"relics":["Burning Blood","Bird Faced Urn","Eternal Feather","Magic Flower","PrismaticShard","Dodecahedron","Gremlin Horn","Mango"],"potions_floor_usage":[13,16,28,33,33,33],"damage_taken":[{"damage":1,"enemies":"Cultist","floor":1,"turns":4},{"damage":14,"enemies":"Jaw Worm","floor":2,"turns":5},{"damage":1,"enemies":"Small Slimes","floor":3,"turns":4},{"damage":48,"enemies":"Exordium Thugs","floor":4,"turns":7},{"damage":15,"enemies":"Looter","floor":7,"turns":4},{"damage":3,"enemies":"2 Fungi Beasts","floor":13,"turns":3},{"damage":10,"enemies":"3 Louse","floor":14,"turns":3},{"damage":52,"enemies":"Slime Boss","floor":16,"turns":9},{"damage":27,"enemies":"Shell Parasite","floor":18,"turns":5},{"damage":5,"enemies":"3 Byrds","floor":28,"turns":4},{"damage":40,"enemies":"Snake Plant","floor":30,"turns":5},{"damage":34,"enemies":"Gremlin Leader","floor":31,"turns":7},{"damage":91,"enemies":"Collector","floor":33,"turns":7}],"seed_played":"-91075068547660534","potions_obtained":[{"floor":4,"key":"SpeedPotion"},{"floor":7,"key":"EssenceOfSteel"},{"floor":13,"key":"SneckoOil"},{"floor":16,"key":"Ancient Potion"},{"floor":18,"key":"EssenceOfSteel"},{"floor":31,"key":"Block Potion"}],"is_trial":false,"path_per_floor":["M","M","M","M","$","R","M","?","T","$","R","?","M","M","R","B",null,"M","?","$","?","$","R","?","R","T","R","M","T","M","E","R"],"character_chosen":"IRONCLAD","items_purchased":["Iron Wave","PrismaticShard"],"campfire_rested":3,"item_purchase_floors":[20,22],"current_hp_per_floor":[80,72,77,35,35,59,50,43,43,43,67,67,72,70,70,26,67,48,48,48,48,48,54,54,60,60,66,73,73,45,37,74,0],"gold":154,"neow_bonus":"ONE_RANDOM_RARE_CARD","is_prod":false,"is_daily":false,"chose_seed":false,"campfire_upgraded":4,"win_rate":0,"timestamp":1538093528,"path_taken":["M","?","M","M","?","R","M","?","T","$","R","?","M","M","R","BOSS","M","?","$","?","$","R","?","R","T","R","?","?","M","E","R","BOSS"],"build_version":"2018-09-27","purchased_purges":2,"victory":false,"max_hp_per_floor":[80,80,80,80,80,80,80,80,80,80,80,80,80,80,80,80,80,80,80,80,80,80,80,80,80,80,80,80,80,80,94,94,94],"card_choices":[{"not_picked":["Headbutt","Havoc","Heavy Blade"],"picked":"SKIP","floor":1},{"not_picked":["Clash","Seeing Red"],"picked":"Rage","floor":2},{"not_picked":["Warcry","Inflame","Wild Strike"],"picked":"SKIP","floor":3},{"not_picked":["Twin Strike","Sword Boomerang","Warcry"],"picked":"SKIP","floor":4},{"not_picked":["Sword Boomerang","Thunderclap"],"picked":"Pommel Strike","floor":7},{"not_picked":["Bludgeon","Hemokinesis"],"picked":"Body Slam","floor":13},{"not_picked":["Havoc","Body Slam"],"picked":"Seeing Red","floor":14},{"not_picked":["Cleave","Twin Strike"],"picked":"Warcry","floor":18},{"not_picked":["True Grit","Sever Soul+1"],"picked":"BootSequence","floor":28},{"not_picked":["Body Slam","Forethought"],"picked":"Iron Wave","floor":30},{"not_picked":["Blizzard","Swift Strike","Heavy Blade"],"picked":"SKIP","floor":31}],"player_experience":926671,"relics_obtained":[{"floor":9,"key":"Bird Faced Urn"},{"floor":26,"key":"Dodecahedron"},{"floor":29,"key":"Gremlin Horn"},{"floor":31,"key":"Mango"}],"event_choices":[{"event_name":"Golden Wing","player_choice":"Card Removal","floor":8,"damage_taken":0},{"event_name":"Bonfire Elementals","player_choice":"BASIC","floor":12,"damage_taken":0},{"event_name":"Nest","player_choice":"Stole From Cult","floor":19,"damage_taken":0},{"event_name":"The Mausoleum","player_choice":"Yes","floor":21,"damage_taken":0},{"event_name":"Beggar","player_choice":"Ignored","floor":24,"damage_taken":0}],"is_beta":false,"boss_relics":[{"not_picked":["Cursed Key","Black Star"],"picked":"Eternal Feather"}],"items_purged_floors":[5,10],"is_endless":false,"potions_floor_spawned":[4,7,13,16,18,31],"killed_by":"Collector","ascension_level":5}