{"gold_per_floor":[362,375,48,64,64,94,94,109,133,133],"floor_reached":10,"playtime":308,"items_purged":["Strike_R"],"score":136,"play_id":"2d334a2c-b6b4-4f51-8344-9475488a8c5d","local_time":"20190518101136","is_ascension_mode":true,"campfire_choices":[{"data":"Armaments","floor":7,"key":"SMITH"}],"neow_cost":"TEN_PERCENT_HP_LOSS","seed_source_timestamp":2318637362768056,"circlet_count":0,"master_deck":["AscendersBane","Strike_R","Strike_R","Strike_R","Defend_R","Defend_R","Defend_R","Defend_R","Bash","Clothesline","Armaments+1","Uppercut","Cleave","Intimidate"],"relics":["Burning Blood","OrangePellets","Regal Pillow"],"potions_floor_usage":[10,10],"damage_taken":[{"damage":24,"enemies":"Jaw Worm","floor":1,"turns":5},{"damage":0,"enemies":"2 Louse","floor":2,"turns":3},{"damage":0,"enemies":"Cultist","floor":4,"turns":3},{"damage":40,"enemies":"Lagavulin","floor":6,"turns":7},{"damage":5,"enemies":"2 Fungi Beasts","floor":8,"turns":3},{"damage":22,"enemies":"3 Sentries","floor":10,"turns":4}],"seed_played":"-1765120346804304580","potions_obtained":[{"floor":4,"key":"GamblersBrew"},{"floor":6,"key":"Fire Potion"}],"is_trial":false,"path_per_floor":["M","M","$","M","?","E","R","M","T","E"],"character_chosen":"IRONCLAD","items_purchased":["OrangePellets","Uppercut"],"campfire_rested":0,"item_purchase_floors":[3,3],"current_hp_per_floor":[50,56,56,62,55,21,21,22,22,0],"gold":133,"neow_bonus":"TWO_FIFTY_GOLD","is_prod":false,"is_daily":false,"chose_seed":false,"campfire_upgraded":1,"win_rate":0,"timestamp":1558167096,"path_taken":["M","M","$","M","?","E","R","M","T","E"],"build_version":"2019-05-07","purchased_purges":1,"victory":false,"max_hp_per_floor":[68,68,68,68,68,68,68,68,68,68],"card_choices":[{"not_picked":["Perfected Strike","Heavy Blade"],"picked":"Clothesline","floor":1},{"not_picked":["Headbutt","Cleave"],"picked":"Armaments","floor":2},{"not_picked":["Rage","Perfected Strike"],"picked":"Cleave","floor":4},{"not_picked":["Armaments","Perfected Strike","Rampage"],"picked":"SKIP","floor":6},{"not_picked":["Twin Strike","Carnage"],"picked":"Intimidate","floor":8}],"player_experience":2024803,"relics_obtained":[{"floor":6,"key":"Regal Pillow"}],"event_choices":[{"cards_removed":["Strike_R"],"damage_healed":0,"gold_gain":0,"player_choice":"Card Removal","damage_taken":7,"max_hp_gain":0,"max_hp_loss":0,"event_name":"Golden Wing","floor":5,"gold_loss":0}],"is_beta":true,"boss_relics":[],"items_purged_floors":[3],"is_endless":false,"potions_floor_spawned":[4,6],"killed_by":"3 Sentries","ascension_level":20}