{"gold_per_floor":[114,39,39,39,54,89,89,104,104,104,121,140,140,140,140,242,242,258,258,278,278,278,278,20,20,20,35,48,123,141,240,240,240],"floor_reached":33,"playtime":1448,"items_purged":["Decay","Regret"],"score":306,"play_id":"ccdb3804-89b7-4441-bf03-4eb926866dc4","local_time":"20180925220705","is_ascension_mode":true,"campfire_choices":[{"floor":7,"key":"REST"},{"data":"Uppercut","floor":10,"key":"SMITH"},{"floor":15,"key":"REST"},{"data":"Body Slam","floor":23,"key":"SMITH"},{"data":"Bash","floor":25,"key":"SMITH"},{"floor":32,"key":"REST"}],"neow_cost":"CURSE","seed_source_timestamp":597660429063560,"circlet_count":0,"master_deck":["Strike_R","Strike_R","Strike_R","Strike_R","Strike_R","Defend_R+1","Defend_R","Defend_R","Defend_R","Bash+1","Body Slam+1","Battle Trance+1","Uppercut+1","Feel No Pain","Dropkick","Exhume+1","Havoc+1","Flex+1","Armaments+1","Discovery+1","Normality","Thunderclap","Pommel Strike+1","Entrench+1"],"relics":["Burning Blood","Bird Faced Urn","Paper Frog","Mercury Hourglass","Toxic Egg 2","Cursed Key","MutagenicStrength","Shuriken","Bottled Lightning"],"potions_floor_usage":[16,20,33],"damage_taken":[{"damage":3,"enemies":"Cultist","floor":1,"turns":3},{"damage":8,"enemies":"2 Louse","floor":5,"turns":4},{"damage":50,"enemies":"Gremlin Nob","floor":6,"turns":6},{"damage":5,"enemies":"Jaw Worm","floor":8,"turns":4},{"damage":6,"enemies":"Red Slaver","floor":11,"turns":3},{"damage":6,"enemies":"Looter","floor":12,"turns":2},{"damage":50,"enemies":"Hexaghost","floor":16,"turns":11},{"damage":16,"enemies":"Shell Parasite","floor":18,"turns":4},{"damage":31,"enemies":"2 Thieves","floor":20,"turns":3},{"damage":1,"enemies":"Shelled Parasite and Fungi","floor":27,"turns":2},{"damage":9,"enemies":"Chosen and Byrds","floor":28,"turns":4},{"damage":13,"enemies":"Centurion and Healer","floor":30,"turns":4},{"damage":78,"enemies":"Automaton","floor":33,"turns":6}],"seed_played":"5830636210913372737","potions_obtained":[{"floor":6,"key":"Poison Potion"},{"floor":8,"key":"Ancient Potion"},{"floor":12,"key":"SteroidPotion"},{"floor":16,"key":"Poison Potion"},{"floor":20,"key":"Fire Potion"}],"is_trial":false,"path_per_floor":["M","$","?","$","M","E","R","M","T","R","M","M","?","?","R","B",null,"M","?","M","T","?","R","$","R","T","M","M","?","M","?","R"],"character_chosen":"IRONCLAD","items_purchased":["Armaments+1","Discovery+1"],"campfire_rested":3,"item_purchase_floors":[24,24],"current_hp_per_floor":[80,80,80,80,78,34,58,59,59,59,59,59,41,25,49,7,62,52,52,29,29,55,55,55,55,55,60,57,49,42,42,66,0],"gold":240,"neow_bonus":"ONE_RARE_RELIC","is_prod":false,"is_daily":false,"chose_seed":false,"campfire_upgraded":3,"win_rate":0,"timestamp":1537927625,"path_taken":["M","$","?","?","M","E","R","?","T","R","M","M","?","?","R","BOSS","M","?","M","?","?","R","$","R","T","M","M","?","?","?","R","BOSS"],"build_version":"2018-09-20","purchased_purges":2,"victory":false,"max_hp_per_floor":[80,80,80,80,80,80,80,80,80,80,80,80,80,80,80,80,80,80,80,80,80,80,80,80,80,80,80,80,80,80,80,80,80],"card_choices":[{"not_picked":["Pommel Strike","Flex"],"picked":"Body Slam","floor":1},{"not_picked":["Cleave","Anger"],"picked":"Battle Trance","floor":5},{"not_picked":["Feel No Pain","Power Through"],"picked":"Uppercut","floor":6},{"not_picked":["Carnage","Clash"],"picked":"Feel No Pain","floor":8},{"not_picked":["Twin Strike","Clash","Body Slam"],"picked":"SKIP","floor":11},{"not_picked":["Perfected Strike","Bludgeon"],"picked":"Dropkick","floor":12},{"not_picked":["Fiend Fire","Dark Embrace"],"picked":"Exhume+1","floor":16},{"not_picked":["Hemokinesis","Body Slam"],"picked":"Havoc+1","floor":18},{"not_picked":["Twin Strike","Sever Soul"],"picked":"Flex+1","floor":20},{"not_picked":["Pommel Strike+1","Perfected Strike"],"picked":"Thunderclap","floor":27},{"not_picked":["Pummel+1","Cleave+1"],"picked":"Pommel Strike+1","floor":28},{"not_picked":["Warcry+1","Blood for Blood"],"picked":"Entrench+1","floor":30}],"player_experience":904331,"relics_obtained":[{"floor":6,"key":"Paper Frog"},{"floor":9,"key":"Mercury Hourglass"},{"floor":21,"key":"Shuriken"},{"floor":26,"key":"Bottled Lightning"}],"event_choices":[{"event_name":"WeMeetAgain","player_choice":"Attack","floor":3,"damage_taken":0},{"event_name":"Scrap Ooze","player_choice":"success","floor":13,"damage_taken":18},{"event_name":"Shining Light","player_choice":"Entered Light","floor":14,"damage_taken":0},{"event_name":"Drug Dealer","player_choice":"Inject Mutagens","floor":19,"damage_taken":0},{"event_name":"The Library","player_choice":"Heal","floor":22,"damage_taken":0},{"event_name":"FaceTrader","player_choice":"Touch","floor":29,"damage_taken":0},{"event_name":"Nest","player_choice":"Stole From Cult","floor":31,"damage_taken":0}],"is_beta":false,"boss_relics":[{"not_picked":["Orrery","Ectoplasm"],"picked":"Cursed Key"}],"items_purged_floors":[2,24],"is_endless":false,"potions_floor_spawned":[6,8,12,16,20,27,28],"killed_by":"Automaton","ascension_level":5}