{"path_per_floor":["M","?","?","?","M","M","M","E","T","M","M","E","R","?","R","B",null,"M","$","M","?","M","E","R","M","T","?","E","M","R","M","R","B",null,"M","M","$","?","?","R","M","M","T","M","?","?","$","$","R","B"],"character_chosen":"IRONCLAD","items_purchased":["Happy Flower","Juggernaut","Letter Opener","Energy Potion"],"gold_per_floor":[112,112,112,112,124,142,162,191,245,264,280,310,310,485,485,580,580,594,207,223,223,234,267,267,287,311,226,258,275,275,291,291,396,396,412,431,36,36,88,88,98,116,116,128,128,128,3,3,3,3],"floor_reached":51,"campfire_rested":0,"playtime":7081,"current_hp_per_floor":[80,80,64,64,69,75,76,52,52,58,64,56,56,56,56,10,80,71,71,72,72,75,69,69,74,74,74,39,45,45,33,33,39,80,80,80,80,80,62,62,68,73,80,77,77,77,77,77,77,63],"items_purged":["Doubt","Writhe","Regret"],"gold":3,"play_id":"e78329df-324f-451b-b075-09d65146bd50","is_prod":false,"is_daily":false,"is_ascension_mode":false,"campfire_upgraded":7,"path_taken":["M","?","?","?","?","M","M","E","T","?","M","E","R","?","R","BOSS","M","$","M","?","M","E","R","M","T","?","E","M","R","M","R","BOSS","M","M","$","?","?","R","M","M","T","M","?","?","?","$","R","BOSS"],"build_version":"2018-01-25-PROD3","purchased_purges":3,"victory":true,"master_deck":["Strike_R","Strike_R","Strike_R+1","Strike_R","Defend_R","Defend_R","Defend_R+1","Defend_R+1","Bash+1","Ghostly Armor+1","Warcry+1","Iron Wave","Burning Pact+1","Seeing Red+1","Headbutt","Barricade+1","Shrug It Off+1","Juggernaut+1","Shrug It Off+1","Dual Wield+1","Body Slam+1","Flame Barrier+1"],"max_hp_per_floor":[80,80,80,80,80,80,80,80,80,80,80,80,80,80,80,80,80,80,80,80,80,80,80,80,80,80,80,80,80,80,80,80,80,80,80,80,80,80,80,80,80,80,87,87,87,87,87,87,87,87],"relics":["Burning Blood","Toxic Egg","Centennial Puzzle","Anchor","Mummified Hand","Cursed Key","Happy Flower","Oddly Smooth Stone","Dream Catcher","Vajra","Kunai","White Beast Statue","Letter Opener","Girya","Strawberry"],"card_choices":[{"not_picked":["Headbutt","Shockwave"],"picked":"Ghostly Armor"},{"not_picked":["Pommel Strike","Anger"],"picked":"Warcry"},{"not_picked":["Clothesline","Thunderclap"],"picked":"Iron Wave"},{"not_picked":["Twin Strike","Flex"],"picked":"Burning Pact"},{"not_picked":["Wild Strike","Double Tap"],"picked":"Seeing Red"},{"not_picked":["Bloodletting","Sword Boomerang"],"picked":"Headbutt"},{"not_picked":["Brutality","Bludgeon"],"picked":"Barricade"},{"not_picked":["Perfected Strike","Flex"],"picked":"Shrug It Off"},{"not_picked":["Sword Boomerang","Sever Soul"],"picked":"Shrug It Off"},{"not_picked":["Perfected Strike","Pommel Strike"],"picked":"Dual Wield"},{"not_picked":["Infernal Blade","Spot Weakness"],"picked":"Body Slam"},{"not_picked":["True Grit","Blood for Blood"],"picked":"Flame Barrier"}],"player_experience":255023,"potions_floor_usage":[10,23,25,28,31,33,36,39,50,50,50],"damage_taken":[{"damage":6,"enemies":"Jaw Worm","floor":1,"turns":4},{"damage":1,"enemies":"2 Louse","floor":5,"turns":3},{"damage":0,"enemies":"Cultist","floor":6,"turns":4},{"damage":5,"enemies":"3 Louse","floor":7,"turns":5},{"damage":30,"enemies":"3 Sentries","floor":8,"turns":13},{"damage":0,"enemies":"Large Slime","floor":10,"turns":8},{"damage":0,"enemies":"Looter","floor":11,"turns":2},{"damage":14,"enemies":"Gremlin Nob","floor":12,"turns":3},{"damage":52,"enemies":"The Guardian","floor":16,"turns":13},{"damage":15,"enemies":"3 Byrds","floor":18,"turns":8},{"damage":5,"enemies":"Shell Parasite","floor":20,"turns":7},{"damage":3,"enemies":"Snake Plant","floor":22,"turns":6},{"damage":12,"enemies":"Slavers","floor":23,"turns":7},{"damage":1,"enemies":"Centurion and Healer","floor":25,"turns":7},{"damage":41,"enemies":"Gremlin Leader","floor":28,"turns":13},{"damage":0,"enemies":"Snecko","floor":29,"turns":7},{"damage":18,"enemies":"Chosen and Byrds","floor":31,"turns":8},{"damage":0,"enemies":"Champ","floor":33,"turns":11},{"damage":0,"enemies":"3 Shapes","floor":35,"turns":7},{"damage":0,"enemies":"3 Darklings","floor":36,"turns":46},{"damage":24,"enemies":"Mysterious Sphere","floor":39,"turns":8},{"damage":0,"enemies":"Sphere and 2 Shapes","floor":41,"turns":7},{"damage":1,"enemies":"Maw","floor":42,"turns":5},{"damage":9,"enemies":"3 Darklings","floor":44,"turns":5},{"damage":20,"enemies":"Awakened One","floor":50,"turns":9}],"event_choices":[{"event_name":"Living Wall","player_choice":"Grow","floor":2,"damage_taken":0},{"event_name":"Shining Light","player_choice":"Entered Light","floor":3,"damage_taken":0},{"event_name":"Upgrade Shrine","player_choice":"Upgraded","floor":4,"damage_taken":0},{"event_name":"Liars Game","player_choice":"agreed","floor":14,"damage_taken":0},{"event_name":"Bonfire Elementals","player_choice":"BASIC","floor":21,"damage_taken":0},{"event_name":"Addict","player_choice":"Obtained Relic","floor":27,"damage_taken":0},{"event_name":"Accursed Blacksmith","player_choice":"Forge","floor":38,"damage_taken":0},{"event_name":"Mysterious Sphere","player_choice":"Fight","floor":39,"damage_taken":0},{"event_name":"Tomb of Lord Red Mask","player_choice":"Ignored","floor":45,"damage_taken":0},{"event_name":"The Lab","player_choice":"Got Potions","floor":46,"damage_taken":0}],"boss_relics":[{"not_picked":["Philosopher\u0027s Stone","Black Blood"],"picked":"Cursed Key"},{"not_picked":["Calling Bell","Runic Cube"],"picked":"White Beast Statue"}],"potions_floor_spawned":[5,6,10,22,28,29,31,35,36,39,41,42,44],"seed_played":"7264470789962469086","ascension_level":0,"is_trial":false}