{"gold_per_floor":[119,137,137,149,149,149,180,198,198,198,213,213,223,180,180,180],"floor_reached":16,"playtime":449,"items_purged":[],"score":194,"play_id":"15a43c32-44d1-4908-9680-7cfa4c9d03d4","local_time":"20190507215534","is_ascension_mode":true,"campfire_choices":[{"data":"Dagger Spray","floor":6,"key":"SMITH"},{"data":"Blade Dance","floor":10,"key":"SMITH"},{"data":"Accuracy","floor":12,"key":"SMITH"},{"data":"Storm of Steel","floor":15,"key":"SMITH"}],"neow_cost":"NONE","seed_source_timestamp":1410334845711102,"circlet_count":0,"master_deck":["AscendersBane","Defend_G","Defend_G","Defend_G","Defend_G","Defend_G","Strike_G","Strike_G","Strike_G","Strike_G","Survivor","Neutralize","Blade Dance+1","Dagger Spray+1","Footwork+1","Flying Knee","Accuracy+1","Well Laid Plans","Storm of Steel+1"],"relics":["Ring of the Snake","NeowsBlessing","Centennial Puzzle","Bottled Lightning"],"potions_floor_usage":[7,7,16],"damage_taken":[{"damage":0,"enemies":"2 Louse","floor":1,"turns":1},{"damage":0,"enemies":"Small Slimes","floor":2,"turns":1},{"damage":0,"enemies":"Cultist","floor":4,"turns":1},{"damage":18,"enemies":"3 Sentries","floor":7,"turns":8},{"damage":8,"enemies":"Large Slime","floor":8,"turns":6},{"damage":5,"enemies":"3 Louse","floor":11,"turns":2},{"damage":0,"enemies":"2 Fungi Beasts","floor":13,"turns":2},{"damage":39,"enemies":"The Guardian","floor":16,"turns":8}],"seed_played":"3923770193301632632","potions_obtained":[{"floor":2,"key":"Regen Potion"},{"floor":4,"key":"Energy Potion"},{"floor":11,"key":"Energy Potion"},{"floor":13,"key":"SteroidPotion"}],"is_trial":false,"path_per_floor":["M","M","?","M","?","R","E","M","T","R","M","R","M","?","R","B"],"character_chosen":"THE_SILENT","items_purchased":[],"campfire_rested":0,"item_purchase_floors":[],"current_hp_per_floor":[59,59,52,52,52,52,49,41,41,41,36,36,36,36,36,0],"gold":180,"neow_bonus":"THREE_ENEMY_KILL","is_prod":false,"is_daily":false,"chose_seed":false,"campfire_upgraded":4,"win_rate":0,"timestamp":1557258934,"path_taken":["M","M","?","M","?","R","E","M","T","R","M","R","M","?","R","BOSS"],"build_version":"2019-04-23","purchased_purges":0,"victory":false,"max_hp_per_floor":[66,66,66,66,66,66,66,66,66,66,66,66,66,66,66,66],"card_choices":[{"not_picked":["Quick Slash","Poisoned Stab"],"picked":"Blade Dance","floor":1},{"not_picked":["Cloak And Dagger","Well Laid Plans"],"picked":"Dagger Spray","floor":2},{"not_picked":["Well Laid Plans","Heel Hook"],"picked":"Footwork","floor":4},{"not_picked":["After Image","Slice"],"picked":"Flying Knee","floor":7},{"not_picked":["Backflip","Acrobatics"],"picked":"Accuracy","floor":8},{"not_picked":["Acrobatics","Deadly Poison"],"picked":"Well Laid Plans","floor":11},{"not_picked":["Flying Knee","Expertise"],"picked":"Storm of Steel","floor":13}],"player_experience":1579118,"relics_obtained":[{"floor":7,"key":"Centennial Puzzle"},{"floor":9,"key":"Bottled Lightning"}],"event_choices":[{"cards_removed":["Strike_G"],"damage_healed":0,"gold_gain":0,"player_choice":"Card Removal","damage_taken":7,"max_hp_gain":0,"max_hp_loss":0,"event_name":"Golden Wing","floor":3,"gold_loss":0},{"damage_healed":0,"gold_gain":0,"player_choice":"Grow","damage_taken":0,"max_hp_gain":0,"max_hp_loss":0,"event_name":"Living Wall","floor":5,"gold_loss":0,"cards_upgraded":["Footwork"]},{"damage_healed":0,"gold_gain":0,"player_choice":"Left Gold","damage_taken":0,"max_hp_gain":0,"max_hp_loss":0,"event_name":"World of Goop","floor":14,"gold_loss":43}],"is_beta":true,"boss_relics":[],"items_purged_floors":[],"is_endless":false,"potions_floor_spawned":[2,4,11,13],"killed_by":"The Guardian","ascension_level":18}