{"gold_per_floor":[18,29,49,11,29,40,58,58,83,83,2,29,29,45,45,45],"floor_reached":16,"playtime":586,"items_purged":[],"score":177,"play_id":"29512484-02c2-4b47-9741-1a6ebf99a93c","local_time":"20190420114644","is_ascension_mode":true,"campfire_choices":[{"floor":13,"key":"REST"},{"floor":15,"key":"REST"}],"neow_cost":"NO_GOLD","seed_source_timestamp":346427348033800,"circlet_count":0,"master_deck":["AscendersBane","Strike_B","Strike_B","Defend_B","Defend_B","Defend_B","Defend_B","Zap","Dualcast","Auto Shields","Heatsinks","Steam","Rip and Tear","Capacitor","Defragment","Self Repair","Ball Lightning","Biased Cognition","Self Repair","Meteor Strike","Glacier"],"relics":["Cracked Core","Happy Flower","Girya"],"potions_floor_usage":[5,7,12],"damage_taken":[{"damage":1,"enemies":"2 Louse","floor":1,"turns":4},{"damage":0,"enemies":"Small Slimes","floor":2,"turns":4},{"damage":1,"enemies":"Jaw Worm","floor":3,"turns":3},{"damage":6,"enemies":"Looter","floor":5,"turns":4},{"damage":38,"enemies":"Large Slime","floor":6,"turns":8},{"damage":12,"enemies":"Exordium Thugs","floor":7,"turns":4},{"damage":25,"enemies":"3 Sentries","floor":12,"turns":5},{"damage":24,"enemies":"Exordium Wildlife","floor":14,"turns":5},{"damage":57,"enemies":"Slime Boss","floor":16,"turns":11}],"seed_played":"-6850553348521588431","potions_obtained":[{"floor":3,"key":"Energy Potion"},{"floor":6,"key":"SpeedPotion"},{"floor":7,"key":"LiquidBronze"}],"is_trial":false,"path_per_floor":["M","M","M","$","M","M","M","?","T","?","$","E","R","M","R","B"],"character_chosen":"DEFECT","items_purchased":["Defragment","Self Repair"],"campfire_rested":2,"item_purchase_floors":[4,11],"current_hp_per_floor":[63,63,62,62,56,25,20,20,20,43,43,18,39,29,50,0],"gold":45,"neow_bonus":"TRANSFORM_TWO_CARDS","is_prod":false,"is_daily":false,"chose_seed":false,"campfire_upgraded":0,"win_rate":0,"timestamp":1555775204,"path_taken":["M","M","M","$","M","M","M","?","T","?","$","E","R","M","R","BOSS"],"build_version":"2019-01-23","purchased_purges":0,"victory":false,"max_hp_per_floor":[71,71,71,71,71,71,71,71,71,71,71,71,71,71,71,71],"card_choices":[{"not_picked":["Compile Driver","Turbo"],"picked":"Steam","floor":1},{"not_picked":["Aggregate","Chaos"],"picked":"Rip and Tear","floor":2},{"not_picked":["Gash","Sweeping Beam"],"picked":"Capacitor","floor":3},{"not_picked":["Go for the Eyes","Sweeping Beam"],"picked":"Self Repair","floor":5},{"not_picked":["Streamline","Steam"],"picked":"Ball Lightning","floor":6},{"not_picked":["Compile Driver","Leap"],"picked":"Biased Cognition","floor":7},{"not_picked":["Leap","Redo"],"picked":"Meteor Strike","floor":12},{"not_picked":["Hello World","Conserve Battery"],"picked":"Glacier","floor":14}],"player_experience":2785612,"relics_obtained":[{"floor":9,"key":"Happy Flower"},{"floor":12,"key":"Girya"}],"event_choices":[{"damage_healed":0,"gold_gain":0,"player_choice":"Ignored","damage_taken":0,"max_hp_gain":0,"max_hp_loss":0,"event_name":"Shining Light","floor":8,"gold_loss":0},{"damage_healed":23,"gold_gain":0,"player_choice":"Banana","damage_taken":0,"max_hp_gain":0,"max_hp_loss":0,"event_name":"Big Fish","floor":10,"gold_loss":0}],"is_beta":false,"boss_relics":[],"items_purged_floors":[],"is_endless":false,"potions_floor_spawned":[3,6,7],"killed_by":"Slime Boss","ascension_level":14}