{"gold_per_floor":[110,127,137,65,65,101,101,115,115,85,85,99,132,5,5,129,129,142,161,161,205,205,205,219,240,263,278,301,301,319,340,340,340],"floor_reached":33,"playtime":6001,"items_purged":[],"score":261,"play_id":"88ca906e-6fcc-414a-8a07-e56ddfe98352","local_time":"20190514145047","is_ascension_mode":false,"campfire_choices":[{"data":"Bash","floor":7.0,"key":"SMITH"},{"floor":11.0,"key":"REST"},{"data":"Carnage","floor":15.0,"key":"SMITH"},{"floor":23,"key":"REST"},{"floor":29,"key":"REST"},{"floor":32,"key":"REST"}],"neow_cost":"","seed_source_timestamp":0,"circlet_count":0,"master_deck":["Strike_R+1","Strike_R+1","Strike_R+1","Strike_R+1","Strike_R+1","Defend_R+1","Defend_R+1","Defend_R+1","Defend_R+1","Bash+1","Sword Boomerang","Combust","Cleave","Clash","Iron Wave","Sever Soul","Dropkick","Headbutt","Carnage+1","Berserk+1","Thunderclap+1","Iron Wave","Cleave+1","Clash","Fire Breathing+1","Seeing Red+1","Headbutt+1","Clothesline+1"],"special_seed":0,"relics":["Burning Blood","Golden Idol","Torii","Mercury Hourglass","Frozen Egg 2","Black Star","Red Mask","Happy Flower"],"potions_floor_usage":[33,33],"damage_taken":[{"damage":1.0,"enemies":"Cultist","floor":1.0,"turns":3.0},{"damage":7.0,"enemies":"2 Louse","floor":2.0,"turns":3.0},{"damage":15.0,"enemies":"Jaw Worm","floor":3.0,"turns":4.0},{"damage":31.0,"enemies":"Lagavulin","floor":6.0,"turns":6.0},{"damage":1.0,"enemies":"2 Fungi Beasts","floor":8.0,"turns":3.0},{"damage":3.0,"enemies":"3 Louse","floor":12.0,"turns":2.0},{"damage":5.0,"enemies":"3 Sentries","floor":13.0,"turns":4.0},{"damage":21.0,"enemies":"The Guardian","floor":16.0,"turns":7.0},{"damage":15,"enemies":"Shell Parasite","floor":18,"turns":4},{"damage":26,"enemies":"3 Byrds","floor":19,"turns":4},{"damage":24,"enemies":"Masked Bandits","floor":21,"turns":4},{"damage":0,"enemies":"Cultist and Chosen","floor":24,"turns":3},{"damage":18,"enemies":"Sentry and Sphere","floor":25,"turns":4},{"damage":2,"enemies":"3 Cultists","floor":27,"turns":4},{"damage":16,"enemies":"Snake Plant","floor":28,"turns":3},{"damage":7,"enemies":"Snecko","floor":30,"turns":3},{"damage":18,"enemies":"Centurion and Healer","floor":31,"turns":3},{"damage":86,"enemies":"Champ","floor":33,"turns":6}],"seed_played":"-4428983821752848082","potions_obtained":[{"floor":6.0,"key":"Fruit Juice"},{"floor":8.0,"key":"Block Potion"},{"floor":10.0,"key":"SmokeBomb"},{"floor":10.0,"key":"SpeedPotion"},{"floor":13.0,"key":"FairyPotion"},{"floor":16.0,"key":"GamblersBrew"},{"floor":19,"key":"Energy Potion"},{"floor":24,"key":"Ancient Potion"},{"floor":31,"key":"Strength Potion"}],"is_trial":false,"path_per_floor":["M","M","M","$","?","E","R","M","T","?","R","M","E","$","R","B",null,"M","M","?","?","?","R","M","M","T","M","M","R","M","M","R","B"],"character_chosen":"IRONCLAD","items_purchased":["Clash","Iron Wave","Carnage","Fire Potion"],"campfire_rested":4,"item_purchase_floors":[4,4,14,14],"current_hp_per_floor":[80,79,70,70,70,45,45,50,50,55,78,79,79,79,79,64,79,70,50,50,32,32,55,61,49,49,53,43,66,65,53,76,0],"gold":340,"neow_bonus":"","is_prod":false,"is_daily":false,"chose_seed":false,"campfire_upgraded":2,"win_rate":0.0,"timestamp":1557838247,"path_taken":["M","?","M","$","?","E","R","M","T","?","R","M","E","$","R","BOSS","M","?","?","?","?","R","?","?","T","M","M","R","M","M","R","BOSS"],"build_version":"2019-01-23","purchased_purges":0,"victory":false,"max_hp_per_floor":[80,80,80,80,74,74,74,74,74,79,79,79,79,79,79,79,79,79,79,79,79,79,79,79,79,79,79,79,79,79,79,79,79],"card_choices":[{"not_picked":["Thunderclap","True Grit"],"picked":"Sword Boomerang","floor":1.0},{"not_picked":["True Grit","Corruption"],"picked":"Combust","floor":2.0},{"not_picked":["Disarm","Dropkick"],"picked":"Cleave","floor":3.0},{"not_picked":["Fire Breathing","Twin Strike"],"picked":"Sever Soul","floor":6.0},{"not_picked":["Perfected Strike","Disarm"],"picked":"Dropkick","floor":8.0},{"not_picked":["Anger","Armaments","Power Through"],"picked":"SKIP","floor":12.0},{"not_picked":["Shrug It Off","Iron Wave"],"picked":"Headbutt","floor":13.0},{"not_picked":["Impervious","Brutality+1"],"picked":"Berserk+1","floor":16.0},{"not_picked":["Flex+1","Headbutt"],"picked":"Thunderclap+1","floor":18},{"not_picked":["Thunderclap","Armaments"],"picked":"Iron Wave","floor":19},{"not_picked":["Hemokinesis","True Grit+1"],"picked":"Cleave+1","floor":21},{"not_picked":["Berserk+1","Feel No Pain+1"],"picked":"Fire Breathing+1","floor":24},{"not_picked":["Reckless Charge+1","Second Wind"],"picked":"Seeing Red+1","floor":25},{"not_picked":["Flex","Metallicize+1"],"picked":"Headbutt+1","floor":27},{"not_picked":["Armaments+1","Headbutt","Flex+1"],"picked":"SKIP","floor":28},{"not_picked":["Second Wind","Shockwave","Disarm"],"picked":"SKIP","floor":30},{"not_picked":["Thunderclap","Carnage"],"picked":"Clothesline+1","floor":31}],"player_experience":0,"relics_obtained":[{"floor":6.0,"key":"Torii"},{"floor":9.0,"key":"Mercury Hourglass"},{"floor":13.0,"key":"Frozen Egg 2"},{"floor":21,"key":"Red Mask"},{"floor":26,"key":"Happy Flower"}],"event_choices":[{"damage_healed":0.0,"max_hp_gain":0.0,"max_hp_loss":6.0,"gold_gain":0.0,"event_name":"Golden Idol","player_choice":"Lose Max HP","floor":5.0,"gold_loss":0.0,"damage_taken":0.0,"relics_obtained":["Golden Idol"]},{"damage_healed":0.0,"max_hp_gain":0.0,"max_hp_loss":0.0,"gold_gain":0.0,"event_name":"The Woman in Blue","player_choice":"Bought 2 Potions","floor":10.0,"gold_loss":0.0,"damage_taken":0.0},{"damage_healed":0,"gold_gain":0,"player_choice":"Simplicity","damage_taken":0,"max_hp_gain":0,"max_hp_loss":0,"event_name":"Back to Basics","floor":20,"gold_loss":0,"cards_upgraded":["Strike_R","Strike_R","Strike_R","Strike_R","Strike_R","Defend_R","Defend_R","Defend_R","Defend_R"]},{"damage_healed":0,"gold_gain":0,"player_choice":"Fought Bandits","damage_taken":0,"max_hp_gain":0,"max_hp_loss":0,"event_name":"Masked Bandits","floor":21,"gold_loss":0},{"damage_healed":0,"gold_gain":0,"player_choice":"Copied","damage_taken":0,"max_hp_gain":0,"max_hp_loss":0,"event_name":"Duplicator","floor":22,"gold_loss":0,"cards_obtained":["Clash"]}],"is_beta":false,"boss_relics":[{"not_picked":["Runic Pyramid","Ectoplasm"],"picked":"Black Star"}],"items_purged_floors":[],"is_endless":false,"potions_floor_spawned":[6,8,13,16,19,24,31],"killed_by":"Champ","ascension_level":0}