{"gold_per_floor":[112,124,135,149,168,168,196,196,220,23,35,46,60,24,24,24],"floor_reached":16,"playtime":1311,"items_purged":[],"score":106,"play_id":"1197a173-94a1-49ba-981f-6c25cc456ccf","local_time":"20180702004120","is_ascension_mode":false,"campfire_choices":[{"data":"Cleave","floor":6,"key":"SMITH"},{"data":"Sentinel","floor":8,"key":"SMITH"},{"data":"Evolve","floor":15,"key":"SMITH"}],"neow_cost":"","seed_source_timestamp":202916982663340,"circlet_count":0,"master_deck":["Strike_R","Strike_R","Strike_R","Strike_R","Strike_R","Defend_R","Defend_R","Defend_R","Defend_R","Bash","Iron Wave","Burning Pact+1","Second Wind+1","Headbutt","Cleave+1","Sentinel+1","Offering","Whirlwind","Feed","Havoc","Evolve+1"],"relics":["Burning Blood","Toolbox","War Paint"],"potions_floor_usage":[16,16,16],"damage_taken":[{"damage":5,"enemies":"Cultist","floor":1,"turns":4},{"damage":13,"enemies":"Jaw Worm","floor":2,"turns":3},{"damage":0,"enemies":"Small Slimes","floor":3,"turns":3},{"damage":6,"enemies":"2 Fungi Beasts","floor":4,"turns":4},{"damage":13,"enemies":"Red Slaver","floor":5,"turns":6},{"damage":38,"enemies":"3 Sentries","floor":7,"turns":10},{"damage":4,"enemies":"Large Slime","floor":11,"turns":3},{"damage":7,"enemies":"Exordium Wildlife","floor":12,"turns":2},{"damage":4,"enemies":"2 Fungi Beasts","floor":13,"turns":2},{"damage":50,"enemies":"The Guardian","floor":16,"turns":9}],"seed_played":"8694552295146999447","potions_obtained":[{"floor":4,"key":"SteroidPotion"},{"floor":5,"key":"PowerPotion"},{"floor":7,"key":"PowerPotion"}],"is_trial":false,"path_per_floor":["M","M","M","M","M","R","E","R","T","$","M","M","M","$","R"],"character_chosen":"IRONCLAD","items_purchased":["Offering","Whirlwind","Evolve"],"campfire_rested":0,"item_purchase_floors":[10,10,14],"current_hp_per_floor":[80,73,79,79,72,72,40,40,40,40,42,44,49,49,49,0],"gold":24,"neow_bonus":"","is_prod":false,"is_daily":false,"chose_seed":false,"campfire_upgraded":3,"win_rate":0.0,"timestamp":1530506480,"path_taken":["M","M","M","M","M","R","E","R","T","$","M","M","M","?","R","BOSS"],"build_version":"2018-06-28","purchased_purges":0,"victory":false,"max_hp_per_floor":[80,80,80,80,80,80,80,80,80,80,80,83,86,86,86,86],"card_choices":[{"not_picked":["Warcry","Clash"],"picked":"Iron Wave","floor":1},{"not_picked":["Searing Blow","Ghostly Armor"],"picked":"Burning Pact","floor":2},{"not_picked":["Searing Blow","Burning Pact"],"picked":"Second Wind","floor":3},{"not_picked":["Dropkick","Searing Blow"],"picked":"Headbutt","floor":4},{"not_picked":["Clash","Thunderclap"],"picked":"Cleave","floor":5},{"not_picked":["Power Through","Pommel Strike"],"picked":"Sentinel","floor":7},{"not_picked":["Battle Trance","Perfected Strike"],"picked":"Feed","floor":11},{"not_picked":["Warcry","Seeing Red"],"picked":"Havoc","floor":12},{"not_picked":["Battle Trance","Havoc","Clash"],"picked":"SKIP","floor":13}],"player_experience":100805,"relics_obtained":[{"floor":7,"key":"Toolbox"},{"floor":9,"key":"War Paint"}],"event_choices":[],"boss_relics":[],"items_purged_floors":[],"is_endless":false,"potions_floor_spawned":[4,5,7,12,13],"killed_by":"The Guardian","ascension_level":0}