{"gold_per_floor":[114,89,89,54,65,99,99,118,118,118,118,43,43,61,61,137,187,205,205,205,205,205,205],"floor_reached":23,"playtime":621,"items_purged":["Strike_B"],"score":349,"play_id":"21d2f3da-5987-434c-bb73-e5f1bd81c310","local_time":"20190425080902","is_ascension_mode":true,"campfire_choices":[{"data":"Hyperbeam","floor":7,"key":"SMITH"},{"data":"Hyperbeam","floor":10,"key":"SMITH"},{"data":"Conserve Battery","floor":13,"key":"SMITH"},{"floor":15,"key":"REST"}],"neow_cost":"PERCENT_DAMAGE","seed_source_timestamp":205786255453500,"circlet_count":0,"master_deck":["AscendersBane","Defend_B+1","Defend_B","Defend_B","Zap","Dualcast","Hyperbeam+1","Lockon","Conserve Battery+1","Streamline","Hyperbeam+1","BootSequence","Conserve Battery+1","Seek+1","Streamline","White Noise+1","Bite","Bite","Bite","Bite","Bite","RitualDagger","J.A.X.+1"],"relics":["Cracked Core","Singing Bowl","Question Card","Toxic Egg 2","Tiny House","Bottled Lightning"],"potions_floor_usage":[18,23],"damage_taken":[{"damage":0,"enemies":"2 Louse","floor":1,"turns":1},{"damage":0,"enemies":"Jaw Worm","floor":5,"turns":2},{"damage":33,"enemies":"Gremlin Nob","floor":6,"turns":4},{"damage":0,"enemies":"Small Slimes","floor":8,"turns":1},{"damage":1,"enemies":"Looter","floor":14,"turns":2},{"damage":26,"enemies":"The Guardian","floor":16,"turns":10},{"damage":21,"enemies":"Shell Parasite","floor":18,"turns":4},{"damage":46,"enemies":"Book of Stabbing","floor":23,"turns":4}],"seed_played":"-8668746827915107459","potions_obtained":[{"floor":5,"key":"FearPotion"},{"floor":6,"key":"AttackPotion"},{"floor":16,"key":"Energy Potion"}],"is_trial":false,"path_per_floor":["M","$","?","?","M","E","R","M","T","R","T","$","R","M","R","B",null,"M","?","?","?","T","E"],"character_chosen":"DEFECT","items_purchased":["Streamline"],"campfire_rested":1,"item_purchase_floors":[2],"current_hp_per_floor":[46,46,46,63,63,30,30,30,30,30,30,30,30,29,50,24,64,43,43,37,37,37,0],"gold":205,"neow_bonus":"TRANSFORM_TWO_CARDS","is_prod":false,"is_daily":false,"chose_seed":false,"campfire_upgraded":3,"win_rate":0,"timestamp":1556194142,"path_taken":["M","$","?","?","M","E","R","M","T","R","?","$","R","M","R","BOSS","M","?","?","?","?","E"],"build_version":"2019-01-23","purchased_purges":1,"victory":false,"max_hp_per_floor":[71,71,71,71,71,71,71,71,71,71,71,71,71,71,71,71,76,76,53,53,53,53,53],"card_choices":[{"not_picked":["Leap","Beam Cell"],"picked":"Conserve Battery","floor":1},{"not_picked":["Fusion","Reprogram","Turbo"],"picked":"SKIP","floor":5},{"not_picked":["Conserve Battery","Hologram"],"picked":"Hyperbeam","floor":6},{"not_picked":["Darkness","Rebound"],"picked":"BootSequence","floor":8},{"not_picked":["Ball Lightning","Leap+1","Rebound"],"picked":"Conserve Battery+1","floor":14},{"not_picked":["Amplify+1","Electrodynamics","Fission+1"],"picked":"Seek+1","floor":16},{"not_picked":["Redo+1","Sweeping Beam","Steam Power+1"],"picked":"Streamline","floor":17},{"not_picked":["Auto Shields+1","Reprogram+1","Coolheaded+1"],"picked":"White Noise+1","floor":18}],"player_experience":2843736,"relics_obtained":[{"floor":6,"key":"Singing Bowl"},{"floor":9,"key":"Question Card"},{"floor":11,"key":"Toxic Egg 2"},{"floor":22,"key":"Bottled Lightning"}],"event_choices":[{"damage_healed":0,"gold_gain":0,"player_choice":"Ignored","damage_taken":0,"max_hp_gain":0,"max_hp_loss":0,"event_name":"Golden Idol","floor":3,"gold_loss":0},{"damage_healed":17,"gold_gain":0,"player_choice":"Healed","damage_taken":0,"max_hp_gain":0,"max_hp_loss":0,"event_name":"The Cleric","floor":4,"gold_loss":35},{"damage_healed":0,"gold_gain":0,"player_choice":"Became a vampire","damage_taken":0,"max_hp_gain":0,"max_hp_loss":23,"event_name":"Vampires","floor":19,"gold_loss":0,"cards_obtained":["Bite","Bite","Bite","Bite","Bite"]},{"damage_healed":0,"gold_gain":0,"player_choice":"Joined the Cult","damage_taken":6,"max_hp_gain":0,"max_hp_loss":0,"event_name":"Nest","floor":20,"gold_loss":0,"cards_obtained":["RitualDagger"]},{"damage_healed":0,"gold_gain":0,"player_choice":"Obtain J.A.X.","damage_taken":0,"max_hp_gain":0,"max_hp_loss":0,"event_name":"Drug Dealer","floor":21,"gold_loss":0,"cards_obtained":["J.A.X."]}],"is_beta":false,"boss_relics":[{"not_picked":["Runic Dome","Black Star"],"picked":"Tiny House"}],"items_purged_floors":[12],"is_endless":false,"potions_floor_spawned":[5,6,16],"killed_by":"Book of Stabbing","ascension_level":15}