{"gold_per_floor":[116,116,41,52,52,52,78,78,160,176,202,202,236,253,253,330,330,349,87,87,2,14,44,44,44],"floor_reached":25,"playtime":1188,"items_purged":["Strike_R","Strike_R"],"score":462,"play_id":"295c1776-4b1c-4090-81f5-29d0821244bc","local_time":"20190510115728","is_ascension_mode":true,"campfire_choices":[{"data":"Ghostly Armor","floor":6,"key":"SMITH"},{"data":"Anger","floor":8,"key":"SMITH"},{"data":"Armaments","floor":12,"key":"SMITH"},{"data":"Disarm","floor":15,"key":"SMITH"},{"floor":24,"key":"REST"}],"neow_cost":"NONE","seed_source_timestamp":1632909097707933,"circlet_count":0,"master_deck":["AscendersBane","Strike_R","Strike_R","Strike_R","Defend_R","Defend_R","Defend_R","Defend_R","Bash+1","Anger+1","Ghostly Armor+1","Twin Strike","Headbutt","Disarm+1","Armaments+1","Pommel Strike","Flame Barrier","Reaper","Disarm","Thunderclap","Limit Break"],"relics":["Burning Blood","CultistMask","Dodecahedron","The Courier","Regal Pillow","Question Card","Fusion Hammer","ClockworkSouvenir","Champion Belt","Magic Flower"],"potions_floor_usage":[11,11,16,23],"damage_taken":[{"damage":7,"enemies":"Jaw Worm","floor":1,"turns":3},{"damage":0,"enemies":"Cultist","floor":4,"turns":2},{"damage":22,"enemies":"Lagavulin","floor":7,"turns":6},{"damage":4,"enemies":"Small Slimes","floor":10,"turns":3},{"damage":32,"enemies":"Gremlin Nob","floor":11,"turns":4},{"damage":22,"enemies":"3 Sentries","floor":13,"turns":11},{"damage":2,"enemies":"3 Louse","floor":14,"turns":4},{"damage":10,"enemies":"Hexaghost","floor":16,"turns":9},{"damage":21,"enemies":"Shell Parasite","floor":18,"turns":7},{"damage":21,"enemies":"Spheric Guardian","floor":22,"turns":6},{"damage":14,"enemies":"Book of Stabbing","floor":23,"turns":7},{"damage":74,"enemies":"Slavers","floor":25,"turns":7}],"seed_played":"-7124559224307785072","potions_obtained":[{"floor":1,"key":"Regen Potion"},{"floor":7,"key":"AttackPotion"},{"floor":13,"key":"Dexterity Potion"},{"floor":14,"key":"LiquidBronze"}],"is_trial":false,"path_per_floor":["M","?","$","M","?","R","E","R","T","M","E","R","E","M","R","B",null,"M","$","?","?","M","E","R","E"],"character_chosen":"IRONCLAD","items_purchased":["ClockworkSouvenir"],"campfire_rested":1,"item_purchase_floors":[19],"current_hp_per_floor":[67,67,67,73,73,73,57,57,57,59,45,45,29,33,33,29,64,49,49,28,28,13,9,48,0],"gold":44,"neow_bonus":"THREE_CARDS","is_prod":false,"is_daily":false,"chose_seed":false,"campfire_upgraded":4,"win_rate":0,"timestamp":1557482248,"path_taken":["M","?","?","M","?","R","E","R","T","M","E","R","E","M","R","BOSS","M","$","?","?","M","E","R","E"],"build_version":"2019-05-07","purchased_purges":2,"victory":false,"max_hp_per_floor":[75,75,75,75,75,75,75,75,75,75,75,75,75,75,75,75,75,75,75,80,80,80,80,80,80],"card_choices":[{"not_picked":["Fire Breathing","Wild Strike"],"picked":"Anger","floor":0},{"not_picked":["Pommel Strike","Sentinel"],"picked":"Ghostly Armor","floor":1},{"not_picked":["Body Slam","Warcry"],"picked":"Twin Strike","floor":4},{"not_picked":["Anger","Clash"],"picked":"Headbutt","floor":7},{"not_picked":["Clash","Reckless Charge"],"picked":"Disarm","floor":10},{"not_picked":["Rampage","Heavy Blade"],"picked":"Armaments","floor":11},{"not_picked":["Warcry","Berserk"],"picked":"Pommel Strike","floor":13},{"not_picked":["True Grit","Sword Boomerang","Second Wind"],"picked":"Flame Barrier","floor":14},{"not_picked":["Exhume","Juggernaut","Impervious"],"picked":"Reaper","floor":16},{"not_picked":["Heavy Blade","Body Slam","Evolve"],"picked":"Disarm","floor":18},{"not_picked":["Rage","Sword Boomerang+1","Perfected Strike"],"picked":"Thunderclap","floor":22},{"not_picked":["Cleave","Combust","Anger"],"picked":"Limit Break","floor":23}],"player_experience":1694096,"relics_obtained":[{"floor":7,"key":"Dodecahedron"},{"floor":9,"key":"The Courier"},{"floor":11,"key":"Regal Pillow"},{"floor":13,"key":"Question Card"},{"floor":23,"key":"Magic Flower"}],"event_choices":[{"damage_healed":0,"gold_gain":0,"player_choice":"Trade","damage_taken":0,"relics_obtained":["CultistMask"],"max_hp_gain":0,"max_hp_loss":0,"event_name":"FaceTrader","floor":2,"gold_loss":0},{"damage_healed":0,"gold_gain":0,"player_choice":"Grow","damage_taken":0,"max_hp_gain":0,"max_hp_loss":0,"event_name":"Living Wall","floor":5,"gold_loss":0,"cards_upgraded":["Bash"]},{"damage_healed":0,"gold_gain":0,"player_choice":"Shed Blood","damage_taken":26,"max_hp_gain":5,"max_hp_loss":0,"event_name":"Forgotten Altar","floor":20,"gold_loss":0},{"damage_healed":0,"gold_gain":0,"player_choice":"Obtained Relic","damage_taken":0,"relics_obtained":["Champion Belt"],"max_hp_gain":0,"max_hp_loss":0,"event_name":"Addict","floor":21,"gold_loss":85}],"is_beta":true,"boss_relics":[{"not_picked":["Empty Cage","Pandora\u0027s Box"],"picked":"Fusion Hammer"}],"items_purged_floors":[3,19],"is_endless":false,"potions_floor_spawned":[1,7,13,14],"killed_by":"Slavers","ascension_level":19}