{"gold_per_floor":[115,125,138,138,206,206,238,238,320,320,331,381,409,140,140,140],"floor_reached":16,"playtime":501,"items_purged":["Strike_R"],"score":215,"play_id":"c10836af-490a-43b8-aba5-0dabe639912c","local_time":"20190512101537","is_ascension_mode":true,"campfire_choices":[{"data":"Bash","floor":6,"key":"SMITH"},{"data":"Shrug It Off","floor":8,"key":"SMITH"},{"data":"Hemokinesis","floor":10,"key":"SMITH"},{"data":"Armaments","floor":15,"key":"SMITH"}],"neow_cost":"NONE","seed_source_timestamp":1800284897198032,"circlet_count":0,"master_deck":["AscendersBane","Strike_R","Strike_R","Strike_R","Defend_R","Defend_R","Defend_R","Defend_R","Bash+1","Hemokinesis+1","Shockwave","Pummel","Spot Weakness","Feed","Shrug It Off+1","Inflame+1","Combust","Battle Trance","Armaments+1","Headbutt"],"relics":["Burning Blood","SsserpentHead","Mercury Hourglass","Tiny Chest","Dream Catcher"],"potions_floor_usage":[13,16],"damage_taken":[{"damage":7,"enemies":"Jaw Worm","floor":1,"turns":4},{"damage":3,"enemies":"Cultist","floor":2,"turns":2},{"damage":9,"enemies":"Small Slimes","floor":3,"turns":3},{"damage":10,"enemies":"Looter","floor":5,"turns":3},{"damage":41,"enemies":"3 Sentries","floor":7,"turns":6},{"damage":6,"enemies":"2 Fungi Beasts","floor":11,"turns":3},{"damage":23,"enemies":"Lagavulin","floor":13,"turns":4},{"damage":22,"enemies":"Hexaghost","floor":16,"turns":9}],"seed_played":"-7205264665929110093","potions_obtained":[{"floor":2,"key":"GamblersBrew"},{"floor":5,"key":"SpeedPotion"}],"is_trial":false,"path_per_floor":["M","M","M","?","M","R","E","R","T","R","M","?","E","$","R","B"],"character_chosen":"IRONCLAD","items_purchased":["Battle Trance","Armaments","Headbutt"],"campfire_rested":0,"item_purchase_floors":[14,14,14],"current_hp_per_floor":[67,70,67,67,63,63,31,31,31,31,34,34,20,20,20,0],"gold":140,"neow_bonus":"TRANSFORM_CARD","is_prod":false,"is_daily":false,"chose_seed":false,"campfire_upgraded":4,"win_rate":0,"timestamp":1557648937,"path_taken":["M","M","M","?","?","R","E","R","T","R","M","?","E","$","R","BOSS"],"build_version":"2019-05-07","purchased_purges":1,"victory":false,"max_hp_per_floor":[75,75,75,75,75,75,78,78,78,78,81,81,84,84,84,84],"card_choices":[{"not_picked":["True Grit","Pommel Strike"],"picked":"Shockwave","floor":1},{"not_picked":["Pommel Strike","Bloodletting"],"picked":"Pummel","floor":2},{"not_picked":["Twin Strike","Clothesline"],"picked":"Spot Weakness","floor":3},{"not_picked":["Ghostly Armor","Twin Strike"],"picked":"Feed","floor":5},{"not_picked":["Burning Pact","Wild Strike"],"picked":"Shrug It Off","floor":7},{"not_picked":["Thunderclap","Clothesline"],"picked":"Inflame","floor":11},{"not_picked":["Dark Embrace","Pommel Strike"],"picked":"Combust","floor":13}],"player_experience":1834731,"relics_obtained":[{"floor":7,"key":"Mercury Hourglass"},{"floor":9,"key":"Tiny Chest"},{"floor":13,"key":"Dream Catcher"}],"event_choices":[{"damage_healed":0,"gold_gain":0,"player_choice":"Trade","damage_taken":0,"relics_obtained":["SsserpentHead"],"max_hp_gain":0,"max_hp_loss":0,"event_name":"FaceTrader","floor":4,"gold_loss":0},{"damage_healed":0,"gold_gain":0,"player_choice":"Grow","damage_taken":0,"max_hp_gain":0,"max_hp_loss":0,"event_name":"Living Wall","floor":12,"gold_loss":0,"cards_upgraded":["Inflame"]}],"is_beta":true,"boss_relics":[],"items_purged_floors":[14],"is_endless":false,"potions_floor_spawned":[2,5,7],"killed_by":"Hexaghost","ascension_level":19}