{"path_per_floor":["M","?","M","M","?","E","R","?","T","R","?","E","M","M","R"],"character_chosen":"IRONCLAD","items_purchased":[],"gold_per_floor":[109,284,301,314,314,343,343,343,390,390,415,445,455,465,465],"floor_reached":16,"campfire_rested":1,"playtime":971,"current_hp_per_floor":[80,80,78,75,59,32,32,32,32,32,23,9,8,16,40],"items_purged":[],"gold":465,"play_id":"fc564d7d-7fb8-4bd7-b05c-e3a50773b02c","is_prod":false,"is_daily":false,"is_ascension_mode":false,"campfire_upgraded":2,"path_taken":["M","?","M","?","?","E","R","?","T","R","?","E","M","M","R","BOSS"],"build_version":"2018-01-25-PROD3","purchased_purges":0,"victory":false,"master_deck":["Strike_R+1","Strike_R","Strike_R","Strike_R","Strike_R","Defend_R","Defend_R","Defend_R","Defend_R","Bash","Blood for Blood+1","Anger","Pommel Strike+1","Hemokinesis+1","Headbutt","Rampage","Rupture"],"max_hp_per_floor":[80,80,80,80,80,80,80,80,80,80,80,80,80,82,82],"relics":["Burning Blood","Lantern","Toolbox","Singing Bowl","Odd Mushroom","Pantograph"],"card_choices":[{"not_picked":["True Grit","Wild Strike"],"picked":"Blood for Blood"},{"not_picked":["Battle Trance","Cleave"],"picked":"Anger"},{"not_picked":["Warcry","Wild Strike"],"picked":"Pommel Strike"},{"not_picked":["Bloodletting","Impervious"],"picked":"Hemokinesis"},{"not_picked":["Cleave","Twin Strike"],"picked":"Headbutt"},{"not_picked":["Sentinel","Barricade"],"picked":"Rampage"},{"not_picked":["True Grit","Sword Boomerang"],"picked":"Rupture"}],"player_experience":268119,"potions_floor_usage":[13,16,16],"damage_taken":[{"damage":5,"enemies":"2 Louse","floor":1,"turns":3},{"damage":8,"enemies":"Jaw Worm","floor":3,"turns":3},{"damage":9,"enemies":"Blue Slaver","floor":4,"turns":4},{"damage":33,"enemies":"3 Sentries","floor":6,"turns":7},{"damage":15,"enemies":"The Mushroom Lair","floor":11,"turns":3},{"damage":20,"enemies":"Lagavulin","floor":12,"turns":3},{"damage":7,"enemies":"Exordium Wildlife","floor":13,"turns":3},{"damage":0,"enemies":"Large Slime","floor":14,"turns":5},{"damage":68,"enemies":"Hexaghost","floor":16,"turns":8}],"event_choices":[{"event_name":"Liars Game","player_choice":"agreed","floor":2,"damage_taken":0},{"event_name":"Shining Light","player_choice":"Entered Light","floor":5,"damage_taken":0},{"event_name":"Purifier","player_choice":"One Purge","floor":8,"damage_taken":0},{"event_name":"Mushrooms","player_choice":"Fought Mushrooms","floor":11,"damage_taken":0}],"boss_relics":[],"potions_floor_spawned":[3,6,14],"seed_played":"1147143165910216539","killed_by":"Hexaghost","ascension_level":0,"is_trial":false}