{"gold_per_floor":[109,123,133,133,15,15,46,46,46,80,80,255,337,366,366,466,466,482,482,495,505,505,505,505],"floor_reached":24,"playtime":1203,"items_purged":[],"score":297,"play_id":"bc01b1c0-447a-40ad-978f-d2fdb5c493db","local_time":"20190425155857","is_ascension_mode":true,"campfire_choices":[{"data":"Zap","floor":6,"key":"SMITH"},{"floor":8,"key":"REST"},{"data":"Sweeping Beam","floor":11,"key":"SMITH"},{"data":"Go for the Eyes","floor":15,"key":"SMITH"},{"floor":23,"key":"REST"}],"neow_cost":"NONE","seed_source_timestamp":351383640901850,"circlet_count":0,"master_deck":["Strike_B","Strike_B+1","Strike_B","Defend_B","Defend_B","Defend_B+1","Defend_B","Zap+1","Dualcast","Sweeping Beam+1","Conserve Battery","Static Discharge","Capacitor","Coolheaded","Go for the Eyes+1","Gash","Gash","Fission","Barrage","Gash","Hologram+1"],"relics":["Cracked Core","Orichalcum","Bottled Flame","Anchor","Frozen Egg 2","Gambling Chip","Empty Cage"],"potions_floor_usage":[16,16,21,21],"damage_taken":[{"damage":8,"enemies":"Small Slimes","floor":1,"turns":4},{"damage":2,"enemies":"Jaw Worm","floor":2,"turns":3},{"damage":0,"enemies":"Cultist","floor":3,"turns":3},{"damage":15,"enemies":"3 Sentries","floor":7,"turns":6},{"damage":8,"enemies":"Lagavulin","floor":10,"turns":7},{"damage":12,"enemies":"3 Sentries","floor":14,"turns":6},{"damage":26,"enemies":"Hexaghost","floor":16,"turns":8},{"damage":19,"enemies":"2 Thieves","floor":18,"turns":4},{"damage":14,"enemies":"Spheric Guardian","floor":20,"turns":4},{"damage":20,"enemies":"Snecko","floor":21,"turns":6},{"damage":28,"enemies":"Book of Stabbing","floor":24,"turns":4}],"seed_played":"7989895855430583522","potions_obtained":[{"floor":0,"key":"Fruit Juice"},{"floor":0,"key":"Energy Potion"},{"floor":0,"key":"Dexterity Potion"},{"floor":10,"key":"PowerPotion"},{"floor":20,"key":"Poison Potion"},{"floor":21,"key":"SteroidPotion"}],"is_trial":false,"path_per_floor":["M","M","M","?","$","R","E","R","T","E","R","?","T","E","R","B",null,"M","?","M","M","?","R","E"],"character_chosen":"DEFECT","items_purchased":["Capacitor","Coolheaded"],"campfire_rested":2,"item_purchase_floors":[5,5],"current_hp_per_floor":[60,58,58,43,43,43,28,50,50,42,42,42,42,30,30,9,62,43,35,21,1,1,25,0],"gold":505,"neow_bonus":"THREE_SMALL_POTIONS","is_prod":false,"is_daily":false,"chose_seed":false,"campfire_upgraded":3,"win_rate":0,"timestamp":1556200737,"path_taken":["M","M","M","?","$","R","E","R","T","E","R","?","?","E","R","BOSS","M","?","M","?","?","R","E"],"build_version":"2019-04-23","purchased_purges":0,"victory":false,"max_hp_per_floor":[75,75,75,75,75,75,75,75,75,75,75,75,75,75,75,80,80,80,80,80,80,80,80,80],"card_choices":[{"not_picked":["Conserve Battery","Consume"],"picked":"Sweeping Beam","floor":1},{"not_picked":["Scrape","Hologram"],"picked":"Conserve Battery","floor":2},{"not_picked":["Skim","Conserve Battery"],"picked":"Static Discharge","floor":3},{"not_picked":["Blizzard","Coolheaded"],"picked":"Go for the Eyes","floor":7},{"not_picked":["Steam","Coolheaded"],"picked":"Gash","floor":10},{"not_picked":["Thunder Strike","Coolheaded"],"picked":"Gash","floor":14},{"not_picked":["Hyperbeam","Rainbow"],"picked":"Fission","floor":16},{"not_picked":["Hologram","Reprogram"],"picked":"Barrage","floor":18},{"not_picked":["Conserve Battery","Beam Cell"],"picked":"Gash","floor":20},{"not_picked":["Redo","Stack+1"],"picked":"Hologram+1","floor":21}],"player_experience":1222213,"relics_obtained":[{"floor":7,"key":"Orichalcum"},{"floor":9,"key":"Bottled Flame"},{"floor":10,"key":"Anchor"},{"floor":13,"key":"Frozen Egg 2"},{"floor":14,"key":"Gambling Chip"}],"event_choices":[{"damage_healed":0,"gold_gain":0,"player_choice":"Entered Light","damage_taken":15,"max_hp_gain":0,"max_hp_loss":0,"event_name":"Shining Light","floor":4,"gold_loss":0,"cards_upgraded":["Strike_B","Defend_B"]},{"damage_healed":0,"gold_gain":175,"player_choice":"AGREE","damage_taken":0,"max_hp_gain":0,"max_hp_loss":0,"event_name":"Liars Game","floor":12,"gold_loss":0,"cards_obtained":["Doubt"]},{"damage_healed":0,"gold_gain":0,"player_choice":"","damage_taken":8,"max_hp_gain":0,"max_hp_loss":0,"event_name":"Knowing Skull","floor":19,"potions_obtained":[],"gold_loss":0,"cards_obtained":[]},{"damage_healed":0,"gold_gain":0,"player_choice":"Ignored","damage_taken":0,"max_hp_gain":0,"max_hp_loss":0,"event_name":"Vampires","floor":22,"gold_loss":0}],"is_beta":true,"boss_relics":[{"not_picked":["White Beast Statue","Philosopher\u0027s Stone"],"picked":"Empty Cage"}],"items_purged_floors":[],"is_endless":false,"potions_floor_spawned":[3,7,10,20,21],"killed_by":"Book of Stabbing","ascension_level":8}