{"gold_per_floor":[111,111,123,123,143,173,173,18,73,93,125,125,125,139,139,213,213,232,157,171,171,191,191,211,211,211,45,75,75,75,75,75,151,151,165,165,32,46,59,59,59,59,83,112,112,34,44,44,44,44],"floor_reached":50,"playtime":2371,"items_purged":["Strike_B","Strike_B"],"score":843,"play_id":"e71fe868-1b42-4069-89c9-e70f53fa1656","local_time":"20190416214848","is_ascension_mode":true,"campfire_choices":[{"data":"Storm","floor":7.0,"key":"SMITH"},{"data":"Gash","floor":12.0,"key":"SMITH"},{"floor":15.0,"key":"REST"},{"floor":23.0,"key":"REST"},{"floor":25.0,"key":"REST"},{"data":"Apotheosis","floor":29.0,"key":"SMITH"},{"data":"Buffer","floor":32.0,"key":"SMITH"},{"floor":40.0,"key":"REST"},{"data":"Echo Form","floor":42.0,"key":"SMITH"},{"data":"Thunder Strike","floor":45.0,"key":"SMITH"},{"floor":49.0,"key":"REST"}],"neow_cost":"NONE","seed_source_timestamp":0,"circlet_count":0,"master_deck":["AscendersBane","Defend_B","Defend_B+1","Defend_B","Defend_B+1","Dualcast","Gash+1","Static Discharge","Static Discharge","Storm+1","Rebound","Leap","FTL","Streamline","Buffer+1","Beam Cell+1","Undo","J.A.X.","Heatsinks","Storm","Apotheosis+1","Thunder Strike+1","RitualDagger","Echo Form+1","Defragment+1","Swift Strike","Madness","White Noise","Force Field","Steam","Amplify","Defragment","Self Repair"],"special_seed":0,"relics":["Cracked Core","War Paint","PreservedInsect","Bronze Scales","Regal Pillow","Vajra","Eternal Feather","DataDisk","Ancient Tea Set","Question Card","White Beast Statue","Bag of Preparation","Blue Candle"],"potions_floor_usage":[50],"damage_taken":[{"damage":1.0,"enemies":"Cultist","floor":1.0,"turns":4.0},{"damage":0.0,"enemies":"Small Slimes","floor":3.0,"turns":3.0},{"damage":7.0,"enemies":"Jaw Worm","floor":5.0,"turns":4.0},{"damage":16.0,"enemies":"Lagavulin","floor":6.0,"turns":6.0},{"damage":0.0,"enemies":"Large Slime","floor":10.0,"turns":5.0},{"damage":2.0,"enemies":"Gremlin Nob","floor":11.0,"turns":3.0},{"damage":16.0,"enemies":"Exordium Thugs","floor":14.0,"turns":3.0},{"damage":33.0,"enemies":"The Guardian","floor":16.0,"turns":7.0},{"damage":27.0,"enemies":"2 Thieves","floor":18.0,"turns":3.0},{"damage":11.0,"enemies":"3 Byrds","floor":20.0,"turns":2.0},{"damage":14.0,"enemies":"Cultist and Chosen","floor":22.0,"turns":6.0},{"damage":29.0,"enemies":"Shelled Parasite and Fungi","floor":24.0,"turns":3.0},{"damage":39.0,"enemies":"Slavers","floor":28.0,"turns":5.0},{"damage":45.0,"enemies":"Collector","floor":33.0,"turns":9.0},{"damage":16.0,"enemies":"3 Shapes","floor":35.0,"turns":4.0},{"damage":42.0,"enemies":"3 Darklings","floor":38.0,"turns":6.0},{"damage":4.0,"enemies":"Spire Growth","floor":39.0,"turns":5.0},{"damage":42.0,"enemies":"Nemesis","floor":44.0,"turns":5.0},{"damage":3.0,"enemies":"Maw","floor":47.0,"turns":6.0},{"damage":81,"enemies":"Donu and Deca","floor":50,"turns":6}],"seed_played":"1527558099834588804","potions_obtained":[{"floor":1.0,"key":"Explosive Potion"},{"floor":3.0,"key":"PowerPotion"},{"floor":10.0,"key":"FearPotion"},{"floor":16.0,"key":"Swift Potion"},{"floor":28.0,"key":"Regen Potion"},{"floor":35.0,"key":"FairyPotion"},{"floor":39.0,"key":"SpeedPotion"},{"floor":44.0,"key":"SmokeBomb"},{"floor":47.0,"key":"Fire Potion"}],"is_trial":false,"path_per_floor":["M","?","M","?","M","E","R","$","T","M","E","R","?","M","R","B",null,"M","$","M","?","M","R","M","R","T","$","E","R","T","?","R","B",null,"M","?","$","M","M","R","?","R","T","E","R","$","M","?","R","B"],"character_chosen":"DEFECT","items_purchased":["Bronze Scales","Apotheosis","White Noise","Defragment"],"campfire_rested":5,"item_purchase_floors":[8,27,37,46],"current_hp_per_floor":[70,63,63,63,56,40,40,40,40,40,38,38,38,22,60,27,65,38,38,27,27,13,63,34,78,78,78,39,54,54,48,63,33,67,51,46,46,4,7,63,63,78,78,36,54,54,51,51,78,0],"gold":44,"neow_bonus":"TEN_PERCENT_HP_BONUS","is_prod":false,"is_daily":false,"chose_seed":false,"campfire_upgraded":6,"win_rate":0,"timestamp":1555465728,"path_taken":["M","?","M","?","M","E","R","?","T","M","E","R","?","M","R","BOSS","M","$","M","?","M","R","M","R","T","$","E","R","?","?","R","BOSS","M","?","$","M","M","R","?","R","T","E","R","$","?","?","R","BOSS"],"build_version":"2019-01-23","purchased_purges":2,"victory":false,"max_hp_per_floor":[78,78,78,78,78,78,78,78,78,78,78,78,78,78,78,78,78,78,78,78,78,78,78,78,78,78,78,78,78,78,78,78,78,78,78,78,78,78,78,78,78,78,78,78,78,78,78,78,78,78],"card_choices":[{"not_picked":["Reprogram","Steam Power"],"picked":"Gash","floor":1.0},{"not_picked":["Coolheaded","Recycle"],"picked":"Static Discharge","floor":3.0},{"not_picked":["Cold Snap","Barrage"],"picked":"Static Discharge","floor":5.0},{"not_picked":["Ball Lightning","Lockon"],"picked":"Storm","floor":6.0},{"not_picked":["Go for the Eyes","Stack"],"picked":"Rebound","floor":10.0},{"not_picked":["Stack","Meteor Strike"],"picked":"Leap","floor":11.0},{"not_picked":["Cold Snap","Barrage"],"picked":"Streamline","floor":14.0},{"not_picked":["Reboot","Fission"],"picked":"Buffer","floor":16.0},{"not_picked":["Coolheaded+1","Darkness"],"picked":"Beam Cell+1","floor":18.0},{"not_picked":["Steam","Redo"],"picked":"Undo","floor":20.0},{"not_picked":["Conserve Battery","Cold Snap"],"picked":"Heatsinks","floor":22.0},{"not_picked":["Stack","Streamline"],"picked":"Storm","floor":24.0},{"not_picked":["Compile Driver","Conserve Battery"],"picked":"Thunder Strike","floor":28.0},{"not_picked":["Amplify","Rainbow","Core Surge"],"picked":"Echo Form","floor":33.0},{"not_picked":["Aggregate","Sweeping Beam+1","Turbo"],"picked":"Defragment+1","floor":35.0},{"not_picked":["Trip","Transmutation","Sadistic Nature"],"picked":"Swift Strike","floor":36.0},{"not_picked":["Impatience","Flash of Steel","Finesse"],"picked":"Madness","floor":36.0},{"not_picked":["Hologram","Compile Driver","Genetic Algorithm"],"picked":"Force Field","floor":38.0},{"not_picked":["Cold Snap+1","Coolheaded","Stack","Go for the Eyes"],"picked":"SKIP","floor":39.0},{"not_picked":["Redo","Consume","Melter+1"],"picked":"Amplify","floor":44.0},{"not_picked":["Go for the Eyes","Steam Power","Stack"],"picked":"Self Repair","floor":47.0}],"player_experience":2759200,"relics_obtained":[{"floor":6.0,"key":"PreservedInsect"},{"floor":9.0,"key":"Regal Pillow"},{"floor":11.0,"key":"Vajra"},{"floor":26.0,"key":"DataDisk"},{"floor":28.0,"key":"Ancient Tea Set"},{"floor":30.0,"key":"Question Card"},{"floor":43.0,"key":"Bag of Preparation"},{"floor":44.0,"key":"Blue Candle"}],"event_choices":[{"damage_healed":0.0,"max_hp_gain":0.0,"max_hp_loss":0.0,"gold_gain":0.0,"event_name":"Scrap Ooze","player_choice":"Success","floor":2.0,"gold_loss":0.0,"damage_taken":7.0,"relics_obtained":["War Paint"]},{"damage_healed":0.0,"max_hp_gain":0.0,"max_hp_loss":0.0,"gold_gain":0.0,"event_name":"Golden Idol","player_choice":"Ignored","floor":4.0,"gold_loss":0.0,"damage_taken":0.0},{"damage_healed":0.0,"max_hp_gain":0.0,"max_hp_loss":0.0,"gold_gain":0.0,"cards_transformed":["Strike_B"],"event_name":"Transmorgrifier","player_choice":"Transformed","floor":13.0,"gold_loss":0.0,"damage_taken":0.0,"cards_obtained":["FTL"]},{"damage_healed":0.0,"max_hp_gain":0.0,"max_hp_loss":0.0,"gold_gain":0.0,"event_name":"Drug Dealer","player_choice":"Obtain J.A.X.","floor":21.0,"gold_loss":0.0,"damage_taken":0.0,"cards_obtained":["J.A.X."]},{"damage_healed":0.0,"max_hp_gain":0.0,"max_hp_loss":0.0,"gold_gain":0.0,"event_name":"Nest","player_choice":"Joined the Cult","floor":31.0,"gold_loss":0.0,"damage_taken":6.0,"cards_obtained":["RitualDagger"]},{"damage_healed":0.0,"max_hp_gain":0.0,"max_hp_loss":0.0,"gold_gain":0.0,"event_name":"SensoryStone","player_choice":"Memory 2","floor":36.0,"gold_loss":0.0,"damage_taken":5.0},{"damage_healed":0.0,"max_hp_gain":0.0,"max_hp_loss":0.0,"gold_gain":0.0,"cards_transformed":["Strike_B"],"event_name":"Transmorgrifier","player_choice":"Transformed","floor":41.0,"gold_loss":0.0,"damage_taken":0.0,"cards_obtained":["Steam"]},{"cards_removed":["Zap"],"damage_healed":0.0,"max_hp_gain":0.0,"max_hp_loss":0.0,"gold_gain":0.0,"event_name":"Falling","player_choice":"Removed Skill","floor":48.0,"gold_loss":0.0,"damage_taken":0.0}],"is_beta":false,"boss_relics":[{"not_picked":["Sozu","Tiny House"],"picked":"Eternal Feather"},{"not_picked":["Coffee Dripper","Pandora\u0027s Box"],"picked":"White Beast Statue"}],"items_purged_floors":[19,37],"is_endless":false,"potions_floor_spawned":[1,3,10,16,28,35,38,39,44,47],"killed_by":"Donu and Deca","ascension_level":14}