{"gold_per_floor":[110,130,80,29,29,72,85,85,85,118,31,70,70,85,85,210,210,233,13,36,49,49,88,88,126,199,199,215,215,32,56,56,184,184,208,128,14,29,0,0,41,56,56,56,91,91,91,115,115,115],"floor_reached":51,"playtime":3839,"items_purged":["Strike_R","Strike_R"],"score":798,"play_id":"1fa46d34-d32c-412b-bdb9-b2e935270766","local_time":"20181103235030","is_ascension_mode":true,"campfire_choices":[{"data":"Rampage","floor":8.0,"key":"SMITH"},{"data":"Entrench","floor":13.0,"key":"SMITH"},{"floor":15.0,"key":"RECALL"},{"data":"Heavy Blade","floor":24.0,"key":"SMITH"},{"data":"Body Slam","floor":27.0,"key":"SMITH"},{"floor":32,"key":"REST"},{"data":"Limit Break","floor":40,"key":"SMITH"},{"floor":44,"key":"REST"},{"floor":49,"key":"REST"}],"neow_cost":"NONE","seed_source_timestamp":0,"circlet_count":0,"master_deck":["Strike_R","Strike_R","Defend_R+1","Defend_R","Defend_R+1","Defend_R","Bash","Shockwave","Headbutt","Cleave","Body Slam","Rampage+1","Metallicize+1","Metallicize+1","Shrug It Off","Entrench+1","Impervious","Shrug It Off","Body Slam+1","Inflame+1","Fire Breathing+1","Wild Strike+1","Metallicize+1","Heavy Blade+1","Spot Weakness+1","Demon Form+1","Discovery","Limit Break+1","True Grit+1","Clothesline+1","Bloodletting+1","Metallicize+1","Dual Wield"],"special_seed":0,"relics":["Burning Blood","War Paint","Golden Idol","Frozen Egg 2","Vajra","Thread and Needle","The Courier","Orrery","Oddly Smooth Stone","Bronze Scales","Anchor","Velvet Choker","Art of War","Red Mask","Juzu Bracelet","Dream Catcher","Pantograph"],"potions_floor_usage":[33,41,41,48,50],"damage_taken":[{"damage":2.0,"enemies":"2 Louse","floor":1.0,"turns":4.0},{"damage":0.0,"enemies":"Jaw Worm","floor":2.0,"turns":4.0},{"damage":12.0,"enemies":"3 Sentries","floor":6.0,"turns":5.0},{"damage":0.0,"enemies":"Cultist","floor":7.0,"turns":3.0},{"damage":10.0,"enemies":"Gremlin Nob","floor":10.0,"turns":3.0},{"damage":3.0,"enemies":"Lagavulin","floor":12.0,"turns":7.0},{"damage":0.0,"enemies":"2 Fungi Beasts","floor":14.0,"turns":3.0},{"damage":16.0,"enemies":"Slime Boss","floor":16.0,"turns":13.0},{"damage":5.0,"enemies":"Shell Parasite","floor":18.0,"turns":9.0},{"damage":2.0,"enemies":"Chosen","floor":20.0,"turns":7.0},{"damage":11.0,"enemies":"Snake Plant","floor":21.0,"turns":6.0},{"damage":32.0,"enemies":"Gremlin Leader","floor":23.0,"turns":6.0},{"damage":7.0,"enemies":"Book of Stabbing","floor":25.0,"turns":7.0},{"damage":6.0,"enemies":"Centurion and Healer","floor":28.0,"turns":7.0},{"damage":4.0,"enemies":"Snecko","floor":31.0,"turns":6.0},{"damage":65,"enemies":"Collector","floor":33,"turns":9},{"damage":3,"enemies":"Orb Walker","floor":35,"turns":4},{"damage":2,"enemies":"3 Darklings","floor":38,"turns":5},{"damage":35,"enemies":"Reptomancer","floor":41,"turns":6},{"damage":9,"enemies":"Maw","floor":42,"turns":8},{"damage":39,"enemies":"Giant Head","floor":45,"turns":9},{"damage":7,"enemies":"Jaw Worm Horde","floor":48,"turns":4},{"damage":73,"enemies":"Awakened One","floor":50,"turns":9}],"seed_played":"5789446350793801530","potions_obtained":[{"floor":10.0,"key":"FearPotion"},{"floor":12.0,"key":"Ancient Potion"},{"floor":14.0,"key":"Fire Potion"},{"floor":16.0,"key":"BloodPotion"},{"floor":21.0,"key":"Fire Potion"},{"floor":23.0,"key":"BloodPotion"},{"floor":35,"key":"GamblersBrew"},{"floor":38,"key":"FearPotion"},{"floor":45,"key":"Poison Potion"},{"floor":48,"key":"PowerPotion"}],"is_trial":false,"path_per_floor":["M","M","?","$","?","E","M","R","T","E","$","E","R","M","R","B",null,"M","$","M","M","?","E","R","E","T","R","M","?","$","M","R","B",null,"M","$","$","M","?","R","E","M","T","R","E","?","?","M","R","B",null],"character_chosen":"IRONCLAD","items_purchased":["Cleave","Metallicize+1","Shrug It Off","Oddly Smooth Stone","Strength Potion","Demon Form+1","Discovery","Art of War"],"campfire_rested":3,"item_purchase_floors":[4,11,11,19,19,30,30,37],"current_hp_per_floor":[80,80,80,80,60,54,60,60,60,56,56,59,59,65,65,55,80,80,80,80,75,75,49,49,48,48,48,56,56,56,58,80,27,80,80,80,80,80,80,80,51,48,48,72,39,39,39,38,62,13],"gold":115,"neow_bonus":"RANDOM_COMMON_RELIC","is_prod":false,"is_daily":false,"chose_seed":false,"campfire_upgraded":5,"win_rate":0,"timestamp":1541285430,"path_taken":["M","M","?","$","?","E","M","R","T","E","$","E","R","M","R","BOSS","M","$","M","M","?","E","R","E","T","R","M","?","$","?","R","BOSS","M","?","$","M","?","R","E","M","T","R","E","?","?","M","R","BOSS"],"build_version":"2018-11-02","purchased_purges":2,"victory":true,"max_hp_per_floor":[80,80,80,80,80,80,80,80,80,80,80,80,80,80,80,80,80,80,80,80,80,80,80,80,80,80,80,80,80,80,80,80,80,80,80,80,80,80,80,80,80,80,80,80,80,80,80,80,80,80],"card_choices":[{"not_picked":["Twin Strike","Rupture"],"picked":"Shockwave","floor":1.0},{"not_picked":["Reckless Charge","Clothesline"],"picked":"Headbutt","floor":2.0},{"not_picked":["Iron Wave","Heavy Blade"],"picked":"Body Slam","floor":6.0},{"not_picked":["True Grit","Sentinel"],"picked":"Rampage","floor":7.0},{"not_picked":["Clothesline","Immolate"],"picked":"Metallicize+1","floor":10.0},{"not_picked":["Metallicize+1","Twin Strike"],"picked":"Entrench","floor":12.0},{"not_picked":["Clothesline","Perfected Strike","Heavy Blade"],"picked":"SKIP","floor":14.0},{"not_picked":["Double Tap","Berserk+1"],"picked":"Impervious","floor":16.0},{"not_picked":["Warcry","Wild Strike"],"picked":"Shrug It Off","floor":17.0},{"not_picked":["Burning Pact","Headbutt"],"picked":"Body Slam","floor":17.0},{"not_picked":["True Grit","Shrug It Off"],"picked":"Inflame+1","floor":17.0},{"not_picked":["Perfected Strike","Twin Strike"],"picked":"Fire Breathing+1","floor":17.0},{"not_picked":["Flex","Second Wind"],"picked":"Wild Strike+1","floor":18.0},{"not_picked":["Hemokinesis","Havoc","Perfected Strike+1"],"picked":"SKIP","floor":20.0},{"not_picked":["Iron Wave+1","Dropkick"],"picked":"Metallicize+1","floor":21.0},{"not_picked":["Flex","Brutality+1"],"picked":"Heavy Blade","floor":23.0},{"not_picked":["Anger+1","Heavy Blade+1"],"picked":"Spot Weakness+1","floor":25.0},{"not_picked":["Twin Strike+1","Heavy Blade","Disarm"],"picked":"SKIP","floor":28.0},{"not_picked":["Clothesline","Bloodletting+1","Sword Boomerang"],"picked":"SKIP","floor":31.0},{"not_picked":["Offering","Bludgeon"],"picked":"Limit Break","floor":33},{"not_picked":["Perfected Strike+1","Rage","Headbutt"],"picked":"SKIP","floor":35},{"not_picked":["Clothesline+1","Headbutt"],"picked":"True Grit+1","floor":38},{"not_picked":["Twin Strike+1","Power Through"],"picked":"Clothesline+1","floor":41},{"not_picked":["Bludgeon","Pommel Strike"],"picked":"Bloodletting+1","floor":42},{"not_picked":["Sentinel","Sword Boomerang+1"],"picked":"Metallicize+1","floor":45},{"not_picked":["Sever Soul","Anger+1"],"picked":"Dual Wield","floor":48}],"player_experience":204011,"relics_obtained":[{"floor":6.0,"key":"Frozen Egg 2"},{"floor":9.0,"key":"Vajra"},{"floor":10.0,"key":"Thread and Needle"},{"floor":12.0,"key":"The Courier"},{"floor":23.0,"key":"Bronze Scales"},{"floor":25.0,"key":"Anchor"},{"floor":41,"key":"Juzu Bracelet"},{"floor":43,"key":"Dream Catcher"},{"floor":45,"key":"Pantograph"}],"event_choices":[{"cards_removed":["Strike_R"],"damage_healed":0.0,"max_hp_gain":0.0,"max_hp_loss":0.0,"gold_gain":0.0,"event_name":"The Cleric","player_choice":"Card Removal","floor":3.0,"gold_loss":50.0,"damage_taken":0.0},{"damage_healed":0.0,"max_hp_gain":0.0,"max_hp_loss":0.0,"gold_gain":0.0,"event_name":"Golden Idol","player_choice":"Take Damage","floor":5.0,"gold_loss":0.0,"damage_taken":20.0,"relics_obtained":["Golden Idol"]},{"damage_healed":0.0,"max_hp_gain":0.0,"max_hp_loss":0.0,"gold_gain":0.0,"event_name":"Vampires","player_choice":"Ignored","floor":22.0,"gold_loss":0.0,"damage_taken":0.0},{"damage_healed":0.0,"max_hp_gain":0.0,"max_hp_loss":0.0,"gold_gain":0.0,"event_name":"Cursed Tome","player_choice":"Ignored","floor":29.0,"gold_loss":0.0,"damage_taken":0.0},{"damage_healed":0,"gold_gain":0,"player_choice":"Paid","damage_taken":0,"relics_obtained":["Red Mask"],"max_hp_gain":0,"max_hp_loss":0,"event_name":"Tomb of Lord Red Mask","floor":39,"gold_loss":29},{"damage_healed":0,"gold_gain":0,"player_choice":"Memory 1","damage_taken":0,"max_hp_gain":0,"max_hp_loss":0,"event_name":"SensoryStone","floor":46,"gold_loss":0},{"damage_healed":0,"gold_gain":0,"player_choice":"Ignored","damage_taken":0,"max_hp_gain":0,"max_hp_loss":0,"event_name":"The Moai Head","floor":47,"gold_loss":0}],"is_beta":true,"boss_relics":[{"not_picked":["Busted Crown","Runic Pyramid"],"picked":"Orrery"},{"not_picked":["Fusion Hammer","Astrolabe"],"picked":"Velvet Choker"}],"items_purged_floors":[19,36],"is_endless":false,"potions_floor_spawned":[10,12,14,16,21,23,35,38,45,48],"ascension_level":1}