{"gold_per_floor":[114,114,114,125,143,143,162,181,230,37,51,51,51],"floor_reached":13,"playtime":439,"items_purged":[],"score":135,"play_id":"6edea972-d755-427b-992f-bd0257bc947e","local_time":"20190121030423","is_ascension_mode":true,"campfire_choices":[{"data":"Cleave","floor":6,"key":"SMITH"}],"neow_cost":"NONE","seed_source_timestamp":10339096705600,"circlet_count":0,"master_deck":["AscendersBane","Strike_R","Strike_R","Strike_R","Strike_R","Strike_R","Defend_R","Defend_R","Defend_R","Defend_R","Bash","Regret","Warcry","Cleave+1","Clothesline","Power Through"],"relics":["Burning Blood","Darkstone Periapt","Potion Belt","Regal Pillow"],"potions_floor_usage":[7,8,11,13],"damage_taken":[{"damage":4,"enemies":"2 Louse","floor":1,"turns":3},{"damage":11,"enemies":"Small Slimes","floor":4,"turns":5},{"damage":11,"enemies":"Jaw Worm","floor":5,"turns":5},{"damage":56,"enemies":"Exordium Thugs","floor":7,"turns":6},{"damage":13,"enemies":"Exordium Wildlife","floor":8,"turns":4},{"damage":10,"enemies":"Red Slaver","floor":11,"turns":2},{"damage":12,"enemies":"3 Sentries","floor":13,"turns":5}],"seed_played":"-948267676196351184","potions_obtained":[{"floor":1,"key":"FearPotion"},{"floor":5,"key":"SpeedPotion"},{"floor":11,"key":"SkillPotion"}],"is_trial":false,"path_per_floor":["M","?","?","M","M","R","M","M","T","$","M","?","E"],"character_chosen":"IRONCLAD","items_purchased":["Regal Pillow","Energy Potion"],"campfire_rested":0,"item_purchase_floors":[10,10],"current_hp_per_floor":[77,77,83,78,73,73,23,16,16,16,12,12,0],"gold":51,"neow_bonus":"TEN_PERCENT_HP_BONUS","is_prod":false,"is_daily":false,"chose_seed":false,"campfire_upgraded":1,"win_rate":0,"timestamp":1548057863,"path_taken":["M","?","?","M","M","R","M","M","T","$","M","?","E"],"build_version":"2019-01-17v2","purchased_purges":0,"victory":false,"max_hp_per_floor":[82,82,88,88,88,88,88,88,88,88,88,88,88],"card_choices":[{"not_picked":["Hemokinesis","Wild Strike","Perfected Strike"],"picked":"SKIP","floor":1},{"not_picked":["Ghostly Armor","Pommel Strike"],"picked":"Warcry","floor":4},{"not_picked":["Metallicize","Wild Strike"],"picked":"Cleave","floor":5},{"not_picked":["Warcry","Wild Strike"],"picked":"Clothesline","floor":7},{"not_picked":["Havoc","Searing Blow","Sever Soul"],"picked":"SKIP","floor":8},{"not_picked":["Body Slam","Twin Strike"],"picked":"Power Through","floor":11}],"player_experience":1814816,"relics_obtained":[{"floor":9,"key":"Potion Belt"}],"event_choices":[{"damage_healed":0,"gold_gain":0,"player_choice":"Ignored","damage_taken":0,"max_hp_gain":0,"max_hp_loss":0,"event_name":"Golden Idol","floor":2,"gold_loss":0},{"damage_healed":0,"gold_gain":0,"player_choice":"Box","damage_taken":0,"relics_obtained":["Darkstone Periapt"],"max_hp_gain":0,"max_hp_loss":0,"event_name":"Big Fish","floor":3,"gold_loss":0,"cards_obtained":["Regret"]},{"damage_healed":0,"gold_gain":0,"player_choice":"Ignored","damage_taken":0,"max_hp_gain":0,"max_hp_loss":0,"event_name":"Shining Light","floor":12,"gold_loss":0}],"is_beta":false,"boss_relics":[],"items_purged_floors":[],"is_endless":false,"potions_floor_spawned":[1,5,11],"killed_by":"3 Sentries","ascension_level":15}