{"gold_per_floor":[117,129,24,41,41,41,61,61,61,77,105,118,145,145,145,222,222,234,253,353,364,384,384,417,417],"floor_reached":25,"playtime":1266,"items_purged":[],"score":359,"play_id":"db5efea5-08ab-4422-a247-42000d79c4f4","local_time":"20190430193026","is_ascension_mode":true,"campfire_choices":[{"floor":6,"key":"REST"},{"data":"Leap","floor":8,"key":"SMITH"},{"floor":15,"key":"REST"},{"floor":23,"key":"REST"}],"neow_cost":"PERCENT_DAMAGE","seed_source_timestamp":796008670096415,"circlet_count":0,"master_deck":["AscendersBane","Strike_B","Strike_B","Strike_B","Strike_B","Defend_B","Defend_B","Defend_B","Defend_B","Zap+1","Dualcast","Hyperbeam+1","Hologram+1","FTL","Capacitor","Gash","Leap+1","Sweeping Beam","Chill","Gash+1","Echo Form","Coolheaded","Steam","Genetic Algorithm","Beam Cell+1"],"relics":["Cracked Core","Molten Egg 2","Blue Candle","Boot","Busted Crown","Dead Branch","Ornamental Fan","Red Mask"],"potions_floor_usage":[16,20,20,21,25],"damage_taken":[{"damage":0,"enemies":"2 Louse","floor":1,"turns":2},{"damage":2,"enemies":"Jaw Worm","floor":2,"turns":2},{"damage":15,"enemies":"Small Slimes","floor":4,"turns":3},{"damage":1,"enemies":"Looter","floor":7,"turns":2},{"damage":0,"enemies":"Large Slime","floor":10,"turns":3},{"damage":5,"enemies":"3 Sentries","floor":11,"turns":3},{"damage":3,"enemies":"3 Louse","floor":12,"turns":3},{"damage":31,"enemies":"The Guardian","floor":16,"turns":14},{"damage":16,"enemies":"2 Thieves","floor":18,"turns":3},{"damage":10,"enemies":"Shell Parasite","floor":19,"turns":6},{"damage":15,"enemies":"Colosseum Slavers","floor":20,"turns":4},{"damage":17,"enemies":"Colosseum Nobs","floor":20,"turns":3},{"damage":14,"enemies":"Snake Plant","floor":21,"turns":5},{"damage":0,"enemies":"3 Cultists","floor":22,"turns":2},{"damage":1,"enemies":"Masked Bandits","floor":24,"turns":2},{"damage":28,"enemies":"Book of Stabbing","floor":25,"turns":4}],"seed_played":"3487290742686734455","potions_obtained":[{"floor":2,"key":"Regen Potion"},{"floor":10,"key":"Swift Potion"},{"floor":16,"key":"Regen Potion"},{"floor":20,"key":"SkillPotion"},{"floor":22,"key":"Poison Potion"}],"is_trial":false,"path_per_floor":["M","M","$","M","?","R","M","R","T","M","E","M","T","?","R","B",null,"M","M","?","M","M","R","?","E"],"character_chosen":"DEFECT","items_purchased":["Capacitor","Gash"],"campfire_rested":3,"item_purchase_floors":[3,3],"current_hp_per_floor":[46,44,44,29,29,50,49,49,49,49,44,41,41,20,41,10,56,40,30,17,3,3,24,23,0],"gold":417,"neow_bonus":"THREE_RARE_CARDS","is_prod":false,"is_daily":false,"chose_seed":false,"campfire_upgraded":1,"win_rate":0,"timestamp":1556645426,"path_taken":["M","M","$","M","?","R","M","R","T","M","E","M","?","?","R","BOSS","M","M","?","M","M","R","?","E"],"build_version":"2019-04-23","purchased_purges":0,"victory":false,"max_hp_per_floor":[71,71,71,71,71,71,71,71,71,71,71,71,71,71,71,71,71,71,71,71,71,71,71,71,71],"card_choices":[{"not_picked":["Multi-Cast","Buffer"],"picked":"Hyperbeam","floor":0},{"not_picked":["Steam","Sweeping Beam"],"picked":"Hologram","floor":1},{"not_picked":["Recycle","Rebound"],"picked":"FTL","floor":2},{"not_picked":["Double Energy","Redo"],"picked":"Leap","floor":4},{"not_picked":["Blizzard","Storm"],"picked":"Sweeping Beam","floor":7},{"not_picked":["Aggregate","Lockon+1"],"picked":"Chill","floor":10},{"not_picked":["Steam","Chill"],"picked":"Gash+1","floor":11},{"not_picked":["Aggregate","Sunder+1","Rebound+1"],"picked":"SKIP","floor":12},{"not_picked":["Biased Cognition","Meteor Strike+1"],"picked":"Echo Form","floor":16},{"not_picked":[],"picked":"Coolheaded","floor":18},{"not_picked":[],"picked":"Steam","floor":19},{"not_picked":["Steam Power"],"picked":"SKIP","floor":21},{"not_picked":[],"picked":"Genetic Algorithm","floor":22},{"not_picked":[],"picked":"Beam Cell+1","floor":24}],"player_experience":1369760,"relics_obtained":[{"floor":9,"key":"Molten Egg 2"},{"floor":11,"key":"Blue Candle"},{"floor":13,"key":"Boot"},{"floor":20,"key":"Dead Branch"},{"floor":20,"key":"Ornamental Fan"},{"floor":24,"key":"Red Mask"}],"event_choices":[{"damage_healed":0,"gold_gain":0,"player_choice":"Grow","damage_taken":0,"max_hp_gain":0,"max_hp_loss":0,"event_name":"Living Wall","floor":5,"gold_loss":0,"cards_upgraded":["Hyperbeam"]},{"damage_healed":0,"gold_gain":0,"player_choice":"Entered Light","damage_taken":21,"max_hp_gain":0,"max_hp_loss":0,"event_name":"Shining Light","floor":14,"gold_loss":0,"cards_upgraded":["Zap","Hologram"]},{"damage_healed":0,"gold_gain":0,"player_choice":"Fight","damage_taken":0,"max_hp_gain":0,"max_hp_loss":0,"event_name":"Colosseum","floor":20,"gold_loss":0},{"damage_healed":0,"gold_gain":0,"player_choice":"Fought Nobs","damage_taken":0,"max_hp_gain":0,"max_hp_loss":0,"event_name":"Colosseum","floor":20,"gold_loss":0},{"damage_healed":0,"gold_gain":0,"player_choice":"Fought Bandits","damage_taken":0,"max_hp_gain":0,"max_hp_loss":0,"event_name":"Masked Bandits","floor":24,"gold_loss":0}],"is_beta":true,"boss_relics":[{"not_picked":["Coffee Dripper","Calling Bell"],"picked":"Busted Crown"}],"items_purged_floors":[],"is_endless":false,"potions_floor_spawned":[2,10,16,20,20,22],"killed_by":"Book of Stabbing","ascension_level":15}