{"gold_per_floor":[118,118,43,43,60,85,101,101,101,112,112,112,131,3,3,80,80,92,92,106,117,131,131,143,143,143,143],"floor_reached":27,"playtime":965,"items_purged":[],"score":456,"play_id":"5d536869-dbfd-46bf-b238-00fb640d2b85","local_time":"20190506131236","is_ascension_mode":true,"campfire_choices":[{"data":"Reinforced Body","floor":8,"key":"SMITH"},{"data":"Hologram","floor":11,"key":"SMITH"},{"data":"Defragment","floor":15,"key":"SMITH"},{"floor":23,"key":"REST"},{"floor":25,"key":"REST"}],"neow_cost":"NONE","seed_source_timestamp":1292039927014731,"circlet_count":0,"master_deck":["AscendersBane","Strike_B+1","Defend_B","Defend_B+1","Defend_B","Defend_B","Zap","Dualcast","Reinforced Body+1","Sweeping Beam","Genetic Algorithm","Hologram+1","Ball Lightning","Go for the Eyes","Self Repair","Defragment+1","Conserve Battery","Electrodynamics","Stack+1","Double Energy","Recycle","Doom and Gloom","Compile Driver"],"relics":["Cracked Core","NeowsBlessing","Pantograph","Gremlin Horn","White Beast Statue"],"potions_floor_usage":[16,18,24,27],"damage_taken":[{"damage":0,"enemies":"Small Slimes","floor":1,"turns":1},{"damage":0,"enemies":"Cultist","floor":5,"turns":1},{"damage":0,"enemies":"Gremlin Nob","floor":6,"turns":1},{"damage":0,"enemies":"2 Louse","floor":7,"turns":2},{"damage":0,"enemies":"Lots of Slimes","floor":10,"turns":1},{"damage":8,"enemies":"Looter","floor":13,"turns":3},{"damage":50,"enemies":"Slime Boss","floor":16,"turns":10},{"damage":14,"enemies":"Chosen","floor":18,"turns":5},{"damage":12,"enemies":"Shell Parasite","floor":20,"turns":11},{"damage":9,"enemies":"Centurion and Healer","floor":21,"turns":9},{"damage":33,"enemies":"Sentry and Sphere","floor":22,"turns":6},{"damage":30,"enemies":"Snecko","floor":24,"turns":7},{"damage":38,"enemies":"Book of Stabbing","floor":27,"turns":4}],"seed_played":"-4111960876605973144","potions_obtained":[{"floor":7,"key":"Swift Potion"},{"floor":10,"key":"Weak Potion"},{"floor":16,"key":"SteroidPotion"},{"floor":18,"key":"FocusPotion"},{"floor":20,"key":"EssenceOfSteel"},{"floor":22,"key":"Weak Potion"},{"floor":24,"key":"Ancient Potion"}],"is_trial":false,"path_per_floor":["M","?","?","$","M","E","M","R","T","M","R","?","M","$","R","B",null,"M","?","M","M","M","R","M","R","T","E"],"character_chosen":"DEFECT","items_purchased":["Defragment","Conserve Battery"],"campfire_rested":2,"item_purchase_floors":[14,14],"current_hp_per_floor":[64,43,43,43,43,43,43,43,43,43,43,43,35,35,35,17,58,51,51,46,44,18,39,16,37,37,0],"gold":143,"neow_bonus":"THREE_ENEMY_KILL","is_prod":false,"is_daily":false,"chose_seed":false,"campfire_upgraded":3,"win_rate":0,"timestamp":1557141156,"path_taken":["M","?","?","$","M","E","M","R","T","M","R","?","?","?","R","BOSS","M","?","M","M","M","R","?","R","T","E"],"build_version":"2019-04-23","purchased_purges":0,"victory":false,"max_hp_per_floor":[71,71,71,71,71,71,71,71,71,71,71,71,71,71,71,71,71,71,71,71,71,71,71,71,71,71,71],"card_choices":[{"not_picked":["Leap","Turbo"],"picked":"Reinforced Body","floor":1},{"not_picked":["Auto Shields","Streamline"],"picked":"Sweeping Beam","floor":5},{"not_picked":["Sweeping Beam","Coolheaded"],"picked":"Genetic Algorithm","floor":6},{"not_picked":["Lockon","Force Field"],"picked":"Hologram","floor":7},{"not_picked":["Sweeping Beam","Hello World"],"picked":"Ball Lightning","floor":10},{"not_picked":["Beam Cell","Genetic Algorithm"],"picked":"Self Repair","floor":13},{"not_picked":["Buffer","Creative AI"],"picked":"Electrodynamics","floor":16},{"not_picked":["Skim+1","Rebound"],"picked":"Stack+1","floor":18},{"not_picked":["Redo","Turbo"],"picked":"Double Energy","floor":20},{"not_picked":["Redo","Conserve Battery"],"picked":"Recycle","floor":21},{"not_picked":["Defragment","Compile Driver"],"picked":"Doom and Gloom","floor":22},{"not_picked":["Lockon","Streamline"],"picked":"Compile Driver","floor":24}],"player_experience":1539336,"relics_obtained":[{"floor":6,"key":"Pantograph"},{"floor":9,"key":"Gremlin Horn"}],"event_choices":[{"damage_healed":0,"gold_gain":0,"player_choice":"Entered Light","damage_taken":21,"max_hp_gain":0,"max_hp_loss":0,"event_name":"Shining Light","floor":2,"gold_loss":0,"cards_upgraded":["Defend_B","Strike_B"]},{"cards_removed":["Strike_B"],"damage_healed":0,"gold_gain":0,"player_choice":"Card Removal","damage_taken":0,"max_hp_gain":0,"max_hp_loss":0,"event_name":"The Cleric","floor":3,"gold_loss":75},{"damage_healed":0,"gold_gain":0,"cards_transformed":["Strike_B"],"player_choice":"Transformed","damage_taken":0,"max_hp_gain":0,"max_hp_loss":0,"event_name":"Transmorgrifier","floor":12,"gold_loss":0,"cards_obtained":["Go for the Eyes"]},{"cards_removed":["Strike_B"],"damage_healed":0,"gold_gain":0,"player_choice":"Purged","damage_taken":0,"max_hp_gain":0,"max_hp_loss":0,"event_name":"Purifier","floor":19,"gold_loss":0}],"is_beta":true,"boss_relics":[{"not_picked":["Calling Bell","Runic Dome"],"picked":"White Beast Statue"}],"items_purged_floors":[],"is_endless":false,"potions_floor_spawned":[7,10,13,16,18,20,21,22,24],"killed_by":"Book of Stabbing","ascension_level":18}