{"gold_per_floor":[109,34,34,51,67,67,79,79,147,181,196,213,213,233,233,307,307,327,357,307,320,203,203,222,255,300,42,42],"floor_reached":28,"playtime":1483,"items_purged":["Strike_B"],"score":444,"play_id":"97d9e03c-ec57-4e87-94a9-af8d7326bb6a","local_time":"20190503120834","is_ascension_mode":true,"campfire_choices":[{"data":"Coolheaded","floor":6,"key":"SMITH"},{"data":"Sunder","floor":13,"key":"SMITH"},{"data":"Glacier","floor":15,"key":"SMITH"},{"floor":23,"key":"REST"}],"neow_cost":"NONE","seed_source_timestamp":1028480078834715,"circlet_count":0,"master_deck":["AscendersBane","Strike_B","Defend_B","Defend_B","Defend_B","Defend_B","Zap","Dualcast","Dramatic Entrance","Ball Lightning","Leap+1","Hologram","Coolheaded+1","Glacier+1","BootSequence","Sunder+1","Conserve Battery","Machine Learning","Conserve Battery+1","Conserve Battery","Compile Driver+1","Capacitor","Hologram","FTL","Creative AI"],"relics":["Cracked Core","Bottled Lightning","PreservedInsect","Runic Pyramid","Red Mask","Shuriken","Dream Catcher"],"potions_floor_usage":[10,16,19,19,28],"damage_taken":[{"damage":3,"enemies":"Small Slimes","floor":1,"turns":2},{"damage":0,"enemies":"2 Louse","floor":4,"turns":2},{"damage":0,"enemies":"Cultist","floor":5,"turns":2},{"damage":0,"enemies":"Exordium Wildlife","floor":7,"turns":2},{"damage":4,"enemies":"3 Sentries","floor":10,"turns":10},{"damage":0,"enemies":"Large Slime","floor":11,"turns":6},{"damage":1,"enemies":"3 Louse","floor":12,"turns":3},{"damage":0,"enemies":"Gremlin Gang","floor":14,"turns":3},{"damage":61,"enemies":"Slime Boss","floor":16,"turns":16},{"damage":0,"enemies":"Chosen","floor":18,"turns":5},{"damage":33,"enemies":"Masked Bandits","floor":19,"turns":5},{"damage":8,"enemies":"3 Byrds","floor":21,"turns":6},{"damage":7,"enemies":"3 Cultists","floor":24,"turns":6},{"damage":15,"enemies":"Book of Stabbing","floor":25,"turns":7},{"damage":30,"enemies":"Gremlin Leader","floor":28,"turns":5}],"seed_played":"-8885124708822095870","potions_obtained":[{"floor":1,"key":"Fruit Juice"},{"floor":7,"key":"Weak Potion"},{"floor":11,"key":"SteroidPotion"},{"floor":16,"key":"Block Potion"},{"floor":25,"key":"Block Potion"}],"is_trial":false,"path_per_floor":["M","?","?","M","M","R","M","?","T","E","M","M","R","M","R","B",null,"M","?","?","M","$","R","M","E","T","$","E"],"character_chosen":"DEFECT","items_purchased":["Capacitor","FTL","Creative AI"],"campfire_rested":1,"item_purchase_floors":[22,27,27],"current_hp_per_floor":[61,61,61,61,61,61,61,66,66,67,67,66,66,66,66,5,62,62,29,29,21,21,45,38,23,23,23,0],"gold":42,"neow_bonus":"RANDOM_COLORLESS","is_prod":false,"is_daily":false,"chose_seed":false,"campfire_upgraded":3,"win_rate":0,"timestamp":1556878114,"path_taken":["M","?","?","M","M","R","?","?","T","E","M","M","R","M","R","BOSS","M","?","?","M","$","R","M","E","T","$","E"],"build_version":"2019-04-23","purchased_purges":1,"victory":false,"max_hp_per_floor":[71,71,71,71,71,71,71,76,76,81,81,81,81,81,81,81,81,81,81,81,81,81,81,81,81,81,81,81],"card_choices":[{"not_picked":["Sweeping Beam","Tempest"],"picked":"Ball Lightning","floor":1},{"not_picked":["Steam Power","Barrage"],"picked":"Hologram","floor":4},{"not_picked":["Loop","Blizzard"],"picked":"Coolheaded","floor":5},{"not_picked":["Redo","Streamline"],"picked":"Glacier","floor":7},{"not_picked":["Hologram","Coolheaded"],"picked":"BootSequence","floor":10},{"not_picked":["Cold Snap","Rebound"],"picked":"Sunder","floor":11},{"not_picked":["BootSequence","Compile Driver"],"picked":"Conserve Battery","floor":12},{"not_picked":["Rip and Tear","Cold Snap","Skim"],"picked":"SKIP","floor":14},{"not_picked":["Amplify","Meteor Strike"],"picked":"Machine Learning","floor":16},{"not_picked":["Redo","Gash+1"],"picked":"Conserve Battery","floor":18},{"not_picked":["Sunder","Skim"],"picked":"Conserve Battery","floor":19},{"not_picked":["Thunder Strike","Beam Cell"],"picked":"Compile Driver+1","floor":21},{"not_picked":["Redo","Leap"],"picked":"Hologram","floor":24},{"not_picked":["Meteor Strike","Leap","Streamline"],"picked":"SKIP","floor":25}],"player_experience":1448468,"relics_obtained":[{"floor":9,"key":"Bottled Lightning"},{"floor":10,"key":"PreservedInsect"},{"floor":19,"key":"Red Mask"},{"floor":25,"key":"Shuriken"},{"floor":26,"key":"Dream Catcher"}],"event_choices":[{"cards_removed":["Strike_B"],"damage_healed":0,"gold_gain":0,"player_choice":"Card Removal","damage_taken":0,"max_hp_gain":0,"max_hp_loss":0,"event_name":"The Cleric","floor":2,"gold_loss":75},{"damage_healed":0,"gold_gain":0,"cards_transformed":["Strike_B"],"player_choice":"Transformed","damage_taken":0,"max_hp_gain":0,"max_hp_loss":0,"event_name":"Transmorgrifier","floor":3,"gold_loss":0,"cards_obtained":["Leap"]},{"damage_healed":0,"gold_gain":0,"player_choice":"Donut","damage_taken":0,"max_hp_gain":5,"max_hp_loss":0,"event_name":"Big Fish","floor":8,"gold_loss":0},{"damage_healed":0,"gold_gain":0,"player_choice":"Fought Bandits","damage_taken":0,"max_hp_gain":0,"max_hp_loss":0,"event_name":"Masked Bandits","floor":19,"gold_loss":0},{"damage_healed":0,"gold_gain":0,"player_choice":"Upgraded Two","damage_taken":0,"max_hp_gain":0,"max_hp_loss":0,"event_name":"Designer","floor":20,"gold_loss":50,"cards_upgraded":["Leap","Conserve Battery"]}],"is_beta":true,"boss_relics":[{"not_picked":["Eternal Feather","Astrolabe"],"picked":"Runic Pyramid"}],"items_purged_floors":[22],"is_endless":false,"potions_floor_spawned":[1,7,11,16,18,25],"killed_by":"Gremlin Leader","ascension_level":17}