{"gold_per_floor":[118,138,158,158,172,172,191,205,231,231,257,273,287,307,307,402,402,421,421,421,439,452,452,205,120,120,135,135,193,205,219,219,219],"floor_reached":33,"playtime":1620,"items_purged":["Defend_B"],"score":410,"play_id":"6a82a450-5a85-4714-8fb7-02f7e2f1a022","local_time":"20190425181842","is_ascension_mode":true,"campfire_choices":[{"data":"Sweeping Beam","floor":6,"key":"SMITH"},{"data":"Conserve Battery","floor":10,"key":"SMITH"},{"floor":15,"key":"REST"},{"data":"Hologram","floor":23,"key":"SMITH"},{"data":"Go for the Eyes","floor":28,"key":"SMITH"},{"floor":32,"key":"REST"}],"neow_cost":"TEN_PERCENT_HP_LOSS","seed_source_timestamp":359351535563919,"circlet_count":0,"master_deck":["Defend_B","Defend_B","Defend_B","Zap+1","Dualcast","Dark Shackles","Secret Technique","Sweeping Beam+1","Gash","Ball Lightning","Streamline","Conserve Battery+1","Core Surge","Gash","All For One","Go for the Eyes+1","Fusion+1","Bite","Bite","Bite","Bite","Bite","Hologram+1","Conserve Battery","Gash"],"relics":["Cracked Core","Vajra","Pen Nib","Philosopher\u0027s Stone","Anchor","Art of War","Blue Candle","Tiny Chest"],"potions_floor_usage":[8,11,16,18,18,18,30,33],"damage_taken":[{"damage":9,"enemies":"2 Louse","floor":1,"turns":2},{"damage":0,"enemies":"Cultist","floor":2,"turns":3},{"damage":0,"enemies":"Small Slimes","floor":3,"turns":3},{"damage":11,"enemies":"Blue Slaver","floor":5,"turns":3},{"damage":0,"enemies":"Exordium Thugs","floor":7,"turns":3},{"damage":1,"enemies":"Looter","floor":8,"turns":2},{"damage":16,"enemies":"Gremlin Nob","floor":11,"turns":3},{"damage":0,"enemies":"3 Louse","floor":12,"turns":3},{"damage":18,"enemies":"Gremlin Gang","floor":13,"turns":3},{"damage":0,"enemies":"Exordium Thugs","floor":14,"turns":3},{"damage":29,"enemies":"Hexaghost","floor":16,"turns":8},{"damage":16,"enemies":"3 Byrds","floor":18,"turns":3},{"damage":7,"enemies":"Spheric Guardian","floor":21,"turns":3},{"damage":8,"enemies":"Centurion and Healer","floor":22,"turns":4},{"damage":0,"enemies":"Chosen and Byrds","floor":27,"turns":4},{"damage":21,"enemies":"Book of Stabbing","floor":29,"turns":5},{"damage":26,"enemies":"Sentry and Sphere","floor":30,"turns":5},{"damage":18,"enemies":"3 Cultists","floor":31,"turns":5},{"damage":25,"enemies":"Collector","floor":33,"turns":3}],"seed_played":"2668456022869631647","potions_obtained":[{"floor":1,"key":"SpeedPotion"},{"floor":5,"key":"AttackPotion"},{"floor":8,"key":"PowerPotion"},{"floor":13,"key":"Explosive Potion"},{"floor":14,"key":"GamblersBrew"},{"floor":16,"key":"Energy Potion"},{"floor":21,"key":"FearPotion"},{"floor":27,"key":"Block Potion"},{"floor":29,"key":"SteroidPotion"},{"floor":31,"key":"Explosive Potion"}],"is_trial":false,"path_per_floor":["M","M","M","?","M","R","M","M","T","R","E","M","M","M","R","B",null,"M","?","?","M","M","R","$","?","T","M","R","E","M","M","R","B"],"character_chosen":"DEFECT","items_purchased":["Anchor","Conserve Battery"],"campfire_rested":2,"item_purchase_floors":[24,24],"current_hp_per_floor":[59,59,59,59,48,48,48,47,47,47,31,31,13,13,33,4,52,36,58,47,42,43,43,43,43,43,47,47,29,13,3,17,0],"gold":219,"neow_bonus":"RANDOM_COLORLESS_2","is_prod":false,"is_daily":false,"chose_seed":false,"campfire_upgraded":4,"win_rate":0,"timestamp":1556209122,"path_taken":["M","M","M","?","M","R","M","M","T","R","E","M","?","?","R","BOSS","M","?","?","M","M","R","$","?","T","M","R","E","M","M","R","BOSS"],"build_version":"2019-04-23","purchased_purges":1,"victory":false,"max_hp_per_floor":[68,68,68,68,68,68,68,68,68,68,68,68,68,68,68,68,68,68,68,47,47,47,47,47,47,47,47,47,47,47,47,47,47],"card_choices":[{"not_picked":["Redo","Coolheaded"],"picked":"Sweeping Beam","floor":1},{"not_picked":["Reinforced Body","Aggregate"],"picked":"Gash","floor":2},{"not_picked":["Storm","Sunder"],"picked":"Ball Lightning","floor":3},{"not_picked":["Aggregate","Ball Lightning"],"picked":"Streamline","floor":5},{"not_picked":["Force Field","Aggregate","Machine Learning"],"picked":"SKIP","floor":7},{"not_picked":["Double Energy","Turbo"],"picked":"Conserve Battery","floor":8},{"not_picked":["Recycle","Turbo"],"picked":"Core Surge","floor":11},{"not_picked":["Auto Shields","Steam"],"picked":"Gash","floor":12},{"not_picked":["Hologram","FTL"],"picked":"All For One","floor":13},{"not_picked":["Barrage","Aggregate"],"picked":"Go for the Eyes","floor":14},{"not_picked":["Tempest+1","Rebound"],"picked":"Fusion+1","floor":18},{"not_picked":["Beam Cell","Rebound"],"picked":"Hologram","floor":21},{"not_picked":["Streamline","Doom and Gloom","Hyperbeam"],"picked":"SKIP","floor":22},{"not_picked":["Loop","Barrage+1","Stack"],"picked":"SKIP","floor":27},{"not_picked":["Loop","All For One","Rebound"],"picked":"SKIP","floor":29},{"not_picked":["Self Repair","Consume"],"picked":"Gash","floor":30},{"not_picked":["Sweeping Beam","Ball Lightning","Stack"],"picked":"SKIP","floor":31}],"player_experience":1230124,"relics_obtained":[{"floor":9,"key":"Vajra"},{"floor":11,"key":"Pen Nib"},{"floor":26,"key":"Blue Candle"},{"floor":29,"key":"Tiny Chest"}],"event_choices":[{"damage_healed":0,"gold_gain":0,"player_choice":"Upgraded","damage_taken":0,"max_hp_gain":0,"max_hp_loss":0,"event_name":"Upgrade Shrine","floor":4,"gold_loss":0,"cards_upgraded":["Zap"]},{"damage_healed":22,"gold_gain":0,"player_choice":"Heal","damage_taken":0,"max_hp_gain":0,"max_hp_loss":0,"event_name":"The Library","floor":19,"gold_loss":0},{"damage_healed":0,"gold_gain":0,"player_choice":"Became a vampire","damage_taken":0,"max_hp_gain":0,"max_hp_loss":21,"event_name":"Vampires","floor":20,"gold_loss":0,"cards_obtained":["Bite","Bite","Bite","Bite","Bite"]},{"damage_healed":0,"gold_gain":0,"player_choice":"Obtained Relic","damage_taken":0,"relics_obtained":["Art of War"],"max_hp_gain":0,"max_hp_loss":0,"event_name":"Addict","floor":25,"gold_loss":85}],"is_beta":true,"boss_relics":[{"not_picked":["Empty Cage","Runic Dome"],"picked":"Philosopher\u0027s Stone"}],"items_purged_floors":[24],"is_endless":false,"potions_floor_spawned":[1,5,8,13,14,16,21,27,29,31],"killed_by":"Collector","ascension_level":8}