{"gold_per_floor":[112,123,123,137,137,137,147,172,197,122,122,122,122,141,141,215,215,215,126,126,126,126,126,126,126,126,126,126,126,126],"floor_reached":30,"playtime":1300,"items_purged":[],"score":485,"play_id":"65a60fc2-eb37-4f4c-90ff-85aa5fe2b347","local_time":"20190505222522","is_ascension_mode":true,"campfire_choices":[{"floor":6,"key":"REST"},{"data":"Conserve Battery","floor":11,"key":"SMITH"},{"data":"Zap","floor":13,"key":"SMITH"},{"data":"Coolheaded","floor":15,"key":"SMITH"},{"data":"Defragment","floor":23,"key":"SMITH"},{"floor":25,"key":"REST"}],"neow_cost":"TEN_PERCENT_HP_LOSS","seed_source_timestamp":1238471129074446,"circlet_count":0,"master_deck":["AscendersBane","Defend_B+1","Defend_B+1","Defend_B+1","Defend_B+1","Zap+1","Dualcast","Compile Driver","Aggregate+1","Sweeping Beam","Go for the Eyes+1","Coolheaded+1","Conserve Battery+1","Steam","Double Energy","Core Surge","Stack","Defragment+1","FTL","Rainbow","Genetic Algorithm"],"relics":["Cracked Core","Juzu Bracelet","Ancient Tea Set","Ectoplasm","Happy Flower"],"potions_floor_usage":[8,16,30],"damage_taken":[{"damage":9,"enemies":"2 Louse","floor":1,"turns":2},{"damage":7,"enemies":"Small Slimes","floor":2,"turns":3},{"damage":2,"enemies":"Jaw Worm","floor":4,"turns":3},{"damage":2,"enemies":"Blue Slaver","floor":7,"turns":4},{"damage":0,"enemies":"Lagavulin","floor":8,"turns":8},{"damage":0,"enemies":"Large Slime","floor":14,"turns":8},{"damage":19,"enemies":"Slime Boss","floor":16,"turns":12},{"damage":3,"enemies":"Shell Parasite","floor":18,"turns":8},{"damage":6,"enemies":"3 Byrds","floor":21,"turns":5},{"damage":27,"enemies":"Snake Plant","floor":24,"turns":5},{"damage":4,"enemies":"Snecko","floor":27,"turns":6},{"damage":0,"enemies":"Centurion and Healer","floor":28,"turns":7},{"damage":36,"enemies":"Cultist and Chosen","floor":30,"turns":5}],"seed_played":"-7778011976496562856","potions_obtained":[{"floor":1,"key":"Strength Potion"},{"floor":7,"key":"Fire Potion"},{"floor":14,"key":"PowerPotion"},{"floor":21,"key":"Explosive Potion"}],"is_trial":false,"path_per_floor":["M","M","?","M","?","R","M","E","T","?","R","$","R","M","R","B",null,"M","$","?","M","?","R","M","R","T","M","M","?","M"],"character_chosen":"DEFECT","items_purchased":["Defragment"],"campfire_rested":2,"item_purchase_floors":[19],"current_hp_per_floor":[55,48,29,27,20,39,37,37,37,37,37,37,37,37,37,18,53,50,50,33,27,41,41,14,34,34,30,30,30,0],"gold":126,"neow_bonus":"TRANSFORM_TWO_CARDS","is_prod":false,"is_daily":false,"chose_seed":false,"campfire_upgraded":4,"win_rate":0,"timestamp":1557087922,"path_taken":["M","M","?","M","?","R","M","E","T","?","R","$","R","M","R","BOSS","M","$","?","M","?","R","M","R","T","M","M","?","M"],"build_version":"2019-04-23","purchased_purges":0,"victory":false,"max_hp_per_floor":[64,64,64,64,64,64,64,64,64,64,64,64,64,64,64,64,64,64,64,69,69,69,69,69,69,69,69,69,69,69],"card_choices":[{"not_picked":["Reinforced Body","Melter"],"picked":"Sweeping Beam","floor":1},{"not_picked":["Sweeping Beam","Rip and Tear"],"picked":"Go for the Eyes","floor":2},{"not_picked":["Steam Power","Compile Driver"],"picked":"Coolheaded","floor":4},{"not_picked":["Cold Snap","Go for the Eyes"],"picked":"Conserve Battery","floor":7},{"not_picked":["Cold Snap","Sweeping Beam"],"picked":"Steam","floor":8},{"not_picked":["Sweeping Beam","Machine Learning"],"picked":"Double Energy","floor":14},{"not_picked":["All For One","Reboot"],"picked":"Core Surge","floor":16},{"not_picked":["Reprogram","Conserve Battery"],"picked":"Stack","floor":18},{"not_picked":["Coolheaded","Leap"],"picked":"FTL","floor":21},{"not_picked":["Beam Cell","Lockon"],"picked":"Rainbow","floor":24},{"not_picked":["Static Discharge+1","Go for the Eyes","Double Energy"],"picked":"SKIP","floor":27},{"not_picked":["Gash","Beam Cell"],"picked":"Genetic Algorithm","floor":28}],"player_experience":1529972,"relics_obtained":[{"floor":8,"key":"Juzu Bracelet"},{"floor":9,"key":"Ancient Tea Set"},{"floor":26,"key":"Happy Flower"}],"event_choices":[{"damage_healed":0,"gold_gain":0,"player_choice":"Entered Light","damage_taken":19,"max_hp_gain":0,"max_hp_loss":0,"event_name":"Shining Light","floor":3,"gold_loss":0,"cards_upgraded":["Go for the Eyes","Aggregate"]},{"cards_removed":["Strike_B"],"damage_healed":0,"gold_gain":0,"player_choice":"Card Removal","damage_taken":7,"max_hp_gain":0,"max_hp_loss":0,"event_name":"Golden Wing","floor":5,"gold_loss":0},{"cards_removed":["Strike_B"],"damage_healed":0,"gold_gain":0,"player_choice":"Card Removal","damage_taken":0,"max_hp_gain":0,"max_hp_loss":0,"event_name":"The Cleric","floor":10,"gold_loss":75},{"damage_healed":0,"gold_gain":0,"player_choice":"Shed Blood","damage_taken":22,"max_hp_gain":5,"max_hp_loss":0,"event_name":"Forgotten Altar","floor":20,"gold_loss":0},{"damage_healed":14,"gold_gain":0,"player_choice":"Heal","damage_taken":0,"max_hp_gain":0,"max_hp_loss":0,"event_name":"The Library","floor":22,"gold_loss":0},{"damage_healed":0,"gold_gain":0,"player_choice":"Simplicity","damage_taken":0,"max_hp_gain":0,"max_hp_loss":0,"event_name":"Back to Basics","floor":29,"gold_loss":0,"cards_upgraded":["Defend_B","Defend_B","Defend_B","Defend_B"]}],"is_beta":true,"boss_relics":[{"not_picked":["Tiny House","Velvet Choker"],"picked":"Ectoplasm"}],"items_purged_floors":[],"is_endless":false,"potions_floor_spawned":[1,7,14,21,27],"killed_by":"Cultist and Chosen","ascension_level":18}