{"path_per_floor":["M","?","$","M","M","E","R","M","T","?","$","R","E","M","R","B",null,"M","M","M","M","?","R","?","R","T","M","M","R","M","?","R","B",null,"M","?","M","?","M","R","$","?","T","$","M","R","$","?","R"],"character_chosen":"IRONCLAD","items_purchased":["Whirlwind","Lantern"],"gold_per_floor":[110,110,35,49,59,93,93,107,107,107,7,7,39,59,59,161,161,172,191,201,221,221,221,136,136,160,173,188,188,201,201,201,297,297,313,313,323,368,383,383,29,29,29,29,49,49,49,49,49],"floor_reached":50,"campfire_rested":3,"playtime":7140,"current_hp_per_floor":[39,39,39,45,39,25,25,31,31,31,31,31,38,44,44,55,64,64,62,64,64,64,64,64,64,64,61,63,63,64,64,64,13,64,64,64,56,20,11,30,30,30,30,30,15,34,34,24,43],"items_purged":["Regret","Strike_R","Strike_R"],"gold":49,"play_id":"e7dcd73a-59ab-43d4-80f0-70333cdad568","is_prod":false,"is_daily":false,"is_ascension_mode":false,"campfire_upgraded":7,"path_taken":["M","?","$","M","?","E","R","M","T","?","$","R","E","M","R","BOSS","M","?","M","M","?","R","?","R","T","M","M","R","M","?","R","BOSS","M","?","M","?","M","R","$","?","T","$","M","R","$","?","R","BOSS"],"build_version":"2018-01-25-PROD3","purchased_purges":3,"victory":false,"master_deck":["Strike_R+1","Strike_R","Defend_R","Defend_R","Defend_R","Bash+1","Clash","Metallicize","Iron Wave+1","Headbutt+1","Clash","Dual Wield+1","Armaments+1","Reaper","Flex","Dropkick","Clash+1","Offering+1","Seeing Red+1","Dual Wield+1","Heavy Blade+1","Immolate","Anger+1","Pummel+1","Whirlwind","Madness","Madness","Blood for Blood+1"],"max_hp_per_floor":[80,80,80,80,80,80,80,80,80,80,80,80,80,80,80,80,64,64,64,64,64,64,64,64,64,64,64,64,64,64,64,64,64,64,64,64,64,64,64,64,64,64,64,64,64,64,64,64,64],"relics":["Burning Blood","Torii","Pantograph","Self Forming Clay","Calipers","Whetstone","Runic Cube","Champion Belt","Bronze Scales","Philosopher\u0027s Stone","Charon\u0027s Ashes","Lantern","Dream Catcher"],"card_choices":[{"not_picked":["Warcry","Rage"],"picked":"Clash"},{"not_picked":["Spot Weakness","Sword Boomerang"],"picked":"Metallicize"},{"not_picked":["Hemokinesis","Flame Barrier"],"picked":"Iron Wave"},{"not_picked":["Havoc","Clothesline"],"picked":"Headbutt"},{"not_picked":["Inflame","Thunderclap"],"picked":"Clash"},{"not_picked":["Infernal Blade","Intimidate"],"picked":"Dual Wield"},{"not_picked":["Sword Boomerang","Uppercut"],"picked":"Armaments"},{"not_picked":["Fiend Fire","Demon Form"],"picked":"Reaper"},{"not_picked":["Sword Boomerang","Body Slam"],"picked":"Flex"},{"not_picked":["Headbutt","Shrug It Off"],"picked":"Dropkick"},{"not_picked":["Wild Strike","Cleave"],"picked":"Clash"},{"not_picked":["Clash","Twin Strike"],"picked":"Flex"},{"not_picked":["Bloodletting","Cleave"],"picked":"Offering"},{"not_picked":["Rage","Ghostly Armor"],"picked":"Seeing Red"},{"not_picked":["Ghostly Armor","Clothesline"],"picked":"Dual Wield"},{"not_picked":["Berserk","Limit Break"],"picked":"Immolate"},{"not_picked":["Perfected Strike","Twin Strike"],"picked":"Anger"},{"not_picked":["Thunderclap","Sword Boomerang"],"picked":"Pummel"},{"not_picked":["Reckless Charge","Cleave"],"picked":"Blood for Blood"}],"player_experience":341372,"potions_floor_usage":[6,13,27,30,37,38,50,50,50],"damage_taken":[{"damage":7,"enemies":"2 Louse","floor":1,"turns":3},{"damage":0,"enemies":"Small Slimes","floor":4,"turns":3},{"damage":12,"enemies":"Blue Slaver","floor":5,"turns":4},{"damage":20,"enemies":"Lagavulin","floor":6,"turns":6},{"damage":0,"enemies":"2 Fungi Beasts","floor":8,"turns":2},{"damage":14,"enemies":"3 Sentries","floor":13,"turns":6},{"damage":0,"enemies":"Looter","floor":14,"turns":3},{"damage":20,"enemies":"The Guardian","floor":16,"turns":8},{"damage":3,"enemies":"3 Byrds","floor":18,"turns":7},{"damage":8,"enemies":"Shell Parasite","floor":19,"turns":5},{"damage":1,"enemies":"Snecko","floor":20,"turns":5},{"damage":2,"enemies":"3 Cultists","floor":21,"turns":5},{"damage":15,"enemies":"Chosen and Byrds","floor":27,"turns":7},{"damage":4,"enemies":"Sentry and Sphere","floor":28,"turns":3},{"damage":13,"enemies":"Centurion and Healer","floor":30,"turns":3},{"damage":61,"enemies":"Automaton","floor":33,"turns":8},{"damage":4,"enemies":"Orb Walker","floor":35,"turns":2},{"damage":18,"enemies":"3 Shapes","floor":37,"turns":6},{"damage":50,"enemies":"Mysterious Sphere","floor":38,"turns":5},{"damage":15,"enemies":"Maw","floor":39,"turns":6},{"damage":29,"enemies":"3 Darklings","floor":45,"turns":3},{"damage":87,"enemies":"Awakened One","floor":50,"turns":8}],"event_choices":[{"event_name":"Big Fish","player_choice":"Box","floor":2,"damage_taken":0},{"event_name":"Living Wall","player_choice":"Forget","floor":10,"damage_taken":0},{"event_name":"Back to Basics","player_choice":"Elegance","floor":22,"damage_taken":0},{"event_name":"Addict","player_choice":"Obtained Relic","floor":24,"damage_taken":0},{"event_name":"The Library","player_choice":"Read","floor":31,"damage_taken":0},{"event_name":"Upgrade Shrine","player_choice":"Upgraded","floor":36,"damage_taken":0},{"event_name":"Mysterious Sphere","player_choice":"Fight","floor":38,"damage_taken":0},{"event_name":"Winding Halls","player_choice":"Embrace Madness","floor":48,"damage_taken":0}],"boss_relics":[{"not_picked":["Snecko Eye","Orrery"],"picked":"Runic Cube"},{"not_picked":["White Beast Statue","Runic Pyramid"],"picked":"Philosopher\u0027s Stone"}],"potions_floor_spawned":[4,6,13,14,19,20,21,35,38,39,45],"seed_played":"7395284855143513212","killed_by":"Awakened One","ascension_level":0,"is_trial":false}