{"gold_per_floor":[115,115,133,133,57,88,101,112,112,127,127],"floor_reached":11,"playtime":328,"items_purged":[],"score":190,"play_id":"2ae588e0-f7c5-48f5-b7a0-2a70dccac8fe","local_time":"20190507141911","is_ascension_mode":true,"campfire_choices":[],"neow_cost":"NONE","seed_source_timestamp":1383072505458101,"circlet_count":0,"master_deck":["AscendersBane","Defend_G","Defend_G","Defend_G","Defend_G","Defend_G","Strike_G","Strike_G","Strike_G","Strike_G","Survivor","Neutralize","Dagger Spray","Deflect","Well Laid Plans","Flying Knee","Infinite Blades+1","Outmaneuver","Sucker Punch"],"relics":["Ring of the Snake","NeowsBlessing","Tough Bandages","Frozen Egg 2","The Specimen"],"potions_floor_usage":[11,11],"damage_taken":[{"damage":0,"enemies":"Small Slimes","floor":1,"turns":1},{"damage":0,"enemies":"2 Louse","floor":3,"turns":1},{"damage":0,"enemies":"Gremlin Nob","floor":6,"turns":1},{"damage":3,"enemies":"Cultist","floor":7,"turns":4},{"damage":0,"enemies":"3 Louse","floor":8,"turns":3},{"damage":9,"enemies":"Red Slaver","floor":10,"turns":5},{"damage":57,"enemies":"Lagavulin","floor":11,"turns":11}],"seed_played":"147224622419868903","potions_obtained":[{"floor":1,"key":"Poison Potion"},{"floor":6,"key":"Regen Potion"},{"floor":8,"key":"Swift Potion"}],"is_trial":false,"path_per_floor":["M","?","M","?","$","E","M","M","T","M","E"],"character_chosen":"THE_SILENT","items_purchased":["Well Laid Plans"],"campfire_rested":0,"item_purchase_floors":[5],"current_hp_per_floor":[59,52,52,52,52,52,49,49,49,40,0],"gold":127,"neow_bonus":"THREE_ENEMY_KILL","is_prod":false,"is_daily":false,"chose_seed":false,"campfire_upgraded":0,"win_rate":0,"timestamp":1557231551,"path_taken":["M","?","M","?","$","E","M","?","T","M","E"],"build_version":"2019-04-23","purchased_purges":0,"victory":false,"max_hp_per_floor":[66,66,66,66,66,66,66,66,66,66,66],"card_choices":[{"not_picked":["Distraction","Crippling Poison"],"picked":"Dagger Spray","floor":1},{"not_picked":["Outmaneuver","Deadly Poison"],"picked":"Deflect","floor":3},{"not_picked":["Acrobatics","Bane"],"picked":"Flying Knee","floor":6},{"not_picked":["Deadly Poison","Venomology"],"picked":"Infinite Blades+1","floor":7},{"not_picked":["Deflect","Prepared"],"picked":"Outmaneuver","floor":8},{"not_picked":["Deflect","Setup"],"picked":"Sucker Punch","floor":10}],"player_experience":1560048,"relics_obtained":[{"floor":6,"key":"Frozen Egg 2"},{"floor":9,"key":"The Specimen"}],"event_choices":[{"cards_removed":["Strike_G"],"damage_healed":0,"gold_gain":0,"player_choice":"Card Removal","damage_taken":7,"max_hp_gain":0,"max_hp_loss":0,"event_name":"Golden Wing","floor":2,"gold_loss":0},{"damage_healed":0,"gold_gain":0,"player_choice":"Gave Potion","damage_taken":0,"relics_obtained":["Tough Bandages"],"max_hp_gain":0,"max_hp_loss":0,"event_name":"WeMeetAgain","floor":4,"gold_loss":0}],"is_beta":true,"boss_relics":[],"items_purged_floors":[],"is_endless":false,"potions_floor_spawned":[1,6,8],"killed_by":"Lagavulin","ascension_level":18}