{"gold_per_floor":[112,112,112,13,26,54,54,65,89,108,138,138,138,151,151,224,224,238,258,258,12,12,12,32,50,50,50,25,56,56,118,118,118],"floor_reached":33,"playtime":1247,"items_purged":[],"score":604,"play_id":"99b21eba-b85c-4194-88b2-f943feaa6cac","local_time":"20190508151235","is_ascension_mode":true,"campfire_choices":[{"data":"Cloak And Dagger","floor":7,"key":"SMITH"},{"floor":12,"key":"REST"},{"data":"Deadly Poison","floor":15,"key":"SMITH"},{"data":"Noxious Fumes","floor":23,"key":"SMITH"},{"floor":27,"key":"REST"},{"floor":32,"key":"REST"}],"neow_cost":"NONE","seed_source_timestamp":1471757732741796,"circlet_count":0,"master_deck":["AscendersBane","Defend_G","Defend_G","Defend_G","Defend_G","Defend_G","Strike_G","Strike_G","Strike_G","Strike_G","Survivor","Neutralize","Cloak And Dagger+1","Well Laid Plans","Deadly Poison+1","Dodge and Roll","Predator","Acrobatics","Backflip","Cloak And Dagger","Burst","Noxious Fumes+1","Deadly Poison","Cloak And Dagger","Flying Knee","Sucker Punch+1"],"relics":["Ring of the Snake","NeowsBlessing","Bronze Scales","Nunchaku","Omamori","Boot","Letter Opener","Cursed Key","Calipers","TwistedFunnel","Ginger","Molten Egg 2","Ornamental Fan","Tiny Chest"],"potions_floor_usage":[10,19,29],"damage_taken":[{"damage":0,"enemies":"Small Slimes","floor":1,"turns":1},{"damage":0,"enemies":"Cultist","floor":5,"turns":1},{"damage":0,"enemies":"3 Sentries","floor":6,"turns":1},{"damage":0,"enemies":"Jaw Worm","floor":8,"turns":3},{"damage":6,"enemies":"Gremlin Gang","floor":10,"turns":2},{"damage":32,"enemies":"Lagavulin","floor":11,"turns":6},{"damage":1,"enemies":"Large Slime","floor":14,"turns":5},{"damage":15,"enemies":"Hexaghost","floor":16,"turns":10},{"damage":12,"enemies":"Shell Parasite","floor":18,"turns":4},{"damage":4,"enemies":"Chosen","floor":19,"turns":5},{"damage":22,"enemies":"Snake Plant","floor":24,"turns":3},{"damage":1,"enemies":"Chosen and Byrds","floor":25,"turns":4},{"damage":1,"enemies":"Gremlin Leader","floor":29,"turns":6},{"damage":26,"enemies":"Slavers","floor":31,"turns":4},{"damage":26,"enemies":"Collector","floor":33,"turns":4}],"seed_played":"-5026327753138988337","potions_obtained":[{"floor":6,"key":"SkillPotion"},{"floor":10,"key":"GhostInAJar"},{"floor":16,"key":"LiquidBronze"},{"floor":24,"key":"Poison Potion"}],"is_trial":false,"path_per_floor":["M","?","?","$","M","E","R","M","T","M","E","R","T","M","R","B",null,"M","M","?","$","T","R","M","M","T","R","$","E","T","E","R","B"],"character_chosen":"THE_SILENT","items_purchased":["Well Laid Plans","Deadly Poison","TwistedFunnel","Deadly Poison","Sucker Punch+1"],"campfire_rested":3,"item_purchase_floors":[4,4,21,21,28],"current_hp_per_floor":[59,52,52,52,52,52,52,52,52,46,14,33,33,32,32,17,54,42,38,38,38,38,38,16,15,15,34,34,33,33,7,26,0],"gold":118,"neow_bonus":"THREE_ENEMY_KILL","is_prod":false,"is_daily":false,"chose_seed":false,"campfire_upgraded":3,"win_rate":0,"timestamp":1557321155,"path_taken":["M","?","?","$","M","E","R","M","T","?","E","R","?","?","R","BOSS","M","M","?","$","?","R","M","?","T","R","$","E","?","E","R","BOSS"],"build_version":"2019-05-07","purchased_purges":0,"victory":false,"max_hp_per_floor":[66,66,66,66,66,66,66,66,66,66,66,66,66,66,66,66,66,66,66,66,66,66,66,66,66,66,66,66,66,66,66,66,66],"card_choices":[{"not_picked":["Slice","Calculated Gamble"],"picked":"Cloak And Dagger","floor":1},{"not_picked":["Calculated Gamble","Dagger Throw"],"picked":"Dodge and Roll","floor":5},{"not_picked":["Well Laid Plans","Heel Hook"],"picked":"Predator","floor":6},{"not_picked":["Deflect","Quick Slash"],"picked":"Acrobatics","floor":8},{"not_picked":["Accuracy","Bane"],"picked":"Backflip","floor":10},{"not_picked":["Skewer","Acrobatics"],"picked":"Backflip","floor":11},{"not_picked":["Acrobatics","Deadly Poison"],"picked":"Cloak And Dagger","floor":14},{"not_picked":["Wraith Form v2","Tools of the Trade"],"picked":"Burst","floor":16},{"not_picked":["Quick Slash","Backstab"],"picked":"Noxious Fumes","floor":18},{"not_picked":["Blade Dance","Dagger Throw","Skewer"],"picked":"SKIP","floor":19},{"not_picked":["Prepared","Distraction"],"picked":"Cloak And Dagger","floor":24},{"not_picked":["Predator","Die Die Die"],"picked":"Flying Knee","floor":25},{"not_picked":["Dagger Spray+1","Reflex","Dagger Throw+1"],"picked":"SKIP","floor":29},{"not_picked":["Eviscerate+1","Deadly Poison","Underhanded Strike+1"],"picked":"SKIP","floor":31}],"player_experience":1588211,"relics_obtained":[{"floor":3,"key":"Bronze Scales"},{"floor":6,"key":"Nunchaku"},{"floor":9,"key":"Omamori"},{"floor":11,"key":"Boot"},{"floor":13,"key":"Letter Opener"},{"floor":22,"key":"Ginger"},{"floor":26,"key":"Molten Egg 2"},{"floor":29,"key":"Ornamental Fan"},{"floor":31,"key":"Tiny Chest"}],"event_choices":[{"cards_removed":["Strike_G"],"damage_healed":0,"gold_gain":0,"player_choice":"Card Removal","damage_taken":7,"max_hp_gain":0,"max_hp_loss":0,"event_name":"Golden Wing","floor":2,"gold_loss":0},{"damage_healed":0,"gold_gain":0,"player_choice":"Relic","damage_taken":0,"max_hp_gain":0,"max_hp_loss":0,"event_name":"Wheel of Change","floor":3,"gold_loss":0},{"cards_removed":["Backflip"],"damage_healed":0,"gold_gain":0,"player_choice":"Gave Card","damage_taken":0,"relics_obtained":["Calipers"],"max_hp_gain":0,"max_hp_loss":0,"event_name":"WeMeetAgain","floor":20,"gold_loss":0}],"is_beta":true,"boss_relics":[{"not_picked":["HoveringKite","Snecko Eye"],"picked":"Cursed Key"}],"items_purged_floors":[],"is_endless":false,"potions_floor_spawned":[6,10,16,18,24],"killed_by":"Collector","ascension_level":18}