{"gold_per_floor":[110,127,7,7,26,26,36,36,36,65,81,81,97,131,131,207,207,207,147,147,5,5,5],"floor_reached":23,"playtime":961,"items_purged":["Strike_G","Strike_G"],"score":386,"play_id":"df0e6d3e-93fd-461e-a24b-3e1e941d668c","local_time":"20190508173901","is_ascension_mode":true,"campfire_choices":[{"data":"Crippling Poison","floor":6,"key":"SMITH"},{"data":"Catalyst","floor":8,"key":"SMITH"},{"floor":12,"key":"REST"},{"floor":15,"key":"REST"}],"neow_cost":"NONE","seed_source_timestamp":1480828836298744,"circlet_count":0,"master_deck":["AscendersBane","Defend_G","Defend_G","Defend_G","Defend_G","Defend_G","Strike_G","Strike_G","Strike_G","Survivor","Neutralize","Crippling Poison+1","Bane","Well Laid Plans","Bane","Catalyst+1","Bane","Crippling Poison","Cloak And Dagger","PiercingWail","Caltrops","Heel Hook","Escape Plan"],"relics":["Ring of the Snake","NeowsBlessing","The Courier","Strawberry","Ice Cream","Ectoplasm"],"potions_floor_usage":[10,13,14,14,20],"damage_taken":[{"damage":0,"enemies":"2 Louse","floor":1,"turns":1},{"damage":0,"enemies":"Cultist","floor":2,"turns":1},{"damage":0,"enemies":"Small Slimes","floor":5,"turns":1},{"damage":4,"enemies":"2 Fungi Beasts","floor":7,"turns":2},{"damage":41,"enemies":"3 Sentries","floor":10,"turns":15},{"damage":8,"enemies":"Exordium Wildlife","floor":11,"turns":5},{"damage":5,"enemies":"Red Slaver","floor":13,"turns":3},{"damage":6,"enemies":"Gremlin Nob","floor":14,"turns":3},{"damage":29,"enemies":"The Guardian","floor":16,"turns":9},{"damage":21,"enemies":"Shell Parasite","floor":18,"turns":6},{"damage":14,"enemies":"2 Thieves","floor":19,"turns":4},{"damage":2,"enemies":"Chosen and Byrds","floor":20,"turns":4},{"damage":22,"enemies":"Gremlin Leader","floor":23,"turns":5}],"seed_played":"-2633988369812060776","potions_obtained":[{"floor":4,"key":"Fire Potion"},{"floor":4,"key":"EntropicBrew"},{"floor":10,"key":"Fire Potion"},{"floor":13,"key":"AttackPotion"},{"floor":18,"key":"LiquidBronze"}],"is_trial":false,"path_per_floor":["M","M","$","?","M","R","M","R","T","E","M","R","M","E","R","B",null,"M","M","M","$","?","E"],"character_chosen":"THE_SILENT","items_purchased":["Well Laid Plans","Escape Plan"],"campfire_rested":2,"item_purchase_floors":[3,21],"current_hp_per_floor":[59,59,59,59,59,59,55,55,55,21,13,34,29,23,44,15,59,38,24,22,22,22,0],"gold":5,"neow_bonus":"THREE_ENEMY_KILL","is_prod":false,"is_daily":false,"chose_seed":false,"campfire_upgraded":2,"win_rate":0,"timestamp":1557329941,"path_taken":["M","M","$","?","M","R","M","R","T","E","M","R","?","E","R","BOSS","M","M","M","$","?","E"],"build_version":"2019-05-07","purchased_purges":2,"victory":false,"max_hp_per_floor":[66,66,66,66,66,66,66,66,66,73,73,73,73,73,73,73,73,73,73,73,73,73,73],"card_choices":[{"not_picked":["Outmaneuver","Sucker Punch"],"picked":"Crippling Poison","floor":1},{"not_picked":["Prepared","Reflex"],"picked":"Bane","floor":2},{"not_picked":["Underhanded Strike","Deflect"],"picked":"Bane","floor":5},{"not_picked":["Blur","Deflect"],"picked":"Catalyst","floor":7},{"not_picked":["Eviscerate","Underhanded Strike","Quick Slash"],"picked":"SKIP","floor":10},{"not_picked":["Doppelganger","Masterful Stab"],"picked":"Bane","floor":11},{"not_picked":["Acrobatics","Calculated Gamble"],"picked":"Crippling Poison","floor":13},{"not_picked":["Sucker Punch","Skewer"],"picked":"Cloak And Dagger","floor":14},{"not_picked":["Backstab","Blade Dance"],"picked":"PiercingWail","floor":18},{"not_picked":["Backflip","Flying Knee"],"picked":"Caltrops","floor":19},{"not_picked":["Quick Slash","Choke"],"picked":"Heel Hook","floor":20}],"player_experience":1596694,"relics_obtained":[{"floor":9,"key":"The Courier"},{"floor":10,"key":"Strawberry"},{"floor":14,"key":"Ice Cream"}],"event_choices":[{"damage_healed":0,"gold_gain":0,"player_choice":"Got Potions","damage_taken":0,"max_hp_gain":0,"max_hp_loss":0,"event_name":"Lab","floor":4,"gold_loss":0},{"damage_healed":0,"gold_gain":0,"player_choice":"Ignored","damage_taken":0,"max_hp_gain":0,"max_hp_loss":0,"event_name":"Beggar","floor":22,"gold_loss":0}],"is_beta":true,"boss_relics":[{"not_picked":["Empty Cage","WristBlade"],"picked":"Ectoplasm"}],"items_purged_floors":[3,21],"is_endless":false,"potions_floor_spawned":[5,7,10,13,18],"killed_by":"Gremlin Leader","ascension_level":18}