{"gold_per_floor":[118,68,79,91,16,41,54,54,81,95,95,123,123,123,123,227,227,242,260,280,180,180],"floor_reached":22,"playtime":1751,"items_purged":["Strike_B","Strike_B"],"score":196,"play_id":"d1c179bb-dfc0-4326-9966-5b32de39a908","local_time":"20180805154835","is_ascension_mode":false,"campfire_choices":[{"floor":8,"key":"REST"},{"floor":11,"key":"REST"},{"floor":13,"key":"REST"},{"data":"Thunder Strike","floor":15,"key":"SMITH"}],"neow_cost":"FIFTY_PERCENT_DAMAGE","seed_source_timestamp":28890453007538,"circlet_count":0,"master_deck":["Defend_B","Defend_B","Defend_B","Zap","Dualcast","Conserve Battery","Reinforced Body","White Noise","Static Discharge+1","Thunder Strike+1","Loop+1","Genetic Algorithm+1"],"relics":["Cracked Core","Ancient Tea Set","Orichalcum","Oddly Smooth Stone","Philosopher\u0027s Stone"],"potions_floor_usage":[7,20,20,20],"damage_taken":[{"damage":6,"enemies":"2 Louse","floor":1,"turns":3},{"damage":1,"enemies":"Jaw Worm","floor":3,"turns":3},{"damage":3,"enemies":"Small Slimes","floor":4,"turns":4},{"damage":21,"enemies":"3 Sentries","floor":6,"turns":12},{"damage":0,"enemies":"3 Louse","floor":7,"turns":2},{"damage":2,"enemies":"Blue Slaver","floor":10,"turns":4},{"damage":16,"enemies":"Gremlin Nob","floor":12,"turns":6},{"damage":24,"enemies":"Hexaghost","floor":16,"turns":4},{"damage":18,"enemies":"Shell Parasite","floor":18,"turns":5},{"damage":6,"enemies":"Spheric Guardian","floor":19,"turns":5},{"damage":43,"enemies":"Slaver and Parasite","floor":20,"turns":3},{"damage":30,"enemies":"Snecko","floor":22,"turns":4}],"seed_played":"3195195191480495557","potions_obtained":[{"floor":3,"key":"Explosive Potion"},{"floor":4,"key":"FearPotion"},{"floor":10,"key":"Explosive Potion"},{"floor":16,"key":"FearPotion"},{"floor":18,"key":"SkillPotion"}],"is_trial":false,"path_per_floor":["M","?","M","M","$","E","M","R","T","M","R","E","R","?","R","B",null,"M","M","M","$"],"character_chosen":"DEFECT","items_purchased":[],"campfire_rested":3,"item_purchase_floors":[],"current_hp_per_floor":[32,32,31,28,28,7,7,29,29,27,49,40,62,62,62,38,75,57,58,15,15,0],"gold":180,"neow_bonus":"REMOVE_TWO","is_prod":false,"is_daily":false,"chose_seed":false,"campfire_upgraded":1,"win_rate":0,"timestamp":1533498515,"path_taken":["M","?","M","?","$","E","M","R","T","M","R","E","R","?","R","BOSS","M","M","M","$","M"],"build_version":"2018-08-02","purchased_purges":2,"victory":false,"max_hp_per_floor":[75,75,75,75,75,75,75,75,75,75,75,75,75,75,75,75,75,75,75,75,75,75],"card_choices":[{"not_picked":["Leap","White Noise"],"picked":"Conserve Battery","floor":1},{"not_picked":["Barrage","Darkness"],"picked":"Reinforced Body","floor":3},{"not_picked":["Barrage","Coolheaded"],"picked":"White Noise","floor":4},{"not_picked":["Cold Snap","Hologram","Scrape"],"picked":"SKIP","floor":6},{"not_picked":["Coolheaded","Beam Cell","Chaos"],"picked":"SKIP","floor":7},{"not_picked":["Reboot","Gash"],"picked":"Static Discharge","floor":10},{"not_picked":["Barrage","White Noise"],"picked":"Thunder Strike","floor":12},{"not_picked":["Go for the Eyes+1","Turbo+1","Gash"],"picked":"SKIP","floor":18},{"not_picked":["Skim","Auto Shields"],"picked":"Loop+1","floor":19},{"not_picked":["Beam Cell+1","Sweeping Beam"],"picked":"Genetic Algorithm+1","floor":20}],"player_experience":566280,"relics_obtained":[{"floor":6,"key":"Ancient Tea Set"},{"floor":9,"key":"Orichalcum"},{"floor":12,"key":"Oddly Smooth Stone"}],"event_choices":[{"event_name":"The Cleric","player_choice":"Card Removal","floor":2,"damage_taken":0},{"event_name":"Living Wall","player_choice":"Grow","floor":14,"damage_taken":0}],"is_beta":false,"boss_relics":[{"not_picked":["Eternal Feather","Runic Dome"],"picked":"Philosopher\u0027s Stone"}],"items_purged_floors":[5,21],"is_endless":false,"potions_floor_spawned":[3,4,10,16,18,19],"killed_by":"Snecko","ascension_level":0}