{"gold_per_floor":[114,126,144,32,52,78,78,92,92,92,107,127,127,127,127,203,203,218,218,230,230],"floor_reached":21,"playtime":808,"items_purged":[],"score":339,"play_id":"f265ba6b-535e-45b3-8fb0-0133eb2499db","local_time":"20190503154604","is_ascension_mode":true,"campfire_choices":[{"floor":7,"key":"REST"},{"floor":10,"key":"REST"},{"floor":15,"key":"REST"}],"neow_cost":"PERCENT_DAMAGE","seed_source_timestamp":1042205265011282,"circlet_count":0,"master_deck":["AscendersBane","Strike_R","Strike_R","Strike_R","Strike_R","Strike_R","Defend_R","Defend_R","Defend_R","Defend_R","Bash","Demon Form","Anger","Headbutt","Pummel","Metallicize","Shrug It Off","Battle Trance","Offering","Cleave+1","Pain","Disarm"],"relics":["Burning Blood","Darkstone Periapt","Question Card","Cursed Key","WarpedTongs"],"potions_floor_usage":[5,6,12],"damage_taken":[{"damage":2,"enemies":"Cultist","floor":1,"turns":4},{"damage":7,"enemies":"2 Louse","floor":2,"turns":4},{"damage":16,"enemies":"Jaw Worm","floor":3,"turns":4},{"damage":14,"enemies":"2 Fungi Beasts","floor":5,"turns":4},{"damage":30,"enemies":"3 Sentries","floor":6,"turns":6},{"damage":34,"enemies":"Lots of Slimes","floor":8,"turns":4},{"damage":9,"enemies":"Red Slaver","floor":11,"turns":4},{"damage":1,"enemies":"Large Slime","floor":12,"turns":4},{"damage":27,"enemies":"Slime Boss","floor":16,"turns":8},{"damage":38,"enemies":"2 Thieves","floor":18,"turns":4},{"damage":11,"enemies":"Chosen","floor":20,"turns":5},{"damage":49,"enemies":"Sentry and Sphere","floor":21,"turns":5}],"seed_played":"-9108479097936211501","potions_obtained":[{"floor":2,"key":"AttackPotion"},{"floor":6,"key":"Poison Potion"},{"floor":8,"key":"Energy Potion"},{"floor":12,"key":"Ancient Potion"},{"floor":20,"key":"EssenceOfSteel"}],"is_trial":false,"path_per_floor":["M","M","M","$","M","E","R","M","T","R","M","M","?","$","R","B",null,"M","?","M","M"],"character_chosen":"IRONCLAD","items_purchased":["Fruit Juice"],"campfire_rested":3,"item_purchase_floors":[4],"current_hp_per_floor":[54,53,43,43,40,16,40,12,12,36,33,38,38,38,62,41,70,38,44,39,0],"gold":230,"neow_bonus":"THREE_RARE_CARDS","is_prod":false,"is_daily":false,"chose_seed":false,"campfire_upgraded":0,"win_rate":0,"timestamp":1556891164,"path_taken":["M","M","?","$","M","E","R","M","T","R","M","M","?","?","R","BOSS","M","?","M","M"],"build_version":"2019-04-23","purchased_purges":0,"victory":false,"max_hp_per_floor":[75,75,75,75,80,80,80,80,80,80,80,80,80,80,80,80,80,80,86,86,86],"card_choices":[{"not_picked":["Fiend Fire","Double Tap"],"picked":"Demon Form","floor":0},{"not_picked":["Havoc","Warcry"],"picked":"Anger","floor":1},{"not_picked":["Anger","Rampage"],"picked":"Headbutt","floor":2},{"not_picked":["Flex","Thunderclap"],"picked":"Pummel","floor":3},{"not_picked":["Body Slam","Wild Strike","Havoc"],"picked":"SKIP","floor":5},{"not_picked":["Fire Breathing","Infernal Blade"],"picked":"Metallicize","floor":6},{"not_picked":["Dropkick","Demon Form","Second Wind"],"picked":"SKIP","floor":8},{"not_picked":["Pommel Strike","Clash","Metallicize"],"picked":"Shrug It Off","floor":11},{"not_picked":["Sword Boomerang","Anger","Headbutt"],"picked":"Battle Trance","floor":12},{"not_picked":["Limit Break","Fiend Fire","Brutality"],"picked":"Offering","floor":16},{"not_picked":["Headbutt","Uppercut","Hemokinesis"],"picked":"Cleave+1","floor":18},{"not_picked":["Sword Boomerang","Clash","Flex"],"picked":"Disarm","floor":20}],"player_experience":1460417,"relics_obtained":[{"floor":6,"key":"Darkstone Periapt"},{"floor":9,"key":"Question Card"}],"event_choices":[{"damage_healed":0,"gold_gain":0,"player_choice":"Ignored","damage_taken":0,"max_hp_gain":0,"max_hp_loss":0,"event_name":"Shining Light","floor":13,"gold_loss":0},{"damage_healed":0,"gold_gain":0,"player_choice":"Rummage","damage_taken":0,"relics_obtained":["WarpedTongs"],"max_hp_gain":0,"max_hp_loss":0,"event_name":"Accursed Blacksmith","floor":19,"gold_loss":0,"cards_obtained":["Pain"]}],"is_beta":true,"boss_relics":[{"not_picked":["Astrolabe","Ectoplasm"],"picked":"Cursed Key"}],"items_purged_floors":[],"is_endless":false,"potions_floor_spawned":[2,6,8,12,20],"killed_by":"Sentry and Sphere","ascension_level":17}