{"path_per_floor":["M","M","M","M","M","R","E","R","T","R","M","$","R","E","R","B",null,"M","M","M","$","M","E","R","M","T","E","M","E","$","M","R","B",null,"M","M","?","M","$","E","R","?","T","M","M","$","?","T","R","B"],"character_chosen":"IRONCLAD","items_purchased":["Tiny Chest","Whirlwind","Fire Breathing","Block Potion","Lee\u0027s Waffle","Anchor","Energy Potion","Self Forming Clay"],"gold_per_floor":[19,38,53,66,85,85,119,119,142,142,157,2,2,31,31,134,134,152,170,184,65,81,108,108,125,205,234,251,276,7,26,26,124,124,140,152,152,162,122,150,150,150,202,217,231,40,40,92,92,92],"floor_reached":51,"campfire_rested":4,"playtime":2817,"current_hp_per_floor":[75,72,77,30,27,51,24,24,24,63,67,67,67,70,70,9,70,72,82,63,63,62,29,72,79,79,36,39,40,103,103,103,29,85,47,53,53,64,64,49,94,81,81,87,97,97,97,97,97,96],"items_purged":[],"gold":92,"score":764,"play_id":"d9609bf2-c41a-4a75-b85f-a66f30551ae7","is_prod":false,"is_daily":false,"is_ascension_mode":true,"campfire_upgraded":5,"path_taken":["M","M","M","M","M","R","E","R","T","R","M","$","R","E","R","BOSS","M","M","M","$","M","E","R","M","T","E","M","E","$","M","R","BOSS","M","?","?","M","$","E","R","?","T","M","M","$","?","?","R","BOSS"],"build_version":"2018-02-08-PROD1","purchased_purges":3,"victory":true,"master_deck":["Strike_R","Strike_R","Strike_R","Strike_R","Strike_R","Defend_R","Defend_R","Defend_R","Defend_R","Bash","Pommel Strike","Dual Wield+1","Combust","Shrug It Off","Shrug It Off+1","Demon Form+1","Dropkick","Whirlwind","Feed+1","Metallicize","Infernal Blade+1","Heavy Blade","Fire Breathing","Dark Embrace","Carnage","Fiend Fire+1","Heavy Blade+1","Reaper+1","Perfected Strike+1","Clothesline+1","Whirlwind+1","Metallicize+1","Corruption","Madness","Madness"],"max_hp_per_floor":[80,80,80,80,80,80,80,80,80,80,80,80,80,90,90,90,90,90,93,96,96,96,96,96,96,96,96,96,96,103,103,103,103,103,103,103,103,103,103,103,103,103,103,105,107,107,107,107,107,107],"relics":["Burning Blood","Dead Branch","Blood Vial","Regal Pillow","Tiny Chest","Pear","Snecko Eye","Bag of Marbles","The Courier","Molten Egg 2","Oddly Smooth Stone","Lee\u0027s Waffle","Anchor","Question Card","Dream Catcher","Singing Bowl","Self Forming Clay","Prayer Wheel"],"card_choices":[{"not_picked":["Headbutt","Havoc"],"picked":"Pommel Strike"},{"not_picked":["Rupture","Inflame"],"picked":"Dual Wield"},{"not_picked":["Rupture","Body Slam"],"picked":"Combust"},{"not_picked":["Body Slam","Flex"],"picked":"Shrug It Off"},{"not_picked":["Infernal Blade","Cleave"],"picked":"Shrug It Off"},{"not_picked":["Iron Wave","Shrug It Off"],"picked":"Demon Form"},{"not_picked":["Havoc","Clash"],"picked":"Dropkick"},{"not_picked":["Thunderclap","Clash"],"picked":"Berserk"},{"not_picked":["Brutality","Bludgeon"],"picked":"Feed"},{"not_picked":["True Grit","Twin Strike"],"picked":"Metallicize"},{"not_picked":["Second Wind","Anger"],"picked":"Infernal Blade"},{"not_picked":["Iron Wave","Seeing Red"],"picked":"Heavy Blade"},{"not_picked":["Burning Pact","Combust"],"picked":"Dark Embrace"},{"not_picked":["Iron Wave","Clothesline"],"picked":"Carnage"},{"not_picked":["Burning Pact","Fire Breathing"],"picked":"Fiend Fire"},{"not_picked":["Shrug It Off","Clothesline"],"picked":"Heavy Blade"},{"not_picked":["Brutality","Demon Form"],"picked":"Reaper"},{"not_picked":["Iron Wave","Armaments","Hemokinesis"],"picked":"Perfected Strike"},{"not_picked":["Armaments","Wild Strike","True Grit"],"picked":"Clothesline"},{"not_picked":["Intimidate","Twin Strike","Armaments"],"picked":"Whirlwind"},{"not_picked":["Power Through","Iron Wave","Clash"],"picked":"Metallicize"},{"not_picked":["Iron Wave","Anger","Combust"],"picked":"Corruption"}],"player_experience":512301,"potions_floor_usage":[7,14,14,16,16,19,22,22,25,33,40,50],"damage_taken":[{"damage":11,"enemies":"Blue Slaver","floor":1,"turns":5},{"damage":9,"enemies":"Jaw Worm","floor":2,"turns":3},{"damage":1,"enemies":"Cultist","floor":3,"turns":3},{"damage":53,"enemies":"Large Slime","floor":4,"turns":5},{"damage":9,"enemies":"Looter","floor":5,"turns":3},{"damage":33,"enemies":"Lagavulin","floor":7,"turns":8},{"damage":4,"enemies":"2 Fungi Beasts","floor":11,"turns":3},{"damage":24,"enemies":"Gremlin Nob","floor":14,"turns":4},{"damage":69,"enemies":"Hexaghost","floor":16,"turns":12},{"damage":6,"enemies":"Chosen","floor":18,"turns":4},{"damage":1,"enemies":"3 Byrds","floor":19,"turns":4},{"damage":30,"enemies":"Cultist and Chosen","floor":20,"turns":7},{"damage":24,"enemies":"Slaver and Parasite","floor":22,"turns":6},{"damage":41,"enemies":"Slavers","floor":23,"turns":6},{"damage":4,"enemies":"Snecko","floor":25,"turns":3},{"damage":51,"enemies":"Book of Stabbing","floor":27,"turns":5},{"damage":5,"enemies":"Snake Plant","floor":28,"turns":2},{"damage":7,"enemies":"Gremlin Leader","floor":29,"turns":2},{"damage":0,"enemies":"Sentry and Sphere","floor":31,"turns":3},{"damage":80,"enemies":"Automaton","floor":33,"turns":10},{"damage":60,"enemies":"3 Darklings","floor":35,"turns":7},{"damage":2,"enemies":"3 Shapes","floor":36,"turns":3},{"damage":4,"enemies":"Maw","floor":38,"turns":4},{"damage":23,"enemies":"2 Orb Walkers","floor":40,"turns":3},{"damage":4,"enemies":"3 Darklings","floor":44,"turns":5},{"damage":0,"enemies":"4 Shapes","floor":45,"turns":4},{"damage":9,"enemies":"Donu and Deca","floor":50,"turns":5}],"event_choices":[{"event_name":"Winding Halls","player_choice":"Embrace Madness","floor":42,"damage_taken":0},{"event_name":"The Lab","player_choice":"Got Potions","floor":47,"damage_taken":0}],"boss_relics":[{"not_picked":["Mark of Pain","Runic Pyramid"],"picked":"Snecko Eye"},{"not_picked":["Orrery","Astrolabe"],"picked":"Question Card"}],"potions_floor_spawned":[2,3,4,5,11,14,18,20,23,31,33,38,45],"seed_played":"-5145791259123457295","ascension_level":5,"is_trial":false}