{"gold_per_floor":[363,375,450,237,237,267,36,50,50,66,166,181,181,191,191,286,286,298,318,13,33,43,43,43,43,70,82,82,82,93,5,5,104,104,124,136,11,11],"floor_reached":38,"playtime":1952,"items_purged":["Doubt","Pain","Strike_R"],"score":473,"play_id":"d16e1a5b-1bd2-4bee-a7da-77c00319342f","local_time":"20180925231005","is_ascension_mode":true,"campfire_choices":[{"floor":13,"key":"REST"},{"floor":15,"key":"REST"},{"floor":23,"key":"REST"},{"data":"Apotheosis","floor":25,"key":"SMITH"},{"floor":32,"key":"REST"}],"neow_cost":"CURSE","seed_source_timestamp":600938849862859,"circlet_count":0,"master_deck":["Strike_R","Strike_R","Strike_R","Strike_R","Defend_R","Defend_R","Defend_R","Defend_R","Bash","Evolve","Whirlwind","Spot Weakness","Metallicize","Reckless Charge","Inflame","Armaments","Flex","Ghostly Armor","Offering","Flex","Anger","Apotheosis+1","Fire Breathing+1","Heavy Blade","Spot Weakness","Jack Of All Trades","Double Tap","Heavy Blade"],"relics":["Burning Blood","WarpedTongs","Matryoshka","HandDrill","Mercury Hourglass","Sundial","Black Star","Potion Belt","Omamori","Juzu Bracelet","MutagenicStrength","Eternal Feather"],"potions_floor_usage":[19,21,21,33,33,33,36],"damage_taken":[{"damage":25,"enemies":"Jaw Worm","floor":1,"turns":6},{"damage":10,"enemies":"Small Slimes","floor":2,"turns":3},{"damage":30,"enemies":"Lagavulin","floor":6,"turns":5},{"damage":6,"enemies":"Cultist","floor":8,"turns":5},{"damage":9,"enemies":"Exordium Wildlife","floor":10,"turns":3},{"damage":8,"enemies":"Lots of Slimes","floor":12,"turns":2},{"damage":3,"enemies":"Exordium Thugs","floor":14,"turns":3},{"damage":38,"enemies":"Hexaghost","floor":16,"turns":9},{"damage":16,"enemies":"Chosen","floor":18,"turns":4},{"damage":20,"enemies":"Shell Parasite","floor":19,"turns":4},{"damage":31,"enemies":"Snecko","floor":21,"turns":6},{"damage":6,"enemies":"3 Cultists","floor":22,"turns":2},{"damage":27,"enemies":"Snake Plant","floor":27,"turns":3},{"damage":6,"enemies":"Sentry and Sphere","floor":30,"turns":3},{"damage":58,"enemies":"Champ","floor":33,"turns":8},{"damage":14,"enemies":"Orb Walker","floor":35,"turns":3},{"damage":24,"enemies":"3 Darklings","floor":36,"turns":4},{"damage":76,"enemies":"Transient","floor":38,"turns":4}],"seed_played":"9176554833835385132","potions_obtained":[{"floor":8,"key":"Weak Potion"},{"floor":14,"key":"Ancient Potion"},{"floor":16,"key":"Block Potion"},{"floor":19,"key":"GamblersBrew"},{"floor":22,"key":"Energy Potion"},{"floor":30,"key":"Regen Potion"},{"floor":35,"key":"Fire Potion"}],"is_trial":false,"path_per_floor":["M","M","?","$","?","E","$","M","T","M","?","M","R","M","R","B",null,"M","M","$","M","M","R","?","R","T","M","?","?","M","$","R","B",null,"M","M","$"],"character_chosen":"IRONCLAD","items_purchased":["Spot Weakness","Metallicize","HandDrill","Inflame","Apotheosis","Jack Of All Trades"],"campfire_rested":4,"item_purchase_floors":[4,4,7,7,20,31],"current_hp_per_floor":[61,57,46,46,46,22,22,22,22,19,19,17,41,44,68,36,69,59,45,45,20,20,44,70,70,70,49,49,49,49,49,73,36,69,61,43,43,0],"gold":11,"neow_bonus":"TWO_FIFTY_GOLD","is_prod":false,"is_daily":false,"chose_seed":false,"campfire_upgraded":1,"win_rate":0,"timestamp":1537931405,"path_taken":["M","M","?","$","?","E","$","M","T","M","?","M","R","?","R","BOSS","M","M","$","M","?","R","?","R","T","M","?","?","M","$","R","BOSS","M","M","$","M"],"build_version":"2018-09-20","purchased_purges":3,"victory":false,"max_hp_per_floor":[80,80,80,80,80,80,80,80,80,80,80,80,80,80,80,80,80,80,80,80,80,80,80,80,80,80,80,80,80,80,80,80,80,80,80,80,80,80],"card_choices":[{"not_picked":["Havoc","Bloodletting"],"picked":"Evolve","floor":1},{"not_picked":["True Grit","Pommel Strike"],"picked":"Whirlwind","floor":2},{"not_picked":["Intimidate","Rage"],"picked":"Reckless Charge","floor":6},{"not_picked":["Uppercut","Headbutt"],"picked":"Armaments","floor":8},{"not_picked":["Heavy Blade","Searing Blow"],"picked":"Flex","floor":10},{"not_picked":["Entrench","True Grit"],"picked":"Ghostly Armor","floor":12},{"not_picked":["Iron Wave","Sword Boomerang","Combust"],"picked":"SKIP","floor":14},{"not_picked":["Juggernaut","Double Tap"],"picked":"Offering","floor":16},{"not_picked":["Anger","Clash"],"picked":"Flex","floor":18},{"not_picked":["Pommel Strike","Perfected Strike"],"picked":"Anger","floor":19},{"not_picked":["Rupture","Evolve+1"],"picked":"Fire Breathing+1","floor":21},{"not_picked":["Warcry","Iron Wave+1"],"picked":"Heavy Blade","floor":22},{"not_picked":["Sword Boomerang","Corruption","Flame Barrier"],"picked":"SKIP","floor":27},{"not_picked":["Searing Blow","Iron Wave+1"],"picked":"Spot Weakness","floor":30},{"not_picked":["Bludgeon","Feed"],"picked":"Double Tap","floor":33},{"not_picked":["Rampage+1","Intimidate"],"picked":"Heavy Blade","floor":35},{"not_picked":["Burning Pact+1","Thunderclap+1","Perfected Strike+1"],"picked":"SKIP","floor":36}],"player_experience":907569,"relics_obtained":[{"floor":6,"key":"Matryoshka"},{"floor":9,"key":"Mercury Hourglass"},{"floor":9,"key":"Sundial"},{"floor":26,"key":"Potion Belt"},{"floor":26,"key":"Omamori"}],"event_choices":[{"event_name":"World of Goop","player_choice":"Gather Gold","floor":3,"damage_taken":0},{"event_name":"Accursed Blacksmith","player_choice":"Rummage","floor":5,"damage_taken":0},{"event_name":"Golden Shrine","player_choice":"Pray","floor":11,"damage_taken":0},{"event_name":"The Library","player_choice":"Heal","floor":24,"damage_taken":0},{"event_name":"The Mausoleum","player_choice":"Yes","floor":28,"damage_taken":0},{"event_name":"Drug Dealer","player_choice":"Inject Mutagens","floor":29,"damage_taken":0}],"is_beta":false,"boss_relics":[{"not_picked":["Runic Pyramid","Cursed Key"],"picked":"Black Star"},{"not_picked":["Sozu","Lizard Tail"],"picked":"Eternal Feather"}],"items_purged_floors":[4,20,37],"is_endless":false,"potions_floor_spawned":[8,14,16,19,22,30,35],"killed_by":"Transient","ascension_level":5}