{"gold_per_floor":[113,288,303,316,331,331,301,301,301,330,349,375,391,391,391,391],"floor_reached":16,"playtime":800,"items_purged":[],"score":162,"play_id":"8653c05e-0bbe-45e3-906b-5a292c96646b","local_time":"20190103230454","is_ascension_mode":true,"campfire_choices":[{"data":"Armaments","floor":6,"key":"SMITH"},{"data":"Shockwave","floor":8,"key":"SMITH"},{"data":"Pommel Strike","floor":15,"key":"SMITH"}],"neow_cost":"NONE","seed_source_timestamp":346932871518300,"circlet_count":0,"master_deck":["Strike_R","Strike_R","Strike_R","Strike_R","Strike_R","Defend_R","Defend_R","Defend_R","Defend_R","Bash","Pommel Strike+1","Doubt","Iron Wave","Shockwave+1","Armaments+1","Uppercut","Battle Trance+1","Exhume+1","Infernal Blade+1","Shrug It Off+1","Regret"],"relics":["Burning Blood","Lantern","Toxic Egg 2","Pear","Thread and Needle","Pocketwatch"],"potions_floor_usage":[16],"damage_taken":[{"damage":8,"enemies":"Jaw Worm","floor":1,"turns":4},{"damage":7,"enemies":"2 Louse","floor":3,"turns":3},{"damage":6,"enemies":"Cultist","floor":4,"turns":4},{"damage":3,"enemies":"2 Fungi Beasts","floor":5,"turns":4},{"damage":1,"enemies":"Looter","floor":7,"turns":4},{"damage":21,"enemies":"Gremlin Nob","floor":10,"turns":5},{"damage":9,"enemies":"Exordium Wildlife","floor":11,"turns":4},{"damage":17,"enemies":"Lagavulin","floor":12,"turns":8},{"damage":2,"enemies":"2 Fungi Beasts","floor":13,"turns":4},{"damage":67,"enemies":"Hexaghost","floor":16,"turns":11}],"seed_played":"5588521547144948290","potions_obtained":[{"floor":4,"key":"EssenceOfSteel"},{"floor":5,"key":"SpeedPotion"},{"floor":12,"key":"FearPotion"}],"is_trial":false,"path_per_floor":["M","?","M","M","M","R","M","R","T","E","M","E","M","?","R","B"],"character_chosen":"IRONCLAD","items_purchased":[],"campfire_rested":0,"item_purchase_floors":[],"current_hp_per_floor":[70,70,69,69,72,72,77,77,77,72,69,58,62,62,62,0],"gold":391,"neow_bonus":"RANDOM_COMMON_RELIC","is_prod":false,"is_daily":false,"chose_seed":false,"campfire_upgraded":3,"win_rate":0,"timestamp":1546574694,"path_taken":["M","?","M","M","M","R","M","R","T","E","M","E","M","?","R","BOSS"],"build_version":"2019-01-03","purchased_purges":0,"victory":false,"max_hp_per_floor":[80,80,80,80,80,80,80,80,80,90,90,90,90,90,90,90],"card_choices":[{"not_picked":["Wild Strike","Hemokinesis"],"picked":"Pommel Strike","floor":1},{"not_picked":["Reckless Charge","Headbutt"],"picked":"Iron Wave","floor":3},{"not_picked":["Clothesline","Shrug It Off"],"picked":"Shockwave","floor":4},{"not_picked":["Thunderclap","Disarm"],"picked":"Armaments","floor":5},{"not_picked":["Headbutt","Anger"],"picked":"Uppercut","floor":7},{"not_picked":["Sword Boomerang","True Grit+1"],"picked":"Battle Trance+1","floor":10},{"not_picked":["Reckless Charge","Sword Boomerang"],"picked":"Exhume+1","floor":11},{"not_picked":["Entrench+1","Power Through+1"],"picked":"Infernal Blade+1","floor":12},{"not_picked":["Perfected Strike","Rampage"],"picked":"Shrug It Off+1","floor":13}],"player_experience":1665299,"relics_obtained":[{"floor":9,"key":"Toxic Egg 2"},{"floor":10,"key":"Pear"},{"floor":12,"key":"Thread and Needle"}],"event_choices":[{"damage_healed":0,"gold_gain":175,"player_choice":"AGREE","damage_taken":0,"max_hp_gain":0,"max_hp_loss":0,"event_name":"Liars Game","floor":2,"gold_loss":0,"cards_obtained":["Doubt"]},{"damage_healed":0,"gold_gain":0,"player_choice":"Box","damage_taken":0,"relics_obtained":["Pocketwatch"],"max_hp_gain":0,"max_hp_loss":0,"event_name":"Big Fish","floor":14,"gold_loss":0,"cards_obtained":["Regret"]}],"is_beta":false,"boss_relics":[],"items_purged_floors":[],"is_endless":false,"potions_floor_spawned":[4,5,12],"killed_by":"Hexaghost","ascension_level":9}