{"gold_per_floor":[218,229,86,98,116,116,141,141,141,170,227,241,274,274,274,370,370,381,381,381,398,26,26,26],"floor_reached":24,"playtime":1058,"items_purged":["Strike_B"],"score":257,"play_id":"2e8910bc-ed4b-4c79-9e3e-2c96e4824b11","local_time":"20190423174839","is_ascension_mode":true,"campfire_choices":[{"data":"Zap","floor":6,"key":"SMITH"},{"data":"Dualcast","floor":8,"key":"SMITH"},{"data":"Buffer","floor":15,"key":"SMITH"},{"data":"Go for the Eyes","floor":23,"key":"SMITH"}],"neow_cost":"NONE","seed_source_timestamp":185310148366198,"circlet_count":0,"master_deck":["Strike_B","Strike_B","Strike_B","Defend_B","Defend_B","Defend_B","Defend_B","Zap+1","Dualcast+1","Gash","Go for the Eyes+1","Self Repair","Streamline","Sweeping Beam","Buffer+1","Leap","Auto Shields","Gash","Buffer+1","Steam","Capacitor"],"relics":["Cracked Core","Mummified Hand","Matryoshka","Pear","Orichalcum","Ancient Tea Set","Black Star","Cables"],"potions_floor_usage":[5,11,16,16],"damage_taken":[{"damage":0,"enemies":"Small Slimes","floor":1,"turns":3},{"damage":1,"enemies":"Cultist","floor":2,"turns":3},{"damage":9,"enemies":"Jaw Worm","floor":4,"turns":3},{"damage":5,"enemies":"Gremlin Gang","floor":5,"turns":2},{"damage":28,"enemies":"Gremlin Nob","floor":7,"turns":4},{"damage":15,"enemies":"3 Sentries","floor":10,"turns":5},{"damage":18,"enemies":"Lagavulin Event","floor":11,"turns":6},{"damage":4,"enemies":"2 Fungi Beasts","floor":12,"turns":2},{"damage":9,"enemies":"Lagavulin","floor":13,"turns":7},{"damage":35,"enemies":"Hexaghost","floor":16,"turns":13},{"damage":17,"enemies":"Shell Parasite","floor":18,"turns":6},{"damage":5,"enemies":"3 Byrds","floor":21,"turns":7},{"damage":100,"enemies":"Gremlin Leader","floor":24,"turns":11}],"seed_played":"-4472988609002575151","potions_obtained":[{"floor":1,"key":"Explosive Potion"},{"floor":4,"key":"EssenceOfSteel"},{"floor":5,"key":"GamblersBrew"},{"floor":10,"key":"Weak Potion"},{"floor":12,"key":"Dexterity Potion"},{"floor":14,"key":"SpeedPotion"}],"is_trial":false,"path_per_floor":["M","M","$","M","M","R","E","R","T","E","?","M","E","?","R","B",null,"M","?","?","M","$","R","E"],"character_chosen":"DEFECT","items_purchased":["Self Repair","Cables","Capacitor","Energy Potion"],"campfire_rested":0,"item_purchase_floors":[3,22,22,22],"current_hp_per_floor":[75,74,74,72,74,74,53,53,53,55,44,47,45,45,45,17,85,75,75,75,77,77,77,0],"gold":26,"neow_bonus":"HUNDRED_GOLD","is_prod":false,"is_daily":false,"chose_seed":false,"campfire_upgraded":4,"win_rate":0,"timestamp":1556034519,"path_taken":["M","M","$","M","M","R","E","R","T","E","?","M","E","?","R","BOSS","M","?","?","?","$","R","E"],"build_version":"2019-04-21","purchased_purges":1,"victory":false,"max_hp_per_floor":[75,75,75,75,75,75,75,75,75,85,85,85,85,85,85,85,85,85,85,85,85,85,85,85],"card_choices":[{"not_picked":["Leap","Turbo"],"picked":"Gash","floor":1},{"not_picked":["Stack","Rip and Tear"],"picked":"Go for the Eyes","floor":2},{"not_picked":["Recycle","Chill"],"picked":"Streamline","floor":4},{"not_picked":["BootSequence","Turbo"],"picked":"Sweeping Beam","floor":5},{"not_picked":["Turbo","Rip and Tear","Chaos"],"picked":"SKIP","floor":7},{"not_picked":["Steam","Leap"],"picked":"Buffer","floor":10},{"not_picked":["Static Discharge","Consume"],"picked":"Leap","floor":11},{"not_picked":["Beam Cell","Consume"],"picked":"Auto Shields","floor":12},{"not_picked":["Scrape","Redo"],"picked":"Gash","floor":13},{"not_picked":["Rainbow","Seek"],"picked":"Buffer","floor":16},{"not_picked":["Leap","Force Field","Chaos"],"picked":"SKIP","floor":18},{"not_picked":["Melter","Streamline+1"],"picked":"Steam","floor":21}],"player_experience":1170602,"relics_obtained":[{"floor":7,"key":"Mummified Hand"},{"floor":9,"key":"Matryoshka"},{"floor":10,"key":"Pear"},{"floor":11,"key":"Orichalcum"},{"floor":13,"key":"Ancient Tea Set"}],"event_choices":[{"damage_healed":0,"gold_gain":0,"player_choice":"Searched \u00272\u0027 times","damage_taken":0,"max_hp_gain":0,"max_hp_loss":0,"event_name":"Dead Adventurer","floor":11,"gold_loss":0},{"damage_healed":0,"gold_gain":0,"player_choice":"Got Potions","damage_taken":0,"max_hp_gain":0,"max_hp_loss":0,"event_name":"Lab","floor":14,"gold_loss":0},{"damage_healed":0,"gold_gain":0,"player_choice":"Ignored","damage_taken":0,"max_hp_gain":0,"max_hp_loss":0,"event_name":"Vampires","floor":19,"gold_loss":0},{"damage_healed":0,"gold_gain":0,"player_choice":"Upgraded","damage_taken":0,"max_hp_gain":0,"max_hp_loss":0,"event_name":"Upgrade Shrine","floor":20,"gold_loss":0,"cards_upgraded":["Buffer"]}],"is_beta":true,"boss_relics":[{"not_picked":["Lizard Tail","Tiny House"],"picked":"Black Star"}],"items_purged_floors":[3],"is_endless":false,"potions_floor_spawned":[1,4,5,10,12],"killed_by":"Gremlin Leader","ascension_level":4}