{"gold_per_floor":[114,39,53,53,68,68,79,79,79,79,98,116,146,221,221,295,295,295,235,235],"floor_reached":20,"playtime":879,"items_purged":[],"score":343,"play_id":"95264466-58a4-4817-a3ab-acaed410b449","local_time":"20190509115750","is_ascension_mode":true,"campfire_choices":[{"data":"Stack","floor":6,"key":"SMITH"},{"data":"Conserve Battery","floor":8,"key":"SMITH"},{"data":"Sweeping Beam","floor":10,"key":"SMITH"},{"data":"Doom and Gloom","floor":15,"key":"SMITH"}],"neow_cost":"NONE","seed_source_timestamp":1546839642428577,"circlet_count":0,"master_deck":["AscendersBane","Strike_B","Strike_B","Defend_B","Defend_B","Defend_B","Defend_B","Zap","Dualcast","Conserve Battery+1","Sweeping Beam+1","Stack+1","Beam Cell","Go for the Eyes","Ball Lightning","Doom and Gloom+1","Echo Form","Compile Driver","Self Repair"],"relics":["Cracked Core","NeowsBlessing","Unceasing Top","Du-Vu Doll","Ectoplasm"],"potions_floor_usage":[16,16,20],"damage_taken":[{"damage":0,"enemies":"Jaw Worm","floor":1,"turns":1},{"damage":0,"enemies":"Small Slimes","floor":3,"turns":1},{"damage":0,"enemies":"Cultist","floor":5,"turns":1},{"damage":1,"enemies":"Looter","floor":7,"turns":3},{"damage":13,"enemies":"Exordium Thugs","floor":11,"turns":4},{"damage":4,"enemies":"Blue Slaver","floor":12,"turns":4},{"damage":8,"enemies":"3 Sentries","floor":13,"turns":5},{"damage":26,"enemies":"Hexaghost","floor":16,"turns":9},{"damage":24,"enemies":"Shell Parasite","floor":18,"turns":4},{"damage":23,"enemies":"2 Thieves","floor":19,"turns":4},{"damage":9,"enemies":"Cultist and Chosen","floor":20,"turns":3}],"seed_played":"3463353187278423793","potions_obtained":[{"floor":1,"key":"SpeedPotion"},{"floor":11,"key":"SkillPotion"},{"floor":18,"key":"Swift Potion"}],"is_trial":false,"path_per_floor":["M","?","M","?","M","R","M","R","T","R","M","M","E","?","R","B",null,"M","M","M"],"character_chosen":"DEFECT","items_purchased":[],"campfire_rested":0,"item_purchase_floors":[],"current_hp_per_floor":[64,64,64,64,64,64,63,63,63,63,50,46,38,27,27,1,54,30,7,0],"gold":235,"neow_bonus":"THREE_ENEMY_KILL","is_prod":false,"is_daily":false,"chose_seed":false,"campfire_upgraded":4,"win_rate":0,"timestamp":1557395870,"path_taken":["M","?","M","?","M","R","M","R","T","R","?","M","E","?","R","BOSS","M","M","M"],"build_version":"2019-05-07","purchased_purges":0,"victory":false,"max_hp_per_floor":[71,71,71,71,71,71,71,71,71,71,71,71,71,71,71,71,71,71,71,71],"card_choices":[{"not_picked":["Steam Power","Rebound"],"picked":"Conserve Battery","floor":1},{"not_picked":["Tempest","Aggregate"],"picked":"Sweeping Beam","floor":3},{"not_picked":["Consume","Cold Snap"],"picked":"Stack","floor":5},{"not_picked":["Redo","Hello World"],"picked":"Beam Cell","floor":7},{"not_picked":["Beam Cell","Streamline"],"picked":"Go for the Eyes","floor":11},{"not_picked":["Capacitor","Chill"],"picked":"Ball Lightning","floor":12},{"not_picked":["Skim","Undo"],"picked":"Doom and Gloom","floor":13},{"not_picked":["Multi-Cast","Thunder Strike"],"picked":"Echo Form","floor":16},{"not_picked":["Leap","Go for the Eyes"],"picked":"Compile Driver","floor":18},{"not_picked":["Tempest+1","Recycle"],"picked":"Self Repair","floor":19}],"player_experience":1664236,"relics_obtained":[{"floor":9,"key":"Unceasing Top"},{"floor":13,"key":"Du-Vu Doll"}],"event_choices":[{"cards_removed":["Strike_B"],"damage_healed":0,"gold_gain":0,"player_choice":"Card Removal","damage_taken":0,"max_hp_gain":0,"max_hp_loss":0,"event_name":"The Cleric","floor":2,"gold_loss":75},{"cards_removed":["Strike_B"],"damage_healed":0,"gold_gain":0,"player_choice":"Offered Basic","damage_taken":0,"max_hp_gain":0,"max_hp_loss":0,"event_name":"Bonfire Elementals","floor":4,"gold_loss":0},{"damage_healed":0,"gold_gain":75,"player_choice":"Gather Gold","damage_taken":11,"max_hp_gain":0,"max_hp_loss":0,"event_name":"World of Goop","floor":14,"gold_loss":0}],"is_beta":true,"boss_relics":[{"not_picked":["Orrery","Calling Bell"],"picked":"Ectoplasm"}],"items_purged_floors":[],"is_endless":false,"potions_floor_spawned":[1,11,12,18],"killed_by":"Cultist and Chosen","ascension_level":19}