{"gold_per_floor":[118,136,146,71,91,117,137,137,189,189,199,209,243,259,259,259],"floor_reached":16,"playtime":852,"items_purged":["Pain"],"score":128,"play_id":"4641065d-7ef4-4a39-a0af-f2718f63f277","local_time":"20180902034027","is_ascension_mode":true,"campfire_choices":[{"floor":8,"key":"REST"},{"data":"Fiend Fire","floor":10,"key":"SMITH"},{"floor":15,"key":"REST"}],"neow_cost":"CURSE","seed_source_timestamp":185924966531866,"circlet_count":0,"master_deck":["Strike_R","Strike_R","Strike_R","Strike_R","Strike_R","Defend_R","Defend_R","Defend_R","Defend_R","Bash","Fiend Fire+1","Anger","Sword Boomerang","Shrug It Off","Flex","Corruption","Wild Strike","Rampage"],"relics":["Burning Blood","Ornamental Fan","Regal Pillow","Bottled Flame"],"potions_floor_usage":[6,11,14],"damage_taken":[{"damage":3,"enemies":"Cultist","floor":1,"turns":3},{"damage":17,"enemies":"Small Slimes","floor":2,"turns":4},{"damage":7,"enemies":"Jaw Worm","floor":3,"turns":2},{"damage":25,"enemies":"Exordium Thugs","floor":5,"turns":4},{"damage":31,"enemies":"3 Sentries","floor":6,"turns":8},{"damage":0,"enemies":"Large Slime","floor":7,"turns":4},{"damage":16,"enemies":"2 Fungi Beasts","floor":11,"turns":3},{"damage":9,"enemies":"Exordium Wildlife","floor":12,"turns":4},{"damage":10,"enemies":"Gremlin Nob","floor":13,"turns":3},{"damage":23,"enemies":"Large Slime","floor":14,"turns":3},{"damage":60,"enemies":"Hexaghost","floor":16,"turns":9}],"seed_played":"-5012052663009774366","potions_obtained":[{"floor":2,"key":"GamblersBrew"},{"floor":5,"key":"Swift Potion"},{"floor":11,"key":"GamblersBrew"}],"is_trial":false,"path_per_floor":["M","M","M","$","M","E","M","R","T","R","M","M","E","M","R"],"character_chosen":"IRONCLAD","items_purchased":[],"campfire_rested":2,"item_purchase_floors":[],"current_hp_per_floor":[80,69,68,68,49,24,30,54,54,54,44,41,37,20,59,0],"gold":259,"neow_bonus":"THREE_RARE_CARDS","is_prod":false,"is_daily":false,"chose_seed":false,"campfire_upgraded":1,"win_rate":0,"timestamp":1535874027,"path_taken":["M","M","?","$","M","E","M","R","T","R","M","M","E","M","R","BOSS"],"build_version":"2018-08-30","purchased_purges":1,"victory":false,"max_hp_per_floor":[80,80,80,80,80,80,80,80,80,80,80,80,80,80,80,80],"card_choices":[{"not_picked":["Impervious","Double Tap"],"picked":"Fiend Fire","floor":0},{"not_picked":["Perfected Strike","Dropkick"],"picked":"Anger","floor":1},{"not_picked":["Body Slam","Wild Strike"],"picked":"Sword Boomerang","floor":2},{"not_picked":["Flame Barrier","Clothesline"],"picked":"Shrug It Off","floor":3},{"not_picked":["Dropkick","Iron Wave"],"picked":"Flex","floor":5},{"not_picked":["Headbutt","Berserk"],"picked":"Corruption","floor":6},{"not_picked":["Iron Wave","Whirlwind"],"picked":"Wild Strike","floor":7},{"not_picked":["Sword Boomerang","Rupture"],"picked":"Rampage","floor":11},{"not_picked":["Corruption","Dropkick","Whirlwind"],"picked":"SKIP","floor":12},{"not_picked":["Pommel Strike","Heavy Blade","Clash"],"picked":"SKIP","floor":13},{"not_picked":["Body Slam","Bloodletting","Blood for Blood"],"picked":"SKIP","floor":14}],"player_experience":727097,"relics_obtained":[{"floor":6,"key":"Ornamental Fan"},{"floor":9,"key":"Regal Pillow"},{"floor":13,"key":"Bottled Flame"}],"event_choices":[],"is_beta":false,"boss_relics":[],"items_purged_floors":[4],"is_endless":false,"potions_floor_spawned":[2,5,11],"killed_by":"Hexaghost","ascension_level":2}