{"gold_per_floor":[116,39,89,89,1,1,18,47,47,47,81,81,98,111,111,188,188,208,226,244,224,238,238,253,286,309,309],"floor_reached":27,"playtime":1048,"items_purged":[],"score":496,"play_id":"6a44ecee-a460-45ef-89df-ecb588a18703","local_time":"20190502215727","is_ascension_mode":true,"campfire_choices":[{"data":"Sunder","floor":6,"key":"SMITH"},{"data":"Buffer","floor":10,"key":"SMITH"},{"data":"Genetic Algorithm","floor":12,"key":"SMITH"},{"data":"Beam Cell","floor":15,"key":"SMITH"},{"floor":23,"key":"REST"}],"neow_cost":"NONE","seed_source_timestamp":977847808257308,"circlet_count":0,"master_deck":["AscendersBane","Strike_B+1","Strike_B","Strike_B","Strike_B","Defend_B","Defend_B","Defend_B","Defend_B","Zap+1","Dualcast","Beam Cell+1","Sunder+1","Glacier","Buffer+1","Genetic Algorithm+1","Steam","Compile Driver","Auto Shields","Fusion+1","Leap","Sweeping Beam+1"],"relics":["Cracked Core","NeowsBlessing","Boot","Frozen Egg 2","StoneCalendar","Inserter","Ginger","Strawberry"],"potions_floor_usage":[25,25],"damage_taken":[{"damage":0,"enemies":"Cultist","floor":1,"turns":1},{"damage":0,"enemies":"Jaw Worm","floor":7,"turns":1},{"damage":0,"enemies":"Gremlin Nob","floor":8,"turns":1},{"damage":3,"enemies":"3 Sentries","floor":11,"turns":7},{"damage":0,"enemies":"Small Slimes","floor":13,"turns":3},{"damage":10,"enemies":"Red Slaver","floor":14,"turns":3},{"damage":2,"enemies":"Hexaghost","floor":16,"turns":9},{"damage":15,"enemies":"Shell Parasite","floor":18,"turns":6},{"damage":10,"enemies":"Spheric Guardian","floor":19,"turns":7},{"damage":8,"enemies":"Snake Plant","floor":20,"turns":5},{"damage":6,"enemies":"Chosen and Byrds","floor":22,"turns":7},{"damage":0,"enemies":"Centurion and Healer","floor":24,"turns":7},{"damage":13,"enemies":"Book of Stabbing","floor":25,"turns":7},{"damage":49,"enemies":"Gremlin Leader","floor":27,"turns":5}],"seed_played":"5245718314833653258","potions_obtained":[{"floor":11,"key":"Strength Potion"},{"floor":16,"key":"FearPotion"},{"floor":18,"key":"Swift Potion"},{"floor":21,"key":"LiquidBronze"},{"floor":22,"key":"PowerPotion"}],"is_trial":false,"path_per_floor":["M","$","?","?","$","R","M","E","T","R","E","R","M","M","R","B",null,"M","M","M","?","M","R","M","E","T","E"],"character_chosen":"DEFECT","items_purchased":["Sunder","Glacier"],"campfire_rested":1,"item_purchase_floors":[2,5],"current_hp_per_floor":[64,64,64,43,43,43,43,43,43,43,40,40,40,30,30,28,60,45,35,27,27,21,42,42,29,36,0],"gold":309,"neow_bonus":"THREE_ENEMY_KILL","is_prod":false,"is_daily":false,"chose_seed":false,"campfire_upgraded":4,"win_rate":0,"timestamp":1556827047,"path_taken":["M","$","?","?","$","R","M","E","T","R","E","R","M","M","R","BOSS","M","M","M","?","M","R","M","E","T","E"],"build_version":"2019-04-23","purchased_purges":0,"victory":false,"max_hp_per_floor":[71,71,71,71,71,71,71,71,71,71,71,71,71,71,71,71,71,71,71,71,71,71,71,71,71,78,78],"card_choices":[{"not_picked":["Redo","Rebound"],"picked":"Beam Cell","floor":1},{"not_picked":["Aggregate","Stack","Redo"],"picked":"SKIP","floor":7},{"not_picked":["Leap","Cold Snap"],"picked":"Buffer","floor":8},{"not_picked":["Streamline","Leap"],"picked":"Genetic Algorithm","floor":11},{"not_picked":["Streamline","Thunder Strike","Redo"],"picked":"SKIP","floor":13},{"not_picked":["Recycle","Heatsinks+1"],"picked":"Steam","floor":14},{"not_picked":["Redo","Beam Cell"],"picked":"Compile Driver","floor":18},{"not_picked":["Chaos","Capacitor+1"],"picked":"Auto Shields","floor":19},{"not_picked":["Beam Cell+1","Compile Driver"],"picked":"Fusion+1","floor":20},{"not_picked":["Gash","Redo"],"picked":"Leap","floor":22},{"not_picked":["Beam Cell+1","Static Discharge+1","Hyperbeam"],"picked":"SKIP","floor":24},{"not_picked":["Aggregate","All For One"],"picked":"Sweeping Beam+1","floor":25}],"player_experience":1445173,"relics_obtained":[{"floor":8,"key":"Boot"},{"floor":9,"key":"Frozen Egg 2"},{"floor":11,"key":"StoneCalendar"},{"floor":25,"key":"Ginger"},{"floor":26,"key":"Strawberry"}],"event_choices":[{"damage_healed":0,"gold_gain":50,"player_choice":"Gained Gold","damage_taken":0,"max_hp_gain":0,"max_hp_loss":0,"event_name":"Golden Wing","floor":3,"gold_loss":0},{"damage_healed":0,"gold_gain":0,"player_choice":"Entered Light","damage_taken":21,"max_hp_gain":0,"max_hp_loss":0,"event_name":"Shining Light","floor":4,"gold_loss":0,"cards_upgraded":["Strike_B","Zap"]},{"damage_healed":0,"gold_gain":0,"player_choice":"Bought 1 Potion","damage_taken":0,"max_hp_gain":0,"max_hp_loss":0,"event_name":"The Woman in Blue","floor":21,"gold_loss":0}],"is_beta":true,"boss_relics":[{"not_picked":["Pandora\u0027s Box","Busted Crown"],"picked":"Inserter"}],"items_purged_floors":[],"is_endless":false,"potions_floor_spawned":[11,16,18,22,24],"killed_by":"Gremlin Leader","ascension_level":17}