{"gold_per_floor":[111,111,122,135,31,31,31,59,59,59,59,82,82],"floor_reached":13,"playtime":330,"items_purged":["Strike_R"],"score":162,"play_id":"d70e464c-1b51-4ffc-b957-2eda454c510f","local_time":"20190511101517","is_ascension_mode":true,"campfire_choices":[{"data":"Bash","floor":6,"key":"SMITH"},{"data":"True Grit","floor":11,"key":"SMITH"}],"neow_cost":"NONE","seed_source_timestamp":1714036266290688,"circlet_count":0,"master_deck":["AscendersBane","Strike_R","Strike_R","Strike_R","Strike_R","Defend_R","Defend_R","Defend_R","Defend_R","Bash+1","Impervious","Sword Boomerang","Iron Wave","True Grit+1","Headbutt","Pummel"],"relics":["Burning Blood","NeowsBlessing","Paper Frog","Happy Flower","Golden Idol"],"potions_floor_usage":[8],"damage_taken":[{"damage":0,"enemies":"Jaw Worm","floor":1,"turns":1},{"damage":0,"enemies":"Cultist","floor":3,"turns":1},{"damage":0,"enemies":"Small Slimes","floor":4,"turns":1},{"damage":46,"enemies":"Lagavulin","floor":8,"turns":7},{"damage":0,"enemies":"Exordium Wildlife","floor":12,"turns":6},{"damage":52,"enemies":"Gremlin Gang","floor":13,"turns":4}],"seed_played":"512103299111694374","potions_obtained":[{"floor":3,"key":"Swift Potion"},{"floor":4,"key":"Fire Potion"}],"is_trial":false,"path_per_floor":["M","?","M","M","$","R","$","E","T","?","R","M","M"],"character_chosen":"IRONCLAD","items_purchased":["True Grit"],"campfire_rested":0,"item_purchase_floors":[5],"current_hp_per_floor":[74,74,75,75,75,75,75,35,35,35,35,41,0],"gold":82,"neow_bonus":"THREE_ENEMY_KILL","is_prod":false,"is_daily":false,"chose_seed":false,"campfire_upgraded":2,"win_rate":0,"timestamp":1557562517,"path_taken":["M","?","?","M","$","R","$","E","T","?","R","M","M"],"build_version":"2019-05-07","purchased_purges":1,"victory":false,"max_hp_per_floor":[75,75,75,75,75,75,75,75,75,68,68,68,68],"card_choices":[{"not_picked":["Wild Strike","Sever Soul","Fire Breathing"],"picked":"SKIP","floor":1},{"not_picked":["Havoc","Heavy Blade"],"picked":"Sword Boomerang","floor":3},{"not_picked":["Clash","Wild Strike"],"picked":"Iron Wave","floor":4},{"not_picked":["Heavy Blade","Second Wind"],"picked":"Headbutt","floor":8},{"not_picked":["Power Through","Cleave"],"picked":"Pummel","floor":12}],"player_experience":1772012,"relics_obtained":[{"floor":8,"key":"Paper Frog"},{"floor":9,"key":"Happy Flower"}],"event_choices":[{"damage_healed":0,"gold_gain":0,"player_choice":"1 cards matched","damage_taken":0,"max_hp_gain":0,"max_hp_loss":0,"event_name":"Match and Keep!","floor":2,"gold_loss":0,"cards_obtained":["Impervious"]},{"damage_healed":0,"gold_gain":0,"player_choice":"Lose Max HP","damage_taken":0,"relics_obtained":["Golden Idol"],"max_hp_gain":0,"max_hp_loss":7,"event_name":"Golden Idol","floor":10,"gold_loss":0}],"is_beta":true,"boss_relics":[],"items_purged_floors":[5],"is_endless":false,"potions_floor_spawned":[3,4],"killed_by":"Gremlin Gang","ascension_level":19}