{"gold_per_floor":[115,65,75,93,168,168,179,179,203,265,283,316,316,46,46,150,150,170,170,185,202,31,31,43,43,67,67,17,34,34,49,49,152,202,222,222,20,20,38,38,50,50,50,50,82,94,111,128,128,128],"floor_reached":51,"playtime":7310,"items_purged":["Strike_B","Strike_B","Strike_B","Defend_B"],"score":654,"play_id":"9074830a-f3e6-47e4-b596-8dbe8cc6045e","local_time":"20181024212033","is_ascension_mode":false,"campfire_choices":[{"data":"Zap","floor":6,"key":"SMITH"},{"data":"Go for the Eyes","floor":13,"key":"SMITH"},{"data":"Coolheaded","floor":15,"key":"SMITH"},{"data":"Defragment","floor":23,"key":"SMITH"},{"data":"Echo Form","floor":25,"key":"SMITH"},{"floor":32,"key":"REST"},{"data":"Buffer","floor":40,"key":"SMITH"},{"data":"Buffer","floor":42,"key":"SMITH"},{"data":"Barrage","floor":49,"key":"SMITH"}],"neow_cost":"NONE","seed_source_timestamp":563907225889069,"circlet_count":0,"master_deck":["Defend_B","Defend_B","Defend_B+1","Zap+1","Dualcast","Leap","Conserve Battery+1","Ball Lightning","Compile Driver+1","Go for the Eyes+1","Coolheaded+1","Streamline","FTL","Echo Form+1","Barrage+1","Defragment+1","BootSequence","Defragment+1","Ball Lightning","Hologram","Self Repair","Buffer+1","Conserve Battery","Doom and Gloom+1","Buffer+1","Chaos+1","Force Field+1"],"relics":["Cracked Core","Lantern","Potion Belt","Smiling Mask","Regal Pillow","Inserter","PreservedInsect","Tiny House","War Paint","Darkstone Periapt","Vajra","Bag of Marbles"],"potions_floor_usage":[20,21,33,33,33,33,50,50],"damage_taken":[{"damage":1,"enemies":"Jaw Worm","floor":1,"turns":3},{"damage":0,"enemies":"2 Louse","floor":3,"turns":2},{"damage":0,"enemies":"Small Slimes","floor":4,"turns":3},{"damage":1,"enemies":"Exordium Thugs","floor":7,"turns":4},{"damage":14,"enemies":"Lagavulin Event","floor":10,"turns":5},{"damage":0,"enemies":"Red Slaver","floor":11,"turns":3},{"damage":4,"enemies":"Lagavulin","floor":12,"turns":7},{"damage":18,"enemies":"Slime Boss","floor":16,"turns":8},{"damage":3,"enemies":"3 Byrds","floor":18,"turns":5},{"damage":4,"enemies":"Spheric Guardian","floor":20,"turns":4},{"damage":17,"enemies":"Shelled Parasite and Fungi","floor":21,"turns":6},{"damage":8,"enemies":"Chosen and Byrds","floor":24,"turns":6},{"damage":9,"enemies":"Sentry and Sphere","floor":29,"turns":5},{"damage":9,"enemies":"Snecko","floor":31,"turns":6},{"damage":28,"enemies":"Collector","floor":33,"turns":7},{"damage":3,"enemies":"3 Shapes","floor":35,"turns":6},{"damage":1,"enemies":"Orb Walker","floor":39,"turns":3},{"damage":13,"enemies":"Transient","floor":41,"turns":5},{"damage":1,"enemies":"Giant Head","floor":45,"turns":8},{"damage":6,"enemies":"Spire Growth","floor":46,"turns":5},{"damage":8,"enemies":"3 Darklings","floor":47,"turns":7},{"damage":0,"enemies":"Sphere and 2 Shapes","floor":48,"turns":7},{"damage":27,"enemies":"Time Eater","floor":50,"turns":11}],"seed_played":"2436486599821253621","potions_obtained":[{"floor":0,"key":"PowerPotion"},{"floor":0,"key":"Weak Potion"},{"floor":0,"key":"Energy Potion"},{"floor":3,"key":"Block Potion"},{"floor":10,"key":"Regen Potion"},{"floor":16,"key":"Dexterity Potion"},{"floor":21,"key":"SmokeBomb"},{"floor":24,"key":"Dexterity Potion"},{"floor":31,"key":"PowerPotion"},{"floor":34,"key":"Block Potion"},{"floor":45,"key":"FocusPotion"},{"floor":46,"key":"SpeedPotion"}],"is_trial":false,"path_per_floor":["M","?","M","M","?","R","M","?","T","?","M","E","R","$","R","B",null,"M","?","M","M","$","R","M","R","T","?","$","M","$","M","R","B",null,"M","?","$","?","M","R","M","R","T","?","E","M","M","M","R","B"],"character_chosen":"DEFECT","items_purchased":["FTL","Regal Pillow","Defragment","Ball Lightning","War Paint"],"campfire_rested":1,"item_purchase_floors":[14,14,22,22,37],"current_hp_per_floor":[74,74,74,74,67,67,66,66,66,52,52,48,48,48,48,30,75,72,58,54,49,49,49,41,41,41,41,41,32,32,30,69,41,85,85,85,85,85,85,85,79,79,79,79,85,85,84,85,85,65],"gold":128,"neow_bonus":"THREE_SMALL_POTIONS","is_prod":false,"is_daily":false,"chose_seed":false,"campfire_upgraded":8,"win_rate":0.0,"timestamp":1540408833,"path_taken":["M","?","M","M","?","R","?","?","T","?","M","E","R","?","R","BOSS","M","?","M","?","$","R","M","R","T","?","?","M","?","M","R","BOSS","M","?","?","?","M","R","M","R","T","?","E","M","M","?","R","BOSS"],"build_version":"2018-10-18","purchased_purges":4,"victory":true,"max_hp_per_floor":[75,75,75,75,75,75,75,75,75,75,75,75,75,75,75,75,75,75,80,80,80,80,80,80,80,80,80,80,80,80,80,80,80,85,85,85,85,85,85,85,85,85,85,85,85,85,85,85,85,85],"card_choices":[{"not_picked":["Hologram","Lockon"],"picked":"Leap","floor":1},{"not_picked":["Gash","Hologram"],"picked":"Conserve Battery","floor":3},{"not_picked":["Force Field","Coolheaded"],"picked":"Ball Lightning","floor":4},{"not_picked":["Barrage","Doom and Gloom"],"picked":"Compile Driver","floor":7},{"not_picked":["Cold Snap","Reboot"],"picked":"Go for the Eyes","floor":10},{"not_picked":["Gash","Compile Driver"],"picked":"Coolheaded","floor":11},{"not_picked":["Loop","BootSequence"],"picked":"Streamline","floor":12},{"not_picked":["All For One","Rainbow"],"picked":"Echo Form","floor":16},{"not_picked":["Force Field","Stack"],"picked":"Barrage","floor":18},{"not_picked":["Sweeping Beam","Redo"],"picked":"Defragment","floor":20},{"not_picked":["Scrape","Gash"],"picked":"BootSequence","floor":21},{"not_picked":["Coolheaded","Conserve Battery"],"picked":"Hologram","floor":24},{"not_picked":["Gash","Beam Cell"],"picked":"Self Repair","floor":29},{"not_picked":["Beam Cell","Ball Lightning","Rip and Tear+1"],"picked":"SKIP","floor":31},{"not_picked":["Amplify","Multi-Cast"],"picked":"Buffer","floor":33},{"not_picked":["Steam","Rebound"],"picked":"Conserve Battery","floor":34},{"not_picked":["Chill","Hologram"],"picked":"Doom and Gloom+1","floor":35},{"not_picked":["Redo","Go for the Eyes+1"],"picked":"Chaos+1","floor":39},{"not_picked":["Sweeping Beam+1","Buffer","Streamline"],"picked":"SKIP","floor":41},{"not_picked":["Compile Driver","Rebound","Skim+1"],"picked":"SKIP","floor":45},{"not_picked":["Leap","Stack+1","Conserve Battery"],"picked":"SKIP","floor":46},{"not_picked":["Reprogram","Chill"],"picked":"Force Field+1","floor":47},{"not_picked":["Redo","Sweeping Beam+1","Reprogram"],"picked":"SKIP","floor":48}],"player_experience":119089,"relics_obtained":[{"floor":9,"key":"Lantern"},{"floor":10,"key":"Potion Belt"},{"floor":12,"key":"Smiling Mask"},{"floor":26,"key":"PreservedInsect"},{"floor":43,"key":"Darkstone Periapt"},{"floor":45,"key":"Bag of Marbles"}],"event_choices":[{"cards_removed":["Strike_B"],"damage_healed":0,"gold_gain":0,"player_choice":"Card Removal","damage_taken":0,"max_hp_gain":0,"max_hp_loss":0,"event_name":"The Cleric","floor":2,"gold_loss":50},{"damage_healed":0,"gold_gain":75,"player_choice":"Touch","damage_taken":7,"max_hp_gain":0,"max_hp_loss":0,"event_name":"FaceTrader","floor":5,"gold_loss":0},{"damage_healed":0,"gold_gain":0,"player_choice":"Bought 0 Potions","damage_taken":0,"max_hp_gain":0,"max_hp_loss":0,"event_name":"The Woman in Blue","floor":8,"gold_loss":0},{"damage_healed":0,"gold_gain":0,"player_choice":"Searched \u00272\u0027 times","damage_taken":0,"max_hp_gain":0,"max_hp_loss":0,"event_name":"Dead Adventurer","floor":10,"gold_loss":0},{"damage_healed":0,"gold_gain":0,"player_choice":"Shed Blood","damage_taken":19,"max_hp_gain":5,"max_hp_loss":0,"event_name":"Forgotten Altar","floor":19,"gold_loss":0},{"damage_healed":0,"gold_gain":0,"player_choice":"Forge","damage_taken":0,"max_hp_gain":0,"max_hp_loss":0,"event_name":"Accursed Blacksmith","floor":27,"gold_loss":0,"cards_upgraded":["Defragment"]},{"damage_healed":0,"gold_gain":0,"player_choice":"Ignored","damage_taken":0,"max_hp_gain":0,"max_hp_loss":0,"event_name":"Mysterious Sphere","floor":36,"gold_loss":0},{"damage_healed":0,"gold_gain":0,"player_choice":"Copied","damage_taken":0,"max_hp_gain":0,"max_hp_loss":0,"event_name":"Duplicator","floor":38,"gold_loss":0,"cards_obtained":["Buffer"]},{"damage_healed":0,"gold_gain":0,"player_choice":"Gave Potion","damage_taken":0,"relics_obtained":["Vajra"],"max_hp_gain":0,"max_hp_loss":0,"event_name":"WeMeetAgain","floor":44,"gold_loss":0}],"is_beta":false,"boss_relics":[{"not_picked":["Black Star","Calling Bell"],"picked":"Inserter"},{"not_picked":["Empty Cage","Philosopher\u0027s Stone"],"picked":"Tiny House"}],"items_purged_floors":[14,22,28,37],"is_endless":false,"potions_floor_spawned":[3,4,7,10,16,21,24,29,31,45,46],"ascension_level":0}