{"gold_per_floor":[119,6,22,97,97,124,124,156,204,204,204],"floor_reached":11,"playtime":366,"items_purged":[],"score":198,"play_id":"b595ac36-c938-4ce5-af3b-805bcaa80ea0","local_time":"20190505165651","is_ascension_mode":true,"campfire_choices":[{"data":"Leg Sweep","floor":7,"key":"SMITH"},{"data":"Dodge and Roll","floor":10,"key":"SMITH"}],"neow_cost":"NONE","seed_source_timestamp":1219695068137014,"circlet_count":0,"master_deck":["AscendersBane","Defend_G","Defend_G","Defend_G","Defend_G","Defend_G","Strike_G+1","Strike_G","Strike_G","Strike_G+1","Strike_G","Survivor","Neutralize","Acrobatics","Leg Sweep+1","Dodge and Roll+1","Dodge and Roll","Underhanded Strike"],"relics":["Ring of the Snake","NeowsBlessing","Whetstone","Bag of Preparation","Snake Skull"],"potions_floor_usage":[6,8],"damage_taken":[{"damage":0,"enemies":"Jaw Worm","floor":1,"turns":1},{"damage":0,"enemies":"Cultist","floor":3,"turns":1},{"damage":0,"enemies":"Gremlin Nob","floor":6,"turns":1},{"damage":16,"enemies":"3 Sentries","floor":8,"turns":20},{"damage":41,"enemies":"Lagavulin","floor":11,"turns":9}],"seed_played":"-3508333558914767221","potions_obtained":[{"floor":5,"key":"Fire Potion"},{"floor":5,"key":"Regen Potion"}],"is_trial":false,"path_per_floor":["M","$","M","?","?","E","R","E","T","R","E"],"character_chosen":"THE_SILENT","items_purchased":["Leg Sweep","Dodge and Roll"],"campfire_rested":0,"item_purchase_floors":[2,2],"current_hp_per_floor":[59,59,59,48,48,48,48,32,32,32,0],"gold":204,"neow_bonus":"THREE_ENEMY_KILL","is_prod":false,"is_daily":false,"chose_seed":false,"campfire_upgraded":2,"win_rate":0,"timestamp":1557068211,"path_taken":["M","$","M","?","?","E","R","E","T","R","E"],"build_version":"2019-04-23","purchased_purges":0,"victory":false,"max_hp_per_floor":[66,66,66,66,66,66,66,66,66,66,66],"card_choices":[{"not_picked":["Dagger Throw","Outmaneuver"],"picked":"Acrobatics","floor":1},{"not_picked":["Flechettes","Quick Slash"],"picked":"Dodge and Roll","floor":3},{"not_picked":["Distraction","Infinite Blades","Quick Slash"],"picked":"SKIP","floor":6},{"not_picked":["Bane","Terror"],"picked":"Underhanded Strike","floor":8}],"player_experience":1526915,"relics_obtained":[{"floor":6,"key":"Whetstone"},{"floor":8,"key":"Bag of Preparation"},{"floor":9,"key":"Snake Skull"}],"event_choices":[{"damage_healed":0,"gold_gain":75,"player_choice":"Gather Gold","damage_taken":11,"max_hp_gain":0,"max_hp_loss":0,"event_name":"World of Goop","floor":4,"gold_loss":0},{"damage_healed":0,"gold_gain":0,"player_choice":"Got Potions","damage_taken":0,"max_hp_gain":0,"max_hp_loss":0,"event_name":"Lab","floor":5,"gold_loss":0}],"is_beta":true,"boss_relics":[],"items_purged_floors":[],"is_endless":false,"potions_floor_spawned":[],"killed_by":"Lagavulin","ascension_level":18}