{"gold_per_floor":[115,265,340,39,39,69,69,104,104,104,114,135,154,174,174,174],"floor_reached":16,"playtime":394,"items_purged":["Doubt"],"score":316,"play_id":"98661a12-32b3-4765-abbe-f43d99367944","local_time":"20190514170027","is_ascension_mode":true,"campfire_choices":[{"data":"Bash","floor":7,"key":"SMITH"},{"data":"Limit Break","floor":10,"key":"SMITH"},{"data":"Armaments","floor":15,"key":"SMITH"}],"neow_cost":"NONE","seed_source_timestamp":1997481488405479,"circlet_count":0,"master_deck":["AscendersBane","Strike_R","Strike_R","Strike_R","Strike_R","Defend_R","Defend_R","Defend_R","Defend_R","Bash+1","Metallicize","Shrug It Off","Armaments+1","Thunderclap","Dropkick","Feel No Pain","Limit Break+1","Battle Trance","Pummel","Heavy Blade","Iron Wave"],"relics":["Burning Blood","NeowsBlessing","Centennial Puzzle","Nunchaku","Dodecahedron","Odd Mushroom"],"potions_floor_usage":[16,16],"damage_taken":[{"damage":0,"enemies":"Jaw Worm","floor":1,"turns":1},{"damage":0,"enemies":"Lagavulin","floor":6,"turns":1},{"damage":0,"enemies":"3 Sentries","floor":8,"turns":2},{"damage":12,"enemies":"Small Slimes","floor":11,"turns":4},{"damage":27,"enemies":"The Mushroom Lair","floor":12,"turns":4},{"damage":11,"enemies":"Cultist","floor":13,"turns":4},{"damage":19,"enemies":"Exordium Wildlife","floor":14,"turns":4},{"damage":28,"enemies":"Slime Boss","floor":16,"turns":3}],"seed_played":"-2984564960991121580","potions_obtained":[{"floor":1,"key":"Strength Potion"},{"floor":6,"key":"Strength Potion"},{"floor":14,"key":"SteroidPotion"}],"is_trial":false,"path_per_floor":["M","?","?","$","?","E","R","E","T","R","M","?","M","M","R","B"],"character_chosen":"IRONCLAD","items_purchased":["Shrug It Off","Armaments","Thunderclap","Dropkick"],"campfire_rested":0,"item_purchase_floors":[4,4,4,4],"current_hp_per_floor":[74,74,63,63,56,62,62,68,68,68,62,41,36,23,23,0],"gold":174,"neow_bonus":"THREE_ENEMY_KILL","is_prod":false,"is_daily":false,"chose_seed":false,"campfire_upgraded":3,"win_rate":0,"timestamp":1557846027,"path_taken":["M","?","?","$","?","E","R","E","T","R","M","?","M","M","R","BOSS"],"build_version":"2019-05-07","purchased_purges":1,"victory":false,"max_hp_per_floor":[75,75,75,75,75,75,75,75,75,75,75,75,75,75,75,75],"card_choices":[{"not_picked":["Blood for Blood","Body Slam"],"picked":"Metallicize","floor":1},{"not_picked":["Thunderclap","Cleave"],"picked":"Feel No Pain","floor":6},{"not_picked":["Bludgeon","True Grit"],"picked":"Limit Break","floor":8},{"not_picked":["Clothesline","Second Wind"],"picked":"Battle Trance","floor":11},{"not_picked":["Flex","Clothesline"],"picked":"Pummel","floor":12},{"not_picked":["Carnage","Sever Soul"],"picked":"Heavy Blade","floor":13},{"not_picked":["Thunderclap","Carnage"],"picked":"Iron Wave","floor":14}],"player_experience":1891359,"relics_obtained":[{"floor":6,"key":"Centennial Puzzle"},{"floor":8,"key":"Nunchaku"},{"floor":9,"key":"Dodecahedron"},{"floor":12,"key":"Odd Mushroom"}],"event_choices":[{"damage_healed":0,"gold_gain":150,"player_choice":"AGREE","damage_taken":0,"max_hp_gain":0,"max_hp_loss":0,"event_name":"Liars Game","floor":2,"gold_loss":0,"cards_obtained":["Doubt"]},{"damage_healed":0,"gold_gain":75,"player_choice":"Gather Gold","damage_taken":11,"max_hp_gain":0,"max_hp_loss":0,"event_name":"World of Goop","floor":3,"gold_loss":0},{"cards_removed":["Strike_R"],"damage_healed":0,"gold_gain":0,"player_choice":"Card Removal","damage_taken":7,"max_hp_gain":0,"max_hp_loss":0,"event_name":"Golden Wing","floor":5,"gold_loss":0},{"damage_healed":0,"gold_gain":0,"player_choice":"Fought Mushrooms","damage_taken":0,"max_hp_gain":0,"max_hp_loss":0,"event_name":"Mushrooms","floor":12,"gold_loss":0}],"is_beta":true,"boss_relics":[],"items_purged_floors":[4],"is_endless":false,"potions_floor_spawned":[1,6,14],"killed_by":"Slime Boss","ascension_level":20}