{"gold_per_floor":[115,115,135,149,169,199,199,34,34,34,59,71,71,92,92,166,166,176,126,136,149,149,149,183,183,210,210,242,259,284,35,35,35],"floor_reached":33,"playtime":987,"items_purged":[],"score":620,"play_id":"4b896f84-cdfe-453e-bdde-9838ba260900","local_time":"20190506200548","is_ascension_mode":true,"campfire_choices":[{"data":"Perfected Strike","floor":7,"key":"SMITH"},{"data":"Armaments","floor":10,"key":"SMITH"},{"floor":15,"key":"REST"},{"data":"Perfected Strike","floor":23,"key":"SMITH"},{"data":"Bash","floor":25,"key":"SMITH"},{"floor":27,"key":"REST"},{"data":"Pommel Strike","floor":32,"key":"SMITH"}],"neow_cost":"NONE","seed_source_timestamp":1316810003416403,"circlet_count":0,"master_deck":["AscendersBane","Strike_R","Strike_R","Strike_R","Strike_R","Strike_R","Defend_R","Defend_R","Defend_R","Defend_R","Bash+1","Perfected Strike+1","Intimidate","Cleave","Perfected Strike+1","Armaments+1","Rage","Perfected Strike+1","Wild Strike","Impervious","Twin Strike","Twin Strike","Metallicize+1","Intimidate","Pummel","Flame Barrier","Battle Trance+1","Perfected Strike+1","Shrug It Off+1","Pommel Strike+1","Shockwave"],"relics":["Burning Blood","Art of War","Strawberry","Happy Flower","Frozen Egg 2","Ornamental Fan","WingedGreaves","Odd Mushroom","Orrery","Bottled Tornado","PreservedInsect","Bag of Marbles","Oddly Smooth Stone","Membership Card"],"potions_floor_usage":[6,24,28,33,33],"damage_taken":[{"damage":6,"enemies":"2 Louse","floor":1,"turns":3},{"damage":1,"enemies":"Cultist","floor":3,"turns":3},{"damage":9,"enemies":"Small Slimes","floor":4,"turns":2},{"damage":4,"enemies":"Looter","floor":5,"turns":3},{"damage":35,"enemies":"3 Sentries","floor":6,"turns":7},{"damage":30,"enemies":"Lagavulin","floor":11,"turns":4},{"damage":3,"enemies":"Blue Slaver","floor":12,"turns":2},{"damage":14,"enemies":"The Mushroom Lair","floor":14,"turns":4},{"damage":42,"enemies":"The Guardian","floor":16,"turns":9},{"damage":11,"enemies":"2 Thieves","floor":18,"turns":2},{"damage":0,"enemies":"Spheric Guardian","floor":20,"turns":2},{"damage":0,"enemies":"Snake Plant","floor":21,"turns":2},{"damage":43,"enemies":"Book of Stabbing","floor":24,"turns":4},{"damage":10,"enemies":"Gremlin Leader","floor":28,"turns":3},{"damage":6,"enemies":"Centurion and Healer","floor":29,"turns":3},{"damage":7,"enemies":"Slavers","floor":30,"turns":3},{"damage":70,"enemies":"Automaton","floor":33,"turns":10}],"seed_played":"1669734480086041109","potions_obtained":[{"floor":4,"key":"Regen Potion"},{"floor":5,"key":"BloodPotion"},{"floor":6,"key":"Fire Potion"},{"floor":29,"key":"Block Potion"},{"floor":30,"key":"Block Potion"}],"is_trial":false,"path_per_floor":["M","?","M","M","M","E","R","$","T","R","E","M","?","?","R","B",null,"M","?","M","M","$","R","E","R","T","R","E","M","E","$","R","B"],"character_chosen":"IRONCLAD","items_purchased":["Happy Flower","Membership Card","Shockwave"],"campfire_rested":2,"item_purchase_floors":[8,31,31],"current_hp_per_floor":[68,68,73,70,72,57,57,57,57,57,33,36,31,23,47,11,64,59,59,65,71,71,71,48,48,48,72,68,68,67,67,67,0],"gold":35,"neow_bonus":"RANDOM_COMMON_RELIC","is_prod":false,"is_daily":false,"chose_seed":false,"campfire_upgraded":5,"win_rate":0,"timestamp":1557165948,"path_taken":["M","?","M","M","M","E","R","$","T","R","E","M","?","?","R","BOSS","M","?","M","?","$","R","E","R","T","R","E","M","E","?","R","BOSS"],"build_version":"2019-04-23","purchased_purges":0,"victory":false,"max_hp_per_floor":[75,75,75,75,75,82,82,82,82,82,82,82,82,82,82,82,82,82,82,82,82,82,82,82,82,82,82,82,82,82,82,82,82],"card_choices":[{"not_picked":["True Grit","Flex"],"picked":"Perfected Strike","floor":1},{"not_picked":["Second Wind","Carnage"],"picked":"Intimidate","floor":3},{"not_picked":["Seeing Red","Dropkick"],"picked":"Cleave","floor":4},{"not_picked":["Corruption","Reckless Charge"],"picked":"Perfected Strike","floor":5},{"not_picked":["Twin Strike","Body Slam"],"picked":"Armaments","floor":6},{"not_picked":["Entrench","Sword Boomerang"],"picked":"Rage","floor":11},{"not_picked":["Warcry","Searing Blow"],"picked":"Perfected Strike","floor":12},{"not_picked":["Clash","Rupture+1"],"picked":"Wild Strike","floor":14},{"not_picked":["Double Tap","Juggernaut+1"],"picked":"Impervious","floor":16},{"not_picked":["Searing Blow","Armaments"],"picked":"Twin Strike","floor":17},{"not_picked":["Body Slam","Dual Wield"],"picked":"Twin Strike","floor":17},{"not_picked":["Shrug It Off","Infernal Blade"],"picked":"Metallicize+1","floor":17},{"not_picked":["Thunderclap","Anger"],"picked":"Intimidate","floor":17},{"not_picked":["Flex","Searing Blow"],"picked":"Pummel","floor":17},{"not_picked":["Heavy Blade","Shrug It Off"],"picked":"Flame Barrier","floor":18},{"not_picked":["Warcry","Reckless Charge"],"picked":"Battle Trance+1","floor":20},{"not_picked":["Flex","Rage"],"picked":"Perfected Strike","floor":21},{"not_picked":["Bludgeon","Sever Soul"],"picked":"Shrug It Off+1","floor":24},{"not_picked":["Warcry","Evolve+1","Sword Boomerang"],"picked":"SKIP","floor":28},{"not_picked":["Havoc","Flame Barrier"],"picked":"Pommel Strike","floor":29},{"not_picked":["Rupture+1","Headbutt","Sword Boomerang"],"picked":"SKIP","floor":30}],"player_experience":1546349,"relics_obtained":[{"floor":6,"key":"Strawberry"},{"floor":9,"key":"Frozen Egg 2"},{"floor":11,"key":"Ornamental Fan"},{"floor":14,"key":"Odd Mushroom"},{"floor":24,"key":"Bottled Tornado"},{"floor":26,"key":"PreservedInsect"},{"floor":28,"key":"Bag of Marbles"},{"floor":30,"key":"Oddly Smooth Stone"}],"event_choices":[{"damage_healed":0,"gold_gain":0,"player_choice":"Grow","damage_taken":0,"max_hp_gain":0,"max_hp_loss":0,"event_name":"Living Wall","floor":2,"gold_loss":0,"cards_upgraded":["Perfected Strike"]},{"damage_healed":0,"gold_gain":0,"player_choice":"Success","damage_taken":5,"relics_obtained":["WingedGreaves"],"max_hp_gain":0,"max_hp_loss":0,"event_name":"Scrap Ooze","floor":13,"gold_loss":0},{"damage_healed":0,"gold_gain":0,"player_choice":"Fought Mushrooms","damage_taken":0,"max_hp_gain":0,"max_hp_loss":0,"event_name":"Mushrooms","floor":14,"gold_loss":0},{"damage_healed":0,"gold_gain":0,"player_choice":"Upgrade","damage_taken":0,"max_hp_gain":0,"max_hp_loss":0,"event_name":"Designer","floor":19,"gold_loss":50,"cards_upgraded":["Perfected Strike"]}],"is_beta":true,"boss_relics":[{"not_picked":["Runic Dome","Runic Pyramid"],"picked":"Orrery"}],"items_purged_floors":[],"is_endless":false,"potions_floor_spawned":[4,5,6,11,14,20,21,29,30],"killed_by":"Automaton","ascension_level":18}