{"gold_per_floor":[117,82,157,175,175,175,175,175,175,175,189,12,12,12,12,117,117,131,131,46,64,76,76,76,76,123,136,147,66,81,81],"floor_reached":31,"playtime":1665,"items_purged":[],"score":312,"play_id":"3bbbe474-4ff8-47dd-b6f2-4db34fe4fe19","local_time":"20190313224758","is_ascension_mode":true,"campfire_choices":[{"data":"Defragment","floor":6,"key":"SMITH"},{"data":"Loop","floor":8,"key":"SMITH"},{"data":"Blizzard","floor":10,"key":"SMITH"},{"floor":13,"key":"REST"},{"data":"The Bomb","floor":15,"key":"SMITH"},{"floor":23,"key":"REST"},{"floor":25,"key":"REST"}],"neow_cost":"PERCENT_DAMAGE","seed_source_timestamp":12884060495300,"circlet_count":0,"master_deck":["Strike_B","Strike_B","Defend_B","Defend_B","Defend_B","Zap+1","Dualcast+1","Loop+1","BootSequence","Blizzard+1","Defragment+1","BootSequence","Coolheaded","The Bomb+1","Creative AI","Redo+1","Sunder","Purity","Redo","Doom and Gloom","Defragment","Buffer"],"relics":["Cracked Core","Cables","Inserter","Dodecahedron","Bag of Marbles"],"potions_floor_usage":[16,27,28,31],"damage_taken":[{"damage":0,"enemies":"Jaw Worm","floor":1,"turns":3},{"damage":3,"enemies":"Small Slimes","floor":4,"turns":3},{"damage":0,"enemies":"Cultist","floor":11,"turns":3},{"damage":27,"enemies":"The Guardian","floor":16,"turns":8},{"damage":0,"enemies":"Chosen","floor":18,"turns":4},{"damage":22,"enemies":"Spheric Guardian","floor":21,"turns":4},{"damage":14,"enemies":"Shelled Parasite and Fungi","floor":22,"turns":5},{"damage":8,"enemies":"Snecko","floor":27,"turns":5},{"damage":26,"enemies":"Centurion and Healer","floor":28,"turns":7},{"damage":16,"enemies":"Cultist and Chosen","floor":30,"turns":6},{"damage":14,"enemies":"Book of Stabbing","floor":31,"turns":2}],"seed_played":"5463820530572754541","potions_obtained":[{"floor":1,"key":"EssenceOfSteel"},{"floor":16,"key":"Explosive Potion"},{"floor":27,"key":"LiquidBronze"},{"floor":28,"key":"Swift Potion"},{"floor":30,"key":"SteroidPotion"}],"is_trial":false,"path_per_floor":["M","?","?","M","?","R","?","R","T","R","M","$","R","$","R","B",null,"M","?","?","M","M","R","?","R","T","M","M","$","M","E"],"character_chosen":"DEFECT","items_purchased":["The Bomb","Defragment"],"campfire_rested":3,"item_purchase_floors":[12,29],"current_hp_per_floor":[50,68,61,58,58,58,43,43,43,43,43,43,65,65,65,38,66,66,66,66,44,30,52,38,60,60,52,26,26,10,0],"gold":81,"neow_bonus":"TRANSFORM_TWO_CARDS","is_prod":false,"is_daily":false,"chose_seed":false,"campfire_upgraded":4,"win_rate":0,"timestamp":1552531678,"path_taken":["M","?","?","?","?","R","?","R","T","R","M","$","R","$","R","BOSS","M","?","?","M","M","R","?","R","T","M","M","$","?","E"],"build_version":"2019-01-23","purchased_purges":0,"victory":false,"max_hp_per_floor":[75,75,75,75,75,75,75,75,75,75,75,75,75,75,75,75,75,75,75,75,75,75,75,75,75,75,75,75,75,75,75],"card_choices":[{"not_picked":["Gash","Sweeping Beam"],"picked":"Blizzard","floor":1},{"not_picked":["Doom and Gloom","FTL"],"picked":"Defragment","floor":4},{"not_picked":["Storm","Barrage"],"picked":"Coolheaded","floor":11},{"not_picked":["Reboot","All For One"],"picked":"Creative AI","floor":16},{"not_picked":["Compile Driver+1","Hologram"],"picked":"Redo+1","floor":18},{"not_picked":["Hello World","Stack","Go for the Eyes"],"picked":"SKIP","floor":21},{"not_picked":["Conserve Battery","Turbo"],"picked":"Sunder","floor":22},{"not_picked":["Leap","Aggregate"],"picked":"Redo","floor":27},{"not_picked":["Conserve Battery","Fusion+1"],"picked":"Doom and Gloom","floor":28},{"not_picked":["Hologram","Hello World"],"picked":"Buffer","floor":30}],"player_experience":2408933,"relics_obtained":[{"floor":9,"key":"Cables"},{"floor":26,"key":"Bag of Marbles"}],"event_choices":[{"damage_healed":18,"gold_gain":0,"player_choice":"Healed","damage_taken":0,"max_hp_gain":0,"max_hp_loss":0,"event_name":"The Cleric","floor":2,"gold_loss":35},{"damage_healed":0,"gold_gain":75,"player_choice":"Touch","damage_taken":7,"max_hp_gain":0,"max_hp_loss":0,"event_name":"FaceTrader","floor":3,"gold_loss":0},{"damage_healed":0,"gold_gain":0,"cards_transformed":["Defend_B"],"player_choice":"Change","damage_taken":0,"max_hp_gain":0,"max_hp_loss":0,"event_name":"Living Wall","floor":5,"gold_loss":0,"cards_obtained":["BootSequence"]},{"damage_healed":0,"gold_gain":0,"player_choice":"Entered Light","damage_taken":15,"max_hp_gain":0,"max_hp_loss":0,"event_name":"Shining Light","floor":7,"gold_loss":0,"cards_upgraded":["Zap","Dualcast"]},{"damage_healed":0,"gold_gain":0,"player_choice":"Ignored","damage_taken":0,"max_hp_gain":0,"max_hp_loss":0,"event_name":"Beggar","floor":19,"gold_loss":0},{"damage_healed":0,"gold_gain":0,"player_choice":"Obtained Relic","damage_taken":0,"relics_obtained":["Dodecahedron"],"max_hp_gain":0,"max_hp_loss":0,"event_name":"Addict","floor":20,"gold_loss":85},{"damage_healed":0,"gold_gain":0,"player_choice":"CARD ","damage_taken":14,"max_hp_gain":0,"max_hp_loss":0,"event_name":"Knowing Skull","floor":24,"potions_obtained":[],"gold_loss":0,"cards_obtained":["Purity"]}],"is_beta":false,"boss_relics":[{"not_picked":["Orrery","Runic Dome"],"picked":"Inserter"}],"items_purged_floors":[],"is_endless":false,"potions_floor_spawned":[1,16,27,28,30],"killed_by":"Book of Stabbing","ascension_level":8}