{"gold_per_floor":[117,130,305,305,316,316,331,331,383,412,422,452,464,525,525,620,620,638,638,652,567,587,587],"floor_reached":23,"playtime":1903,"items_purged":[],"score":224,"play_id":"3660cf3d-c040-4836-be3b-9851d22b493a","local_time":"20181101182904","is_ascension_mode":true,"campfire_choices":[{"floor":6,"key":"RECALL"},{"data":"Electrodynamics","floor":8,"key":"SMITH"},{"floor":15,"key":"REST"}],"neow_cost":"PERCENT_DAMAGE","seed_source_timestamp":284834102292465,"circlet_count":0,"master_deck":["Strike_B","Strike_B","Strike_B","Defend_B","Defend_B","Defend_B","Defend_B","Zap","Dualcast","Electrodynamics+1","Leap","Conserve Battery","BootSequence","Capacitor","Hologram","Ball Lightning","Core Surge","Buffer","Cold Snap+1","White Noise","Force Field+1"],"relics":["Cracked Core","Strawberry","Vajra","Regal Pillow","Tiny Chest","Inserter","Bird Faced Urn"],"potions_floor_usage":[12,14,22,22,23,23],"damage_taken":[{"damage":5,"enemies":"Small Slimes","floor":1,"turns":3},{"damage":1,"enemies":"Cultist","floor":2,"turns":4},{"damage":0,"enemies":"2 Louse","floor":5,"turns":2},{"damage":3,"enemies":"Lots of Slimes","floor":7,"turns":3},{"damage":11,"enemies":"3 Sentries","floor":10,"turns":4},{"damage":9,"enemies":"Looter","floor":11,"turns":4},{"damage":22,"enemies":"Lagavulin","floor":12,"turns":7},{"damage":1,"enemies":"Large Slime","floor":13,"turns":5},{"damage":7,"enemies":"Gremlin Nob","floor":14,"turns":4},{"damage":6,"enemies":"Slime Boss","floor":16,"turns":7},{"damage":29,"enemies":"2 Thieves","floor":18,"turns":5},{"damage":2,"enemies":"Chosen","floor":20,"turns":5},{"damage":11,"enemies":"Centurion and Healer","floor":22,"turns":8},{"damage":53,"enemies":"Book of Stabbing","floor":23,"turns":7}],"seed_played":"6210056630008539945","potions_obtained":[{"floor":2,"key":"Strength Potion"},{"floor":5,"key":"PowerPotion"},{"floor":10,"key":"Swift Potion"},{"floor":14,"key":"Dexterity Potion"},{"floor":20,"key":"Dexterity Potion"},{"floor":22,"key":"Energy Potion"}],"is_trial":false,"path_per_floor":["M","M","?","?","M","R","M","R","T","E","M","E","M","E","R","B",null,"M","?","M","?","M","E"],"character_chosen":"DEFECT","items_purchased":[],"campfire_rested":1,"item_purchase_floors":[],"current_hp_per_floor":[49,48,48,48,48,48,45,45,52,41,32,10,9,2,41,35,82,53,53,51,51,48,0],"gold":587,"neow_bonus":"THREE_RARE_CARDS","is_prod":false,"is_daily":false,"chose_seed":false,"campfire_upgraded":1,"win_rate":0,"timestamp":1541093344,"path_taken":["M","M","?","?","M","R","?","R","T","E","M","E","M","E","R","BOSS","M","?","?","?","M","E"],"build_version":"2018-10-31v2","purchased_purges":0,"victory":false,"max_hp_per_floor":[75,75,75,75,75,75,75,75,82,82,82,82,82,82,82,82,82,82,82,82,82,82,82],"card_choices":[{"not_picked":["Multi-Cast","Rainbow"],"picked":"Electrodynamics","floor":0},{"not_picked":["Sweeping Beam","Turbo"],"picked":"Leap","floor":1},{"not_picked":["Skim","Compile Driver"],"picked":"Conserve Battery","floor":2},{"not_picked":["Beam Cell","Conserve Battery"],"picked":"BootSequence","floor":5},{"not_picked":["Hello World","Reinforced Body"],"picked":"Capacitor","floor":7},{"not_picked":["Auto Shields","Electrodynamics"],"picked":"Hologram","floor":10},{"not_picked":["Gash","Sweeping Beam"],"picked":"Ball Lightning","floor":11},{"not_picked":["Rebound","Steam","Ball Lightning"],"picked":"SKIP","floor":12},{"not_picked":["Recycle","Capacitor","Turbo"],"picked":"SKIP","floor":13},{"not_picked":["Sweeping Beam","Storm"],"picked":"Core Surge","floor":14},{"not_picked":["Electrodynamics","Thunder Strike"],"picked":"Buffer","floor":16},{"not_picked":["Capacitor+1","Reprogram"],"picked":"Cold Snap+1","floor":18},{"not_picked":["Cold Snap","Skim"],"picked":"White Noise","floor":20},{"not_picked":["Beam Cell","Sweeping Beam"],"picked":"Force Field+1","floor":22}],"player_experience":199707,"relics_obtained":[{"floor":9,"key":"Strawberry"},{"floor":10,"key":"Vajra"},{"floor":12,"key":"Regal Pillow"},{"floor":14,"key":"Tiny Chest"}],"event_choices":[{"damage_healed":0,"gold_gain":175,"player_choice":"AGREE","damage_taken":0,"max_hp_gain":0,"max_hp_loss":0,"event_name":"Liars Game","floor":3,"gold_loss":0,"cards_obtained":["Doubt"]},{"cards_removed":["Strike_B"],"damage_healed":0,"gold_gain":0,"player_choice":"Offered Basic","damage_taken":0,"max_hp_gain":0,"max_hp_loss":0,"event_name":"Bonfire Elementals","floor":4,"gold_loss":0},{"cards_removed":["Doubt"],"damage_healed":0,"gold_gain":0,"player_choice":"Removed Curses","damage_taken":0,"max_hp_gain":0,"max_hp_loss":0,"event_name":"Fountain of Cleansing","floor":19,"gold_loss":0},{"damage_healed":0,"gold_gain":0,"player_choice":"Obtained Relic","damage_taken":0,"relics_obtained":["Bird Faced Urn"],"max_hp_gain":0,"max_hp_loss":0,"event_name":"Addict","floor":21,"gold_loss":85}],"is_beta":true,"boss_relics":[{"not_picked":["Sozu","Pandora\u0027s Box"],"picked":"Inserter"}],"items_purged_floors":[],"is_endless":false,"potions_floor_spawned":[2,5,10,14,20,22],"killed_by":"Book of Stabbing","ascension_level":1}