{"gold_per_floor":[114,131,131,28,42,42,71,71,116,135,145,145,71,131,131,204,204,215,229,229,29,39,39,72,47,47,47,47,47,58,58],"floor_reached":31,"playtime":1697,"items_purged":[],"score":455,"play_id":"b8f78ad8-f813-48d6-84f1-deed5a406767","local_time":"20190502153618","is_ascension_mode":true,"campfire_choices":[{"data":"Neutralize","floor":6,"key":"SMITH"},{"floor":8,"key":"REST"},{"data":"Catalyst","floor":12,"key":"SMITH"},{"floor":15,"key":"REST"},{"floor":23,"key":"REST"},{"floor":29,"key":"REST"}],"neow_cost":"NONE","seed_source_timestamp":954330951689555,"circlet_count":0,"master_deck":["AscendersBane","Defend_G","Defend_G","Defend_G","Defend_G","Defend_G","Strike_G","Strike_G","Strike_G+1","Strike_G+1","Survivor","Neutralize+1","Poisoned Stab","Blur","Cloak And Dagger","Backstab","Acrobatics","Backflip","Bouncing Flask","Bouncing Flask","Catalyst+1","Dash","Prepared","Burst","Flying Knee","Caltrops","Bouncing Flask","Predator","Concentrate","Setup","Cloak And Dagger","Cloak And Dagger","Escape Plan","Deadly Poison"],"relics":["Ring of the Snake","Pen Nib","Dream Catcher","Fusion Hammer","Unceasing Top","Juzu Bracelet","Anchor"],"potions_floor_usage":[11,22,24],"damage_taken":[{"damage":1,"enemies":"Cultist","floor":1,"turns":4},{"damage":2,"enemies":"Jaw Worm","floor":2,"turns":4},{"damage":4,"enemies":"2 Louse","floor":5,"turns":3},{"damage":28,"enemies":"Gremlin Nob","floor":7,"turns":5},{"damage":0,"enemies":"Red Slaver","floor":10,"turns":4},{"damage":0,"enemies":"Gremlin Gang","floor":11,"turns":3},{"damage":40,"enemies":"Slime Boss","floor":16,"turns":11},{"damage":11,"enemies":"Shell Parasite","floor":18,"turns":3},{"damage":2,"enemies":"Chosen","floor":19,"turns":4},{"damage":6,"enemies":"Snake Plant","floor":22,"turns":3},{"damage":52,"enemies":"Slavers","floor":24,"turns":5},{"damage":5,"enemies":"Centurion and Healer","floor":30,"turns":7},{"damage":33,"enemies":"Gremlin Leader","floor":31,"turns":5}],"seed_played":"3611202622854280633","potions_obtained":[{"floor":1,"key":"Dexterity Potion"},{"floor":7,"key":"Block Potion"},{"floor":10,"key":"Poison Potion"},{"floor":22,"key":"Regen Potion"},{"floor":24,"key":"Ancient Potion"}],"is_trial":false,"path_per_floor":["M","M","?","$","M","R","E","R","T","M","M","R","$","?","R","B",null,"M","M","?","$","M","R","E","$","T","?","?","R","M","E"],"character_chosen":"THE_SILENT","items_purchased":["Backstab","Acrobatics","Dash","Caltrops","Bouncing Flask","Predator","Cloak And Dagger"],"campfire_rested":4,"item_purchase_floors":[4,4,13,21,21,21,25],"current_hp_per_floor":[58,56,36,36,32,32,4,23,23,23,23,23,23,23,42,2,50,39,37,37,37,31,50,13,13,13,13,13,32,27,0],"gold":58,"neow_bonus":"THREE_CARDS","is_prod":false,"is_daily":false,"chose_seed":false,"campfire_upgraded":2,"win_rate":0,"timestamp":1556804178,"path_taken":["M","M","?","$","M","R","E","R","T","M","M","R","$","?","R","BOSS","M","M","?","?","M","R","E","$","T","?","?","R","M","E"],"build_version":"2019-04-23","purchased_purges":0,"victory":false,"max_hp_per_floor":[66,66,66,66,66,66,66,66,66,66,66,66,66,66,66,66,66,66,66,66,66,66,66,66,66,66,66,66,66,66,66],"card_choices":[{"not_picked":["Eviscerate","Quick Slash"],"picked":"Poisoned Stab","floor":0},{"not_picked":["Flechettes","Cloak And Dagger"],"picked":"Blur","floor":1},{"not_picked":["Poisoned Stab","Tactician"],"picked":"Cloak And Dagger","floor":2},{"not_picked":["Deflect","Catalyst"],"picked":"Backflip","floor":5},{"not_picked":["Phantasmal Killer","Acrobatics"],"picked":"Bouncing Flask","floor":7},{"not_picked":["Outmaneuver","Choke"],"picked":"Bouncing Flask","floor":10},{"not_picked":["Backstab","Calculated Gamble"],"picked":"Catalyst","floor":11},{"not_picked":["Skewer","Concentrate"],"picked":"Prepared","floor":15},{"not_picked":["Glass Knife","Venomology"],"picked":"Burst","floor":16},{"not_picked":["Quick Slash","Accuracy","Distraction"],"picked":"SKIP","floor":18},{"not_picked":["Bane","Underhanded Strike+1"],"picked":"Flying Knee","floor":19},{"not_picked":["Riddle With Holes+1","Infinite Blades"],"picked":"Concentrate","floor":22},{"not_picked":["Acrobatics","Eviscerate"],"picked":"Setup","floor":23},{"not_picked":["Tools of the Trade","Outmaneuver"],"picked":"Cloak And Dagger","floor":24},{"not_picked":["Endless Agony","Eviscerate"],"picked":"Escape Plan","floor":29},{"not_picked":["Acrobatics","Outmaneuver"],"picked":"Deadly Poison","floor":30}],"player_experience":1429835,"relics_obtained":[{"floor":7,"key":"Pen Nib"},{"floor":9,"key":"Dream Catcher"},{"floor":20,"key":"Unceasing Top"},{"floor":24,"key":"Juzu Bracelet"},{"floor":26,"key":"Anchor"}],"event_choices":[{"damage_healed":0,"gold_gain":0,"player_choice":"Entered Light","damage_taken":20,"max_hp_gain":0,"max_hp_loss":0,"event_name":"Shining Light","floor":3,"gold_loss":0,"cards_upgraded":["Strike_G","Strike_G"]},{"damage_healed":0,"gold_gain":60,"player_choice":"Gained Gold","damage_taken":0,"max_hp_gain":0,"max_hp_loss":0,"event_name":"Golden Wing","floor":14,"gold_loss":0},{"damage_healed":0,"gold_gain":0,"player_choice":"Relic","damage_taken":0,"max_hp_gain":0,"max_hp_loss":0,"event_name":"Wheel of Change","floor":20,"gold_loss":0},{"cards_removed":["Strike_G"],"damage_healed":0,"gold_gain":0,"player_choice":"Purged","damage_taken":0,"max_hp_gain":0,"max_hp_loss":0,"event_name":"Purifier","floor":27,"gold_loss":0},{"damage_healed":0,"gold_gain":0,"player_choice":"Ignored","damage_taken":0,"max_hp_gain":0,"max_hp_loss":0,"event_name":"N\u0027loth","floor":28,"gold_loss":0}],"is_beta":true,"boss_relics":[{"not_picked":["White Beast Statue","Busted Crown"],"picked":"Fusion Hammer"}],"items_purged_floors":[],"is_endless":false,"potions_floor_spawned":[1,7,10,22,24],"killed_by":"Gremlin Leader","ascension_level":16}