{"gold_per_floor":[119,119,136,136,147,147,176,176,176,192,117,117,147,47,47,122,122,142,142,142,154,166,166,166],"floor_reached":24,"playtime":630,"items_purged":["Strike_R","Strike_R"],"score":408,"play_id":"af50e5e2-bbf6-4f29-a2a2-0c8eba515831","local_time":"20190517203729","is_ascension_mode":true,"campfire_choices":[{"data":"Bludgeon","floor":6,"key":"SMITH"},{"data":"Bash","floor":8,"key":"SMITH"},{"data":"Shockwave","floor":12,"key":"SMITH"},{"data":"Disarm","floor":15,"key":"SMITH"},{"data":"Strike_R","floor":23,"key":"PURGE"}],"neow_cost":"TEN_PERCENT_HP_LOSS","seed_source_timestamp":2269468149308204,"circlet_count":0,"master_deck":["AscendersBane","Strike_R","Defend_R","Defend_R","Defend_R","Defend_R","Bash+1","Bludgeon+1","Thunderclap","Shockwave+1","Disarm+1","Feel No Pain","Feel No Pain","Double Tap","Shockwave+1"],"relics":["Burning Blood","Peace Pipe","Darkstone Periapt","Nunchaku","Thread and Needle","Snecko Eye","Enchiridion"],"potions_floor_usage":[21,24],"damage_taken":[{"damage":0,"enemies":"Small Slimes","floor":1,"turns":2},{"damage":0,"enemies":"2 Louse","floor":3,"turns":3},{"damage":7,"enemies":"Jaw Worm","floor":5,"turns":3},{"damage":32,"enemies":"Gremlin Nob","floor":7,"turns":4},{"damage":11,"enemies":"Blue Slaver","floor":10,"turns":2},{"damage":5,"enemies":"Lagavulin","floor":13,"turns":5},{"damage":10,"enemies":"Hexaghost","floor":16,"turns":9},{"damage":12,"enemies":"3 Byrds","floor":18,"turns":5},{"damage":0,"enemies":"Chosen","floor":21,"turns":2},{"damage":10,"enemies":"Centurion and Healer","floor":22,"turns":5},{"damage":46,"enemies":"Gremlin Leader","floor":24,"turns":2}],"seed_played":"1049324657045626977","potions_obtained":[{"floor":3,"key":"Ancient Potion"},{"floor":16,"key":"Strength Potion"},{"floor":21,"key":"PowerPotion"}],"is_trial":false,"path_per_floor":["M","?","M","?","M","R","E","R","T","M","$","R","E","$","R","B",null,"M","?","?","M","M","R","E"],"character_chosen":"IRONCLAD","items_purchased":[],"campfire_rested":0,"item_purchase_floors":[],"current_hp_per_floor":[68,50,56,61,60,60,34,34,34,29,29,29,30,30,30,26,61,55,34,34,40,36,36,0],"gold":166,"neow_bonus":"THREE_RARE_CARDS","is_prod":false,"is_daily":false,"chose_seed":false,"campfire_upgraded":4,"win_rate":0,"timestamp":1558118249,"path_taken":["M","?","M","?","M","R","E","R","T","M","$","R","E","$","R","BOSS","M","?","?","?","M","R","E"],"build_version":"2019-05-07","purchased_purges":2,"victory":false,"max_hp_per_floor":[68,68,68,73,73,73,73,73,73,73,73,73,73,73,73,73,73,73,73,73,73,73,73,73],"card_choices":[{"not_picked":["Berserk","Exhume"],"picked":"Bludgeon","floor":0},{"not_picked":["Wild Strike","Body Slam"],"picked":"Thunderclap","floor":1},{"not_picked":["Warcry","Sever Soul","Havoc"],"picked":"SKIP","floor":3},{"not_picked":["Dropkick","Anger"],"picked":"Shockwave","floor":5},{"not_picked":["Warcry","Evolve"],"picked":"Disarm","floor":7},{"not_picked":["Anger","Rampage"],"picked":"Feel No Pain","floor":10},{"not_picked":["Perfected Strike","Dropkick"],"picked":"Feel No Pain","floor":13},{"not_picked":["Exhume","Bludgeon"],"picked":"Double Tap","floor":16},{"not_picked":["Anger","Whirlwind","Clash"],"picked":"SKIP","floor":18},{"not_picked":["Twin Strike","Headbutt","Wild Strike"],"picked":"SKIP","floor":21},{"not_picked":["Cleave","Hemokinesis"],"picked":"Shockwave+1","floor":22}],"player_experience":2013830,"relics_obtained":[{"floor":7,"key":"Darkstone Periapt"},{"floor":9,"key":"Nunchaku"},{"floor":13,"key":"Thread and Needle"},{"floor":19,"key":"Enchiridion"}],"event_choices":[{"damage_healed":0,"gold_gain":0,"player_choice":"Success","damage_taken":18,"relics_obtained":["Peace Pipe"],"max_hp_gain":0,"max_hp_loss":0,"event_name":"Scrap Ooze","floor":2,"gold_loss":0},{"damage_healed":0,"gold_gain":0,"player_choice":"Donut","damage_taken":0,"max_hp_gain":5,"max_hp_loss":0,"event_name":"Big Fish","floor":4,"gold_loss":0},{"damage_healed":0,"gold_gain":0,"player_choice":"Obtained Book","damage_taken":21,"max_hp_gain":0,"max_hp_loss":0,"event_name":"Cursed Tome","floor":19,"gold_loss":0},{"cards_removed":["Strike_R"],"damage_healed":0,"gold_gain":0,"player_choice":"Card Removal","damage_taken":0,"max_hp_gain":0,"max_hp_loss":0,"event_name":"Wheel of Change","floor":20,"gold_loss":0}],"is_beta":true,"boss_relics":[{"not_picked":["Runic Dome","Cursed Key"],"picked":"Snecko Eye"}],"items_purged_floors":[11,14],"is_endless":false,"potions_floor_spawned":[3,16,21,22],"killed_by":"Gremlin Leader","ascension_level":20}