{"gold_per_floor":[116,129,54,64,74,102,117,117,117,143,163,163,183,83,83,180,180,192,207,12,31,43,43,75,75,98,98,98,113,113,126,126,126],"floor_reached":33,"playtime":1424,"items_purged":["Strike_R","Strike_R"],"score":447,"play_id":"9852672d-8cac-4e56-8e49-861bde0a67a9","local_time":"20190110163254","is_ascension_mode":true,"campfire_choices":[{"floor":8,"key":"REST"},{"data":"Armaments","floor":12,"key":"SMITH"},{"data":"Bash","floor":15,"key":"SMITH"},{"floor":23,"key":"REST"},{"floor":25,"key":"REST"},{"data":"Offering","floor":28,"key":"SMITH"},{"data":"Double Tap","floor":30,"key":"SMITH"},{"data":"Battle Trance","floor":32,"key":"SMITH"}],"neow_cost":"NONE","seed_source_timestamp":927569316535300,"circlet_count":0,"master_deck":["AscendersBane","Defend_R","Defend_R","Defend_R","Defend_R","Bash+1","Armaments+1","Wild Strike","Reckless Charge","Spot Weakness","Wild Strike+1","Reckless Charge+1","Uppercut+1","Reaper+1","Double Tap+1","Pummel+1","Flame Barrier","Battle Trance+1","Dropkick+1","Offering+1","Bite+1","Bite+1","Bite+1","Bite+1","Bite+1","Power Through+1","Seeing Red+1"],"relics":["Burning Blood","NeowsBlessing","Molten Egg 2","Letter Opener","Bag of Marbles","Philosopher\u0027s Stone","HandDrill","Magic Flower","Strawberry"],"potions_floor_usage":[16,16,22,24],"damage_taken":[{"damage":0,"enemies":"Cultist","floor":1,"turns":1},{"damage":0,"enemies":"2 Louse","floor":2,"turns":2},{"damage":0,"enemies":"Small Slimes","floor":4,"turns":1},{"damage":25,"enemies":"Exordium Wildlife","floor":5,"turns":6},{"damage":40,"enemies":"Gremlin Nob","floor":6,"turns":5},{"damage":0,"enemies":"3 Louse","floor":7,"turns":2},{"damage":25,"enemies":"Lagavulin","floor":10,"turns":5},{"damage":5,"enemies":"Large Slime","floor":11,"turns":3},{"damage":11,"enemies":"Looter","floor":13,"turns":2},{"damage":19,"enemies":"Slime Boss","floor":16,"turns":9},{"damage":14,"enemies":"Chosen","floor":18,"turns":2},{"damage":9,"enemies":"Shell Parasite","floor":19,"turns":3},{"damage":27,"enemies":"Snake Plant","floor":21,"turns":3},{"damage":23,"enemies":"Shelled Parasite and Fungi","floor":22,"turns":4},{"damage":52,"enemies":"Gremlin Leader","floor":24,"turns":5},{"damage":14,"enemies":"3 Cultists","floor":29,"turns":4},{"damage":11,"enemies":"Centurion and Healer","floor":31,"turns":3},{"damage":102,"enemies":"Champ","floor":33,"turns":10}],"seed_played":"6303982687321194654","potions_obtained":[{"floor":2,"key":"Energy Potion"},{"floor":6,"key":"Dexterity Potion"},{"floor":11,"key":"Fire Potion"},{"floor":13,"key":"LiquidBronze"},{"floor":16,"key":"Ancient Potion"},{"floor":18,"key":"Block Potion"},{"floor":19,"key":"PowerPotion"}],"is_trial":false,"path_per_floor":["M","M","$","M","M","E","M","R","T","E","M","R","M","$","R","B",null,"M","M","$","M","M","R","E","R","T","?","R","M","R","M","R","B"],"character_chosen":"IRONCLAD","items_purchased":["HandDrill"],"campfire_rested":3,"item_purchase_floors":[20],"current_hp_per_floor":[78,80,80,80,61,27,33,57,57,38,39,39,46,46,46,49,72,72,69,69,49,35,59,20,44,51,51,51,60,60,60,60,0],"gold":126,"neow_bonus":"THREE_ENEMY_KILL","is_prod":false,"is_daily":false,"chose_seed":false,"campfire_upgraded":5,"win_rate":0,"timestamp":1547155974,"path_taken":["M","M","$","?","M","E","M","R","T","E","M","R","M","$","R","BOSS","M","M","$","?","M","R","E","R","T","?","R","M","R","M","R","BOSS"],"build_version":"2019-01-03v4","purchased_purges":2,"victory":false,"max_hp_per_floor":[80,80,80,80,80,80,80,80,80,80,80,80,80,80,80,80,80,80,80,80,80,80,80,80,80,87,60,60,60,60,60,60,60],"card_choices":[{"not_picked":["Warcry","Cleave"],"picked":"Armaments","floor":1},{"not_picked":["Blood for Blood","Headbutt"],"picked":"Wild Strike","floor":2},{"not_picked":["Sword Boomerang","Twin Strike"],"picked":"Reckless Charge","floor":4},{"not_picked":["Perfected Strike","Pommel Strike"],"picked":"Spot Weakness","floor":5},{"not_picked":["Headbutt","Corruption"],"picked":"Wild Strike","floor":6},{"not_picked":["Power Through","Warcry"],"picked":"Reckless Charge+1","floor":7},{"not_picked":["Infernal Blade","Wild Strike+1"],"picked":"Uppercut+1","floor":10},{"not_picked":["Intimidate","Wild Strike+1"],"picked":"Reaper+1","floor":11},{"not_picked":["Perfected Strike+1","Thunderclap+1","Inflame"],"picked":"SKIP","floor":13},{"not_picked":["Juggernaut","Offering"],"picked":"Double Tap","floor":16},{"not_picked":["Anger+1","Clash+1"],"picked":"Pummel+1","floor":18},{"not_picked":["Heavy Blade+1","Armaments"],"picked":"Flame Barrier","floor":19},{"not_picked":["Shrug It Off+1","Inflame"],"picked":"Battle Trance","floor":21},{"not_picked":["Thunderclap+1","Wild Strike+1"],"picked":"Dropkick+1","floor":22},{"not_picked":["Flex+1","Rage"],"picked":"Offering","floor":24},{"not_picked":["Havoc","Clothesline+1"],"picked":"Power Through+1","floor":29},{"not_picked":["Rupture","Metallicize"],"picked":"Seeing Red+1","floor":31}],"player_experience":1722870,"relics_obtained":[{"floor":6,"key":"Molten Egg 2"},{"floor":9,"key":"Letter Opener"},{"floor":10,"key":"Bag of Marbles"},{"floor":24,"key":"Magic Flower"},{"floor":26,"key":"Strawberry"}],"event_choices":[{"damage_healed":0,"gold_gain":0,"player_choice":"Became a vampire","damage_taken":0,"max_hp_gain":0,"max_hp_loss":27,"event_name":"Vampires","floor":27,"gold_loss":0,"cards_obtained":["Bite","Bite","Bite","Bite","Bite"]}],"is_beta":false,"boss_relics":[{"not_picked":["Ectoplasm","Velvet Choker"],"picked":"Philosopher\u0027s Stone"}],"items_purged_floors":[3,14],"is_endless":false,"potions_floor_spawned":[2,6,11,13,16,18,19],"killed_by":"Champ","ascension_level":10}