{"gold_per_floor":[367,387,387,9,9,9,9,26,26,26,54,54],"floor_reached":12,"playtime":384,"items_purged":[],"score":133,"play_id":"7dbb99ea-b17b-474c-b086-55403a469a77","local_time":"20190121161943","is_ascension_mode":true,"campfire_choices":[{"data":"Apotheosis","floor":6,"key":"SMITH"}],"neow_cost":"PERCENT_DAMAGE","seed_source_timestamp":39590410731400,"circlet_count":0,"master_deck":["AscendersBane","Strike_R","Strike_R","Strike_R","Strike_R","Strike_R","Defend_R","Defend_R","Defend_R","Defend_R","Bash","Cleave","Pommel Strike","Apotheosis+1","Regret","Searing Blow","Demon Form"],"relics":["Burning Blood","Toolbox","Singing Bowl","Pocketwatch","Meat on the Bone"],"potions_floor_usage":[11],"damage_taken":[{"damage":7,"enemies":"Jaw Worm","floor":1,"turns":3},{"damage":7,"enemies":"2 Louse","floor":2,"turns":4},{"damage":13,"enemies":"Small Slimes","floor":8,"turns":4},{"damage":15,"enemies":"Gremlin Nob","floor":11,"turns":4},{"damage":33,"enemies":"Exordium Thugs","floor":12,"turns":3}],"seed_played":"2011869066874268983","potions_obtained":[{"floor":8,"key":"PowerPotion"}],"is_trial":false,"path_per_floor":["M","M","?","$","?","R","?","M","T","$","E","M"],"character_chosen":"IRONCLAD","items_purchased":["Apotheosis","Toolbox"],"campfire_rested":0,"item_purchase_floors":[4,4],"current_hp_per_floor":[49,48,48,48,48,48,48,41,41,41,32,0],"gold":54,"neow_bonus":"TWO_FIFTY_GOLD","is_prod":false,"is_daily":false,"chose_seed":false,"campfire_upgraded":1,"win_rate":0,"timestamp":1548105583,"path_taken":["M","M","?","$","?","R","?","M","T","$","E","M"],"build_version":"2019-01-17v2","purchased_purges":0,"victory":false,"max_hp_per_floor":[75,75,75,75,75,75,75,75,75,75,75,75],"card_choices":[{"not_picked":["Heavy Blade","Clash"],"picked":"Cleave","floor":1},{"not_picked":["Flex","Body Slam"],"picked":"Pommel Strike","floor":2},{"not_picked":["Corruption","Entrench"],"picked":"Searing Blow","floor":8},{"not_picked":["Feel No Pain","Thunderclap"],"picked":"Demon Form","floor":11}],"player_experience":1833051,"relics_obtained":[{"floor":9,"key":"Pocketwatch"},{"floor":11,"key":"Meat on the Bone"}],"event_choices":[{"damage_healed":0,"gold_gain":0,"player_choice":"Ignored","damage_taken":0,"max_hp_gain":0,"max_hp_loss":0,"event_name":"Golden Idol","floor":3,"gold_loss":0},{"damage_healed":0,"gold_gain":0,"player_choice":"Box","damage_taken":0,"relics_obtained":["Singing Bowl"],"max_hp_gain":0,"max_hp_loss":0,"event_name":"Big Fish","floor":5,"gold_loss":0,"cards_obtained":["Regret"]},{"damage_healed":0,"gold_gain":0,"player_choice":"Ignored","damage_taken":0,"max_hp_gain":0,"max_hp_loss":0,"event_name":"Shining Light","floor":7,"gold_loss":0}],"is_beta":false,"boss_relics":[],"items_purged_floors":[],"is_endless":false,"potions_floor_spawned":[8],"killed_by":"Exordium Thugs","ascension_level":15}