{"gold_per_floor":[116,129,129,144,163,163,181,181,181,131,131,131,131,131,131,205,205,221,146,146,59,73,73,84,84,169,169,184,184],"floor_reached":29,"playtime":930,"items_purged":["Regret"],"score":362,"play_id":"b4bf6a71-d7c8-4a18-8381-d85b84342e3f","local_time":"20190119132115","is_ascension_mode":true,"campfire_choices":[{"data":"Uppercut","floor":6,"key":"SMITH"},{"data":"Heavy Blade","floor":8,"key":"SMITH"},{"data":"Inflame","floor":13,"key":"SMITH"},{"data":"Bash","floor":15,"key":"SMITH"},{"data":"Armaments","floor":23,"key":"SMITH"},{"floor":27,"key":"REST"}],"neow_cost":"TEN_PERCENT_HP_LOSS","seed_source_timestamp":268085416620999,"circlet_count":0,"master_deck":["AscendersBane","Strike_R","Strike_R","Strike_R","Strike_R","Defend_R","Defend_R","Defend_R","Defend_R","Bash+1","Uppercut+1","Inflame+1","Sword Boomerang","Heavy Blade+1","Double Tap","Flex","Feel No Pain","Armaments+1","Shockwave+1","Evolve"],"relics":["Black Blood","StoneCalendar","Calipers","Bird Faced Urn","Pocketwatch","Mummified Hand","Tiny Chest"],"potions_floor_usage":[16,29],"damage_taken":[{"damage":8,"enemies":"Jaw Worm","floor":1,"turns":5},{"damage":8,"enemies":"2 Louse","floor":2,"turns":3},{"damage":0,"enemies":"Small Slimes","floor":4,"turns":3},{"damage":9,"enemies":"Looter","floor":5,"turns":3},{"damage":21,"enemies":"3 Louse","floor":7,"turns":4},{"damage":37,"enemies":"The Guardian","floor":16,"turns":8},{"damage":18,"enemies":"3 Byrds","floor":18,"turns":5},{"damage":27,"enemies":"Shell Parasite","floor":22,"turns":5},{"damage":19,"enemies":"Snake Plant","floor":24,"turns":3},{"damage":31,"enemies":"Sentry and Sphere","floor":28,"turns":6},{"damage":41,"enemies":"Book of Stabbing","floor":29,"turns":5}],"seed_played":"7075614372610138929","potions_obtained":[{"floor":1,"key":"Poison Potion"},{"floor":4,"key":"SneckoOil"},{"floor":22,"key":"Energy Potion"}],"is_trial":false,"path_per_floor":["M","M","?","M","M","R","M","R","T","?","?","?","R","?","R","B",null,"M","$","?","$","M","R","M","?","T","R","M","E"],"character_chosen":"IRONCLAD","items_purchased":["Feel No Pain","Armaments"],"campfire_rested":1,"item_purchase_floors":[21,21],"current_hp_per_floor":[66,64,64,68,65,65,50,50,50,50,50,47,47,47,47,18,56,50,50,50,50,37,37,30,30,30,50,33,0],"gold":184,"neow_bonus":"ONE_RARE_RELIC","is_prod":false,"is_daily":false,"chose_seed":false,"campfire_upgraded":5,"win_rate":0,"timestamp":1547922075,"path_taken":["M","M","?","M","M","R","M","R","T","?","?","?","R","?","R","BOSS","M","$","?","$","M","R","M","?","T","R","M","E"],"build_version":"2019-01-17v2","purchased_purges":1,"victory":false,"max_hp_per_floor":[68,68,68,68,68,68,68,68,68,68,68,68,68,68,68,68,68,68,68,68,68,68,68,68,68,68,68,68,68],"card_choices":[{"not_picked":["Fire Breathing","Twin Strike"],"picked":"Uppercut","floor":1},{"not_picked":["Havoc","Clothesline"],"picked":"Inflame","floor":2},{"not_picked":["Anger","Perfected Strike","Hemokinesis"],"picked":"SKIP","floor":4},{"not_picked":["Pommel Strike","Second Wind"],"picked":"Sword Boomerang","floor":5},{"not_picked":["Flex","Dual Wield"],"picked":"Heavy Blade","floor":7},{"not_picked":["Berserk","Reaper"],"picked":"Double Tap","floor":16},{"not_picked":["Uppercut","Cleave"],"picked":"Flex","floor":18},{"not_picked":["Anger","True Grit"],"picked":"Shockwave+1","floor":22},{"not_picked":["Whirlwind","Anger","Second Wind"],"picked":"SKIP","floor":24},{"not_picked":["Carnage","Havoc+1"],"picked":"Evolve","floor":28}],"player_experience":1798776,"relics_obtained":[{"floor":9,"key":"Calipers"},{"floor":26,"key":"Tiny Chest"}],"event_choices":[{"damage_healed":0,"gold_gain":0,"player_choice":"Ignored","damage_taken":0,"max_hp_gain":0,"max_hp_loss":0,"event_name":"Golden Idol","floor":3,"gold_loss":0},{"cards_removed":["Strike_R"],"damage_healed":0,"gold_gain":0,"player_choice":"Card Removal","damage_taken":0,"max_hp_gain":0,"max_hp_loss":0,"event_name":"The Cleric","floor":10,"gold_loss":50},{"damage_healed":0,"gold_gain":0,"player_choice":"Searched \u00270\u0027 times","damage_taken":0,"max_hp_gain":0,"max_hp_loss":0,"event_name":"Dead Adventurer","floor":11,"gold_loss":0},{"damage_healed":0,"gold_gain":0,"player_choice":"Success","damage_taken":3,"relics_obtained":["Bird Faced Urn"],"max_hp_gain":0,"max_hp_loss":0,"event_name":"Scrap Ooze","floor":12,"gold_loss":0},{"damage_healed":0,"gold_gain":0,"player_choice":"Box","damage_taken":0,"relics_obtained":["Pocketwatch"],"max_hp_gain":0,"max_hp_loss":0,"event_name":"Big Fish","floor":14,"gold_loss":0,"cards_obtained":["Regret"]},{"damage_healed":0,"gold_gain":0,"player_choice":"Opened","damage_taken":0,"relics_obtained":["Mummified Hand"],"max_hp_gain":0,"max_hp_loss":0,"event_name":"The Mausoleum","floor":20,"gold_loss":0},{"damage_healed":0,"gold_gain":0,"player_choice":"Ignored","damage_taken":0,"max_hp_gain":0,"max_hp_loss":0,"event_name":"Ghosts","floor":25,"gold_loss":0}],"is_beta":false,"boss_relics":[{"not_picked":["Philosopher\u0027s Stone","Coffee Dripper"],"picked":"Black Blood"}],"items_purged_floors":[19],"is_endless":false,"potions_floor_spawned":[1,4,22,24,28],"killed_by":"Book of Stabbing","ascension_level":14}