{"gold_per_floor":[118,118,43,43,53,83,43,60,132,132,132,132,282,298,298,373,373,392,411,336,27,27,27,27,38,38,52,52,52,72,72],"floor_reached":31,"playtime":1056,"items_purged":["Strike_B"],"score":408,"play_id":"44e284c0-6ab0-459e-963c-714ca000004b","local_time":"20190426231924","is_ascension_mode":true,"campfire_choices":[{"floor":10,"key":"REST"},{"floor":12,"key":"REST"},{"data":"Loop","floor":15,"key":"SMITH"},{"floor":23,"key":"REST"},{"floor":28,"key":"REST"}],"neow_cost":"NONE","seed_source_timestamp":346368526836800,"circlet_count":0,"master_deck":["AscendersBane","Strike_B+1","Strike_B+1","Defend_B","Defend_B","Defend_B","Defend_B","Zap","Dualcast","Defragment","Auto Shields","Sunder","Loop+1","Chaos","BootSequence","Creative AI","Chill","Undo","Blizzard","Chill","Defragment+1","Heatsinks"],"relics":["Cracked Core","Bronze Scales","Gremlin Horn","Bottled Tornado","Fusion Hammer","Membership Card","DataDisk","Question Card","Dodecahedron","Pear"],"potions_floor_usage":[6,16,19,30],"damage_taken":[{"damage":2,"enemies":"Small Slimes","floor":1,"turns":3},{"damage":1,"enemies":"Cultist","floor":5,"turns":3},{"damage":40,"enemies":"3 Sentries","floor":6,"turns":11},{"damage":0,"enemies":"Jaw Worm","floor":8,"turns":3},{"damage":10,"enemies":"Blue Slaver","floor":14,"turns":3},{"damage":7,"enemies":"The Guardian","floor":16,"turns":11},{"damage":18,"enemies":"Shell Parasite","floor":18,"turns":6},{"damage":5,"enemies":"3 Byrds","floor":19,"turns":3},{"damage":34,"enemies":"3 Cultists","floor":25,"turns":6},{"damage":11,"enemies":"Cultist and Chosen","floor":27,"turns":9},{"damage":9,"enemies":"Snecko","floor":30,"turns":5},{"damage":12,"enemies":"Colosseum Slavers","floor":31,"turns":3},{"damage":48,"enemies":"Colosseum Nobs","floor":31,"turns":4}],"seed_played":"-8423588784207539113","potions_obtained":[{"floor":5,"key":"SkillPotion"},{"floor":8,"key":"FocusPotion"},{"floor":16,"key":"Swift Potion"},{"floor":18,"key":"Weak Potion"},{"floor":25,"key":"SkillPotion"}],"is_trial":false,"path_per_floor":["M","?","$","?","M","E","$","M","T","R","T","R","?","M","R","B",null,"M","M","?","$","?","R","?","M","T","M","R","T","M","?"],"character_chosen":"DEFECT","items_purchased":["Loop","Membership Card","DataDisk","Blizzard"],"campfire_rested":4,"item_purchase_floors":[7,21,21,21],"current_hp_per_floor":[69,46,46,46,45,5,5,5,5,28,28,51,51,41,41,34,67,49,44,44,44,44,67,67,33,33,22,45,55,46,0],"gold":72,"neow_bonus":"TEN_PERCENT_HP_BONUS","is_prod":false,"is_daily":false,"chose_seed":false,"campfire_upgraded":1,"win_rate":0,"timestamp":1556335164,"path_taken":["M","?","$","?","?","E","$","?","T","R","?","R","?","M","R","BOSS","M","M","?","$","?","R","?","M","T","?","R","?","M","?"],"build_version":"2019-01-23","purchased_purges":1,"victory":false,"max_hp_per_floor":[78,78,78,78,78,78,78,78,78,78,78,78,78,78,78,78,78,78,78,78,78,78,78,78,78,78,78,78,88,88,88],"card_choices":[{"not_picked":["Hologram","Ball Lightning"],"picked":"Defragment","floor":1},{"not_picked":["Leap","FTL"],"picked":"Auto Shields","floor":5},{"not_picked":["Streamline","Steam"],"picked":"Sunder","floor":6},{"not_picked":["Darkness","Hologram"],"picked":"Chaos","floor":8},{"not_picked":["Hello World","Sweeping Beam"],"picked":"BootSequence","floor":14},{"not_picked":["Buffer","Machine Learning"],"picked":"Creative AI","floor":16},{"not_picked":["Turbo","Blizzard"],"picked":"Chill","floor":18},{"not_picked":["Streamline","Rebound"],"picked":"Undo","floor":19},{"not_picked":["Rebound","Coolheaded","Melter"],"picked":"Chill","floor":25},{"not_picked":["White Noise","Rebound","Hyperbeam"],"picked":"Defragment+1","floor":27},{"not_picked":["Rebound","Hello World","Fusion"],"picked":"Heatsinks","floor":30}],"player_experience":2848152,"relics_obtained":[{"floor":6,"key":"Bronze Scales"},{"floor":9,"key":"Gremlin Horn"},{"floor":11,"key":"Bottled Tornado"},{"floor":26,"key":"Dodecahedron"},{"floor":29,"key":"Pear"}],"event_choices":[{"damage_healed":0,"gold_gain":0,"player_choice":"Entered Light","damage_taken":23,"max_hp_gain":0,"max_hp_loss":0,"event_name":"Shining Light","floor":2,"gold_loss":0,"cards_upgraded":["Strike_B","Strike_B"]},{"cards_removed":["Strike_B"],"damage_healed":0,"gold_gain":0,"player_choice":"Offered Basic","damage_taken":0,"max_hp_gain":0,"max_hp_loss":0,"event_name":"Bonfire Elementals","floor":4,"gold_loss":0},{"damage_healed":0,"gold_gain":150,"player_choice":"AGREE","damage_taken":0,"max_hp_gain":0,"max_hp_loss":0,"event_name":"Liars Game","floor":13,"gold_loss":0,"cards_obtained":["Doubt"]},{"cards_removed":["Doubt"],"damage_healed":0,"gold_gain":0,"player_choice":"Gave Gold","damage_taken":0,"max_hp_gain":0,"max_hp_loss":0,"event_name":"Beggar","floor":20,"gold_loss":75},{"damage_healed":0,"gold_gain":0,"player_choice":"Ignored","damage_taken":0,"max_hp_gain":0,"max_hp_loss":0,"event_name":"Ghosts","floor":22,"gold_loss":0},{"damage_healed":0,"gold_gain":0,"player_choice":"Gave Potion","damage_taken":0,"relics_obtained":["Question Card"],"max_hp_gain":0,"max_hp_loss":0,"event_name":"WeMeetAgain","floor":24,"gold_loss":0},{"damage_healed":0,"gold_gain":0,"player_choice":"Fight","damage_taken":0,"max_hp_gain":0,"max_hp_loss":0,"event_name":"Colosseum","floor":31,"gold_loss":0},{"damage_healed":0,"gold_gain":0,"player_choice":"Fought Nobs","damage_taken":0,"max_hp_gain":0,"max_hp_loss":0,"event_name":"Colosseum","floor":31,"gold_loss":0}],"is_beta":false,"boss_relics":[{"not_picked":["Runic Pyramid","Philosopher\u0027s Stone"],"picked":"Fusion Hammer"}],"items_purged_floors":[3],"is_endless":false,"potions_floor_spawned":[5,8,16,18,25,31],"killed_by":"Colosseum Nobs","ascension_level":15}