{"gold_per_floor":[110,110,123,135,6,37,52,78,103,103,103,132,150,164,164,241,241,252,269,269],"floor_reached":20,"playtime":2343,"items_purged":[],"score":372,"play_id":"eca28756-feb0-4a4b-b661-aceffa57a97c","local_time":"20190508162350","is_ascension_mode":true,"campfire_choices":[{"floor":10,"key":"REST"},{"floor":15,"key":"REST"}],"neow_cost":"NONE","seed_source_timestamp":1474935994614103,"circlet_count":0,"master_deck":["AscendersBane","Survivor","Neutralize","Caltrops","Deadly Poison","Predator","Blur","Bane","Backflip","Flying Knee","Poisoned Stab","Dodge and Roll","Backflip","Footwork","Envenom","Endless Agony","Dodge and Roll","Blur","Endless Agony","Infinite Blades","Catalyst","Concentrate","Accuracy","Dagger Spray","Blade Dance"],"relics":["Ring of the Snake","NeowsBlessing","Matryoshka","Oddly Smooth Stone","Potion Belt","Bag of Marbles","Dream Catcher","Pandora\u0027s Box"],"potions_floor_usage":[6,6,6,8,8,12,20],"damage_taken":[{"damage":0,"enemies":"Jaw Worm","floor":1,"turns":1},{"damage":0,"enemies":"Cultist","floor":3,"turns":1},{"damage":0,"enemies":"Small Slimes","floor":4,"turns":1},{"damage":14,"enemies":"Gremlin Nob","floor":6,"turns":4},{"damage":9,"enemies":"3 Louse","floor":7,"turns":5},{"damage":29,"enemies":"3 Sentries","floor":8,"turns":13},{"damage":37,"enemies":"Gremlin Nob","floor":12,"turns":4},{"damage":5,"enemies":"Blue Slaver","floor":13,"turns":4},{"damage":4,"enemies":"Exordium Thugs","floor":14,"turns":5},{"damage":23,"enemies":"The Guardian","floor":16,"turns":13},{"damage":27,"enemies":"2 Thieves","floor":18,"turns":4},{"damage":22,"enemies":"Spheric Guardian","floor":19,"turns":6},{"damage":6,"enemies":"Snake Plant","floor":20,"turns":1}],"seed_played":"-2411051839152318881","potions_obtained":[{"floor":2,"key":"EntropicBrew"},{"floor":2,"key":"Block Potion"},{"floor":6,"key":"SkillPotion"},{"floor":7,"key":"Regen Potion"},{"floor":8,"key":"Regen Potion"},{"floor":16,"key":"Explosive Potion"},{"floor":19,"key":"Swift Potion"}],"is_trial":false,"path_per_floor":["M","?","M","M","$","E","M","E","T","R","?","E","M","M","R","B",null,"M","M","M"],"character_chosen":"THE_SILENT","items_purchased":["Blur","Bane"],"campfire_rested":2,"item_purchase_floors":[5,5],"current_hp_per_floor":[59,59,59,59,59,45,36,22,22,41,41,18,13,9,28,5,51,24,2,0],"gold":269,"neow_bonus":"THREE_ENEMY_KILL","is_prod":false,"is_daily":false,"chose_seed":false,"campfire_upgraded":0,"win_rate":0,"timestamp":1557325430,"path_taken":["M","?","?","M","$","E","M","E","T","R","?","E","M","M","R","BOSS","M","M","M"],"build_version":"2019-05-07","purchased_purges":0,"victory":false,"max_hp_per_floor":[66,66,66,66,66,66,66,66,66,66,66,66,66,66,66,66,66,66,66,66],"card_choices":[{"not_picked":["Underhanded Strike","Slice"],"picked":"Caltrops","floor":1},{"not_picked":["Sucker Punch","Backflip"],"picked":"Deadly Poison","floor":3},{"not_picked":["Footwork","Acrobatics"],"picked":"Predator","floor":4},{"not_picked":["Terror","Outmaneuver"],"picked":"Backflip","floor":6},{"not_picked":["Quick Slash","Backflip"],"picked":"Flying Knee","floor":7},{"not_picked":["Storm of Steel","Underhanded Strike"],"picked":"Poisoned Stab","floor":8},{"not_picked":["Outmaneuver","Choke","Bullet Time"],"picked":"SKIP","floor":12},{"not_picked":["Dagger Throw","Flechettes"],"picked":"Dodge and Roll","floor":13},{"not_picked":["Quick Slash","Masterful Stab"],"picked":"Backflip","floor":14},{"not_picked":["Prepared","Deadly Poison"],"picked":"Footwork","floor":15},{"not_picked":["Escape Plan","Dodge and Roll"],"picked":"Dagger Spray","floor":18},{"not_picked":["Blur","Dagger Spray"],"picked":"Blade Dance","floor":19}],"player_experience":1591346,"relics_obtained":[{"floor":6,"key":"Matryoshka"},{"floor":8,"key":"Oddly Smooth Stone"},{"floor":9,"key":"Potion Belt"},{"floor":9,"key":"Bag of Marbles"},{"floor":12,"key":"Dream Catcher"}],"event_choices":[{"damage_healed":0,"gold_gain":0,"player_choice":"Got Potions","damage_taken":0,"max_hp_gain":0,"max_hp_loss":0,"event_name":"Lab","floor":2,"gold_loss":0},{"cards_removed":["Strike_G"],"damage_healed":0,"gold_gain":0,"player_choice":"Card Removal","damage_taken":0,"max_hp_gain":0,"max_hp_loss":0,"event_name":"Wheel of Change","floor":11,"gold_loss":0}],"is_beta":true,"boss_relics":[{"not_picked":["HoveringKite","White Beast Statue"],"picked":"Pandora\u0027s Box"}],"items_purged_floors":[],"is_endless":false,"potions_floor_spawned":[6,7,8,16,19],"killed_by":"Snake Plant","ascension_level":18}