{"gold_per_floor":[114,114,114,127,302,302,334,352,352,383,29,29,62,79,79,180,180,198,198,14,30,42,67,19,19,19,19],"floor_reached":27,"playtime":1463,"items_purged":["Strike_G"],"score":313,"play_id":"6227a2c2-e757-4304-9079-b7ec315b0647","local_time":"20181104002339","is_ascension_mode":true,"campfire_choices":[{"floor":6,"key":"RECALL"},{"data":"Footwork","floor":12,"key":"SMITH"},{"data":"Noxious Fumes","floor":15,"key":"SMITH"}],"neow_cost":"NONE","seed_source_timestamp":479356164917510,"circlet_count":0,"master_deck":["Defend_G","Defend_G","Defend_G","Defend_G","Defend_G","Survivor","Neutralize+1","Dagger Spray","Caltrops","Doubt","Glass Knife","Dagger Throw","Dodge and Roll+1","Footwork+1","Leg Sweep+1","Noxious Fumes+1","Night Terror+1","PiercingWail+1","Panache","Poisoned Stab","Catalyst+1","Slice","Bite","Bite","Bite","Bite","Bite"],"relics":["Ring of the Snake","NeowsBlessing","Boot","Toxic Egg 2","Regal Pillow","Paper Crane","Ginger","Black Star","Pear","Ninja Scroll","Molten Egg 2"],"potions_floor_usage":[13,16,16,22,27],"damage_taken":[{"damage":0,"enemies":"2 Louse","floor":1,"turns":1},{"damage":0,"enemies":"Jaw Worm","floor":4,"turns":1},{"damage":0,"enemies":"Gremlin Nob","floor":7,"turns":1},{"damage":0,"enemies":"Cultist","floor":8,"turns":3},{"damage":23,"enemies":"3 Sentries","floor":10,"turns":7},{"damage":6,"enemies":"Lagavulin","floor":13,"turns":6},{"damage":0,"enemies":"Exordium Wildlife","floor":14,"turns":3},{"damage":2,"enemies":"The Guardian","floor":16,"turns":12},{"damage":7,"enemies":"Shell Parasite","floor":18,"turns":6},{"damage":8,"enemies":"2 Thieves","floor":21,"turns":4},{"damage":20,"enemies":"Snake Plant","floor":22,"turns":7},{"damage":30,"enemies":"Book of Stabbing","floor":23,"turns":10},{"damage":21,"enemies":"Chosen and Byrds","floor":27,"turns":6}],"seed_played":"-5142929261614958711","potions_obtained":[{"floor":1,"key":"SteroidPotion"},{"floor":4,"key":"Energy Potion"},{"floor":13,"key":"Swift Potion"},{"floor":21,"key":"EssenceOfSteel"}],"is_trial":false,"path_per_floor":["M","?","T","M","?","R","E","M","T","E","$","R","E","M","R","B",null,"M","?","$","M","M","E","$","?","T","M"],"character_chosen":"THE_SILENT","items_purchased":["Footwork","Paper Crane","Panache","Weak Potion"],"campfire_rested":0,"item_purchase_floors":[11,11,20,24],"current_hp_per_floor":[70,70,70,70,70,70,70,70,70,47,47,47,41,41,41,39,70,63,63,63,55,35,15,15,15,15,0],"gold":19,"neow_bonus":"THREE_ENEMY_KILL","is_prod":false,"is_daily":false,"chose_seed":false,"campfire_upgraded":2,"win_rate":0,"timestamp":1541287419,"path_taken":["M","?","?","?","?","R","E","M","T","E","$","R","E","M","R","BOSS","M","?","$","M","M","E","$","?","T","M"],"build_version":"2018-11-02","purchased_purges":1,"victory":false,"max_hp_per_floor":[70,70,70,70,70,70,70,70,70,70,70,70,70,70,70,70,70,70,70,70,70,70,80,80,56,56,56],"card_choices":[{"not_picked":["Backflip","Setup"],"picked":"Dagger Spray","floor":1},{"not_picked":["Flying Knee","Crippling Poison"],"picked":"Caltrops","floor":4},{"not_picked":["Bane","Adrenaline"],"picked":"Glass Knife","floor":7},{"not_picked":["Outmaneuver","Finisher"],"picked":"Dagger Throw","floor":8},{"not_picked":["Distraction+1","Acrobatics+1"],"picked":"Dodge and Roll+1","floor":10},{"not_picked":["Predator","Acrobatics+1"],"picked":"Leg Sweep+1","floor":13},{"not_picked":["Catalyst+1","Masterful Stab"],"picked":"Noxious Fumes","floor":14},{"not_picked":["Corpse Explosion+1","Storm of Steel+1"],"picked":"Night Terror+1","floor":16},{"not_picked":["Blur+1","Backstab"],"picked":"PiercingWail+1","floor":18},{"not_picked":["Bane","Glass Knife"],"picked":"Poisoned Stab","floor":21},{"not_picked":["Flying Knee","PiercingWail+1"],"picked":"Catalyst+1","floor":22},{"not_picked":["Underhanded Strike","Finisher"],"picked":"Slice","floor":23}],"player_experience":208345,"relics_obtained":[{"floor":7,"key":"Boot"},{"floor":9,"key":"Toxic Egg 2"},{"floor":10,"key":"Regal Pillow"},{"floor":13,"key":"Ginger"},{"floor":23,"key":"Pear"},{"floor":23,"key":"Ninja Scroll"},{"floor":26,"key":"Molten Egg 2"}],"event_choices":[{"damage_healed":0,"gold_gain":0,"player_choice":"Grow","damage_taken":0,"max_hp_gain":0,"max_hp_loss":0,"event_name":"Living Wall","floor":2,"gold_loss":0,"cards_upgraded":["Neutralize"]},{"damage_healed":0,"gold_gain":175,"player_choice":"AGREE","damage_taken":0,"max_hp_gain":0,"max_hp_loss":0,"event_name":"Liars Game","floor":5,"gold_loss":0,"cards_obtained":["Doubt"]},{"damage_healed":0,"gold_gain":0,"player_choice":"Ignored","damage_taken":0,"max_hp_gain":0,"max_hp_loss":0,"event_name":"Ghosts","floor":19,"gold_loss":0},{"damage_healed":0,"gold_gain":0,"player_choice":"Became a vampire","damage_taken":0,"max_hp_gain":0,"max_hp_loss":24,"event_name":"Vampires","floor":25,"gold_loss":0,"cards_obtained":["Bite","Bite","Bite","Bite","Bite"]}],"is_beta":true,"boss_relics":[{"not_picked":["Fusion Hammer","White Beast Statue"],"picked":"Black Star"}],"items_purged_floors":[11],"is_endless":false,"potions_floor_spawned":[1,4,13,21],"killed_by":"Chosen and Byrds","ascension_level":1}