{"gold_per_floor":[115,40,56,76,1,26,38,72,72,72,107,127,127],"floor_reached":13,"playtime":310,"items_purged":["Strike_B"],"score":210,"play_id":"c8750dc9-779a-4ac1-8785-01d30f968864","local_time":"20190515180256","is_ascension_mode":true,"campfire_choices":[{"floor":10,"key":"REST"}],"neow_cost":"NONE","seed_source_timestamp":2087715927330375,"circlet_count":0,"master_deck":["AscendersBane","Strike_B","Strike_B","Strike_B","Defend_B","Defend_B","Defend_B","Defend_B","Zap","Dualcast","Ball Lightning","Doom and Gloom","Go for the Eyes","Ball Lightning","Leap","Chill","Multi-Cast","Conserve Battery"],"relics":["Cracked Core","NeowsBlessing","Pen Nib","Orichalcum","Blue Candle","Peace Pipe"],"potions_floor_usage":[],"damage_taken":[{"damage":0,"enemies":"Cultist","floor":1,"turns":1},{"damage":0,"enemies":"2 Louse","floor":3,"turns":1},{"damage":0,"enemies":"Jaw Worm","floor":4,"turns":1},{"damage":31,"enemies":"Gremlin Nob","floor":6,"turns":4},{"damage":3,"enemies":"Looter","floor":7,"turns":2},{"damage":16,"enemies":"3 Sentries","floor":8,"turns":4},{"damage":16,"enemies":"Lagavulin","floor":11,"turns":5},{"damage":0,"enemies":"2 Fungi Beasts","floor":12,"turns":2},{"damage":25,"enemies":"Gremlin Nob","floor":13,"turns":3}],"seed_played":"-4129462876079692751","potions_obtained":[{"floor":7,"key":"PowerPotion"},{"floor":11,"key":"FocusPotion"}],"is_trial":false,"path_per_floor":["M","$","M","M","$","E","M","E","T","R","E","M","E"],"character_chosen":"DEFECT","items_purchased":["Doom and Gloom"],"campfire_rested":1,"item_purchase_floors":[2],"current_hp_per_floor":[64,64,64,64,64,33,30,14,14,35,19,19,0],"gold":127,"neow_bonus":"THREE_ENEMY_KILL","is_prod":false,"is_daily":false,"chose_seed":false,"campfire_upgraded":0,"win_rate":0,"timestamp":1557936176,"path_taken":["M","$","M","?","$","E","M","E","T","R","E","M","E"],"build_version":"2019-05-07","purchased_purges":1,"victory":false,"max_hp_per_floor":[71,71,71,71,71,71,71,71,71,71,71,71,71],"card_choices":[{"not_picked":["Rebound","Blizzard"],"picked":"Ball Lightning","floor":1},{"not_picked":["Scrape","Leap"],"picked":"Go for the Eyes","floor":3},{"not_picked":["Streamline","Beam Cell"],"picked":"Ball Lightning","floor":4},{"not_picked":["Sunder","Stack","Beam Cell"],"picked":"SKIP","floor":6},{"not_picked":["Darkness","Cold Snap"],"picked":"Leap","floor":7},{"not_picked":["Hologram","Gash"],"picked":"Chill","floor":8},{"not_picked":["Turbo","Aggregate"],"picked":"Multi-Cast","floor":11},{"not_picked":["Hologram","Beam Cell"],"picked":"Conserve Battery","floor":12}],"player_experience":1914083,"relics_obtained":[{"floor":6,"key":"Pen Nib"},{"floor":8,"key":"Orichalcum"},{"floor":9,"key":"Blue Candle"},{"floor":11,"key":"Peace Pipe"}],"event_choices":[],"is_beta":true,"boss_relics":[],"items_purged_floors":[5],"is_endless":false,"potions_floor_spawned":[7,11,12],"killed_by":"Gremlin Nob","ascension_level":20}