{"path_per_floor":["M","?","?","$","?","E","R","M","T","M","R","?","M","M","R","B",null,"M","M"],"character_chosen":"IRONCLAD","items_purchased":["Clash","Armaments"],"gold_per_floor":[10,10,85,13,13,42,42,57,137,157,157,157,168,178,178,275,275,256,271],"floor_reached":20,"campfire_rested":1,"playtime":1437,"current_hp_per_floor":[80,80,69,69,53,22,22,21,21,24,24,24,30,29,53,34,80,61,18],"items_purged":[],"gold":271,"play_id":"30c8bdb9-2e7c-4260-9113-b10ec5e54c18","is_prod":false,"is_daily":false,"campfire_rituals":0,"campfire_upgraded":2,"is_hardmode":false,"path_taken":["M","?","?","?","?","E","R","M","T","M","R","?","M","M","R","BOSS","M","M","?"],"build_version":"2018-01-18-PROD4","purchased_purges":0,"victory":false,"master_deck":["Strike_R","Defend_R","Defend_R","Defend_R","Bash","Rage","Warcry","Iron Wave","Clash","Armaments","Perfected Strike","Clothesline","Anger","Perfected Strike","Flame Barrier","Dark Embrace","Second Wind","Whirlwind","Inflame","Perfected Strike","Pommel Strike"],"max_hp_per_floor":[80,80,80,80,80,80,80,80,80,80,80,80,80,80,80,80,80,80,80],"relics":["Burning Blood","Dodecahedron","Bottled Lightning","Astrolabe"],"campfire_meditates":0,"card_choices":[{"not_picked":["Body Slam","Thunderclap"],"picked":"Iron Wave"},{"not_picked":["Searing Blow","Headbutt"],"picked":"Perfected Strike"},{"not_picked":["Thunderclap","Warcry"],"picked":"Clothesline"},{"not_picked":["Intimidate","Shockwave"],"picked":"Anger"},{"not_picked":["Dropkick","Sword Boomerang"],"picked":"Perfected Strike"},{"not_picked":["Burning Pact","Power Through"],"picked":"Flame Barrier"},{"not_picked":["Reaper","Berserk"],"picked":"Dark Embrace"},{"not_picked":["Battle Trance","Body Slam"],"picked":"Perfected Strike"},{"not_picked":["Warcry","Reckless Charge"],"picked":"Pommel Strike"}],"player_experience":2071,"potions_floor_usage":[],"damage_taken":[{"damage":6,"enemies":"Cultist","floor":1,"turns":3},{"damage":37,"enemies":"Gremlin Nob","floor":6,"turns":6},{"damage":7,"enemies":"Blue Slaver","floor":8,"turns":3},{"damage":3,"enemies":"Jaw Worm","floor":10,"turns":3},{"damage":0,"enemies":"Looter","floor":13,"turns":3},{"damage":7,"enemies":"Exordium Wildlife","floor":14,"turns":4},{"damage":25,"enemies":"Hexaghost","floor":16,"turns":10},{"damage":25,"enemies":"2 Thieves","floor":18,"turns":4},{"damage":49,"enemies":"3 Byrds","floor":19,"turns":7},{"damage":18,"enemies":"Sentry and Sphere","floor":20,"turns":2}],"event_choices":[{"event_name":"Living Wall","player_choice":"Grow","floor":2,"damage_taken":0},{"event_name":"World of Goop","player_choice":"Gather Gold","floor":3,"damage_taken":0},{"event_name":"Shining Light","player_choice":"Entered Light","floor":5,"damage_taken":0},{"event_name":"The Lab","player_choice":"Got Potions","floor":12,"damage_taken":0}],"boss_relics":[{"not_picked":["White Beast Statue","Snecko Eye"],"picked":"Astrolabe"}],"potions_floor_spawned":[13,16,19],"seed_played":"1785684276445504347","killed_by":"Sentry and Sphere","is_trial":false}