{"gold_per_floor":[118,118,130,21,38,38,50,62,87,100,0,26,45,45,45,143,143,155,155,173,48,62,62,75,75,75,75,102,102,117,117,117,117],"floor_reached":33,"playtime":1082,"items_purged":["Strike_B","Strike_B","Strike_B"],"score":402,"play_id":"56eef34f-2781-4bc1-9034-b42432c37a24","local_time":"20190125011652","is_ascension_mode":true,"campfire_choices":[{"data":"Capacitor","floor":6,"key":"SMITH"},{"floor":15,"key":"REST"},{"floor":23,"key":"REST"},{"floor":25,"key":"REST"},{"data":"Self Repair","floor":27,"key":"SMITH"},{"floor":32,"key":"REST"}],"neow_cost":"NONE","seed_source_timestamp":280919317476400,"circlet_count":0,"master_deck":["Defend_B","Defend_B","Defend_B","Defend_B","Zap","Dualcast","Ball Lightning","Conserve Battery","Capacitor+1","Skim","Cold Snap","FTL","Thunder Strike","Static Discharge","Thunder Strike","Double Energy","Self Repair+1","Coolheaded+1","Melter","Barrage","Loop"],"relics":["Cracked Core","Happy Flower","PreservedInsect","Calling Bell","Bronze Scales","Letter Opener","Unceasing Top","Ornamental Fan","Blood Vial"],"potions_floor_usage":[16,28,30,33],"damage_taken":[{"damage":2,"enemies":"Jaw Worm","floor":1,"turns":3},{"damage":1,"enemies":"Cultist","floor":3,"turns":3},{"damage":5,"enemies":"Small Slimes","floor":5,"turns":2},{"damage":14,"enemies":"3 Louse","floor":7,"turns":3},{"damage":4,"enemies":"Red Slaver","floor":8,"turns":4},{"damage":1,"enemies":"2 Fungi Beasts","floor":10,"turns":3},{"damage":12,"enemies":"3 Louse","floor":13,"turns":3},{"damage":0,"enemies":"Slime Boss","floor":16,"turns":6},{"damage":31,"enemies":"2 Thieves","floor":18,"turns":4},{"damage":7,"enemies":"3 Byrds","floor":20,"turns":1},{"damage":20,"enemies":"Centurion and Healer","floor":22,"turns":7},{"damage":24,"enemies":"Snake Plant","floor":24,"turns":4},{"damage":21,"enemies":"Gremlin Leader","floor":28,"turns":5},{"damage":23,"enemies":"Shelled Parasite and Fungi","floor":30,"turns":4},{"damage":30,"enemies":"Champ","floor":33,"turns":9}],"seed_played":"-1024114297704991538","potions_obtained":[{"floor":1,"key":"PowerPotion"},{"floor":8,"key":"SpeedPotion"},{"floor":13,"key":"Energy Potion"},{"floor":22,"key":"Regen Potion"}],"is_trial":false,"path_per_floor":["M","?","M","$","M","R","M","M","T","M","$","T","M","?","R","B",null,"M","?","M","$","M","R","M","R","T","R","E","?","M","?","R","B"],"character_chosen":"DEFECT","items_purchased":["Capacitor"],"campfire_rested":4,"item_purchase_floors":[4],"current_hp_per_floor":[66,75,74,74,69,69,55,51,51,50,50,50,38,38,60,60,71,40,40,33,33,13,35,18,40,40,40,24,24,13,4,26,0],"gold":117,"neow_bonus":"RANDOM_COLORLESS","is_prod":false,"is_daily":false,"chose_seed":false,"campfire_upgraded":2,"win_rate":0,"timestamp":1548397012,"path_taken":["M","?","M","$","M","R","M","M","T","M","$","?","M","?","R","BOSS","M","?","M","$","M","R","?","R","T","R","E","?","M","?","R","BOSS"],"build_version":"2019-01-23","purchased_purges":3,"victory":false,"max_hp_per_floor":[75,75,75,75,75,75,75,75,75,75,75,75,75,75,75,75,75,75,75,75,75,75,75,75,75,75,75,75,75,75,75,75,75],"card_choices":[{"not_picked":["Stack","Blizzard"],"picked":"Ball Lightning","floor":1},{"not_picked":["Compile Driver","Darkness"],"picked":"Conserve Battery","floor":3},{"not_picked":["Genetic Algorithm","Redo"],"picked":"Skim","floor":5},{"not_picked":["Ball Lightning","Stack"],"picked":"Cold Snap","floor":7},{"not_picked":["Conserve Battery","Turbo"],"picked":"FTL","floor":8},{"not_picked":["Hologram","Chaos"],"picked":"Thunder Strike","floor":10},{"not_picked":["Go for the Eyes","Self Repair"],"picked":"Static Discharge","floor":13},{"not_picked":["Seek","Amplify"],"picked":"Thunder Strike","floor":16},{"not_picked":["Redo","Conserve Battery"],"picked":"Double Energy","floor":18},{"not_picked":["Turbo+1","Buffer"],"picked":"Self Repair","floor":20},{"not_picked":["Cold Snap","Stack"],"picked":"Coolheaded+1","floor":22},{"not_picked":["Leap","Streamline"],"picked":"Melter","floor":24},{"not_picked":["Rip and Tear+1","Steam"],"picked":"Barrage","floor":28},{"not_picked":["Rip and Tear","Consume+1"],"picked":"Loop","floor":30}],"player_experience":2013440,"relics_obtained":[{"floor":9,"key":"Happy Flower"},{"floor":12,"key":"PreservedInsect"},{"floor":17,"key":"Bronze Scales"},{"floor":17,"key":"Letter Opener"},{"floor":17,"key":"Unceasing Top"},{"floor":26,"key":"Ornamental Fan"},{"floor":28,"key":"Blood Vial"}],"event_choices":[{"cards_removed":["Blind"],"damage_healed":9,"gold_gain":0,"player_choice":"Offered Uncommon","damage_taken":0,"max_hp_gain":0,"max_hp_loss":0,"event_name":"Bonfire Elementals","floor":2,"gold_loss":0},{"damage_healed":0,"gold_gain":0,"player_choice":"Searched \u00271\u0027 times","damage_taken":0,"max_hp_gain":0,"max_hp_loss":0,"event_name":"Dead Adventurer","floor":14,"gold_loss":0},{"cards_removed":["Clumsy","Regret","Shame"],"damage_healed":0,"gold_gain":0,"player_choice":"Removed Curses","damage_taken":0,"max_hp_gain":0,"max_hp_loss":0,"event_name":"Fountain of Cleansing","floor":19,"gold_loss":0},{"cards_removed":["Strike_B"],"damage_healed":0,"gold_gain":0,"player_choice":"Elegance","damage_taken":0,"max_hp_gain":0,"max_hp_loss":0,"event_name":"Back to Basics","floor":29,"gold_loss":0},{"damage_healed":0,"gold_gain":0,"player_choice":"Stopped","damage_taken":9,"max_hp_gain":0,"max_hp_loss":0,"event_name":"Cursed Tome","floor":31,"gold_loss":0}],"is_beta":false,"boss_relics":[{"not_picked":["Runic Dome","Snecko Eye"],"picked":"Calling Bell"}],"items_purged_floors":[4,11,21],"is_endless":false,"potions_floor_spawned":[1,8,13,22,24],"killed_by":"Champ","ascension_level":6}