{"gold_per_floor":[110,285,285,298,123,123,155,155,207,207,221,221,253,77,77,181,181,200,75,91,91,17,17,28,28,28,28,28,28],"floor_reached":29,"playtime":994,"items_purged":["Doubt","Strike_B","Strike_B"],"score":340,"play_id":"cd85e2aa-d4be-411d-b22c-bd2c2db19ce8","local_time":"20190425142025","is_ascension_mode":true,"campfire_choices":[{"data":"Zap","floor":6,"key":"SMITH"},{"data":"Sweeping Beam","floor":8,"key":"SMITH"},{"data":"Dualcast","floor":12,"key":"SMITH"},{"floor":15,"key":"REST"},{"data":"Self Repair","floor":23,"key":"SMITH"},{"floor":25,"key":"REST"},{"data":"Self Repair","floor":27,"key":"SMITH"}],"neow_cost":"NONE","seed_source_timestamp":345679863660889,"circlet_count":0,"master_deck":["Strike_B","Strike_B","Defend_B","Defend_B","Defend_B","Defend_B","Zap+1","Dualcast+1","Cold Snap","Sweeping Beam+1","Conserve Battery","Streamline","Ball Lightning","Double Energy","Self Repair+1","Echo Form","Gash","Gash+1","Capacitor","Self Repair+1","Pain"],"relics":["Cracked Core","NeowsBlessing","Question Card","Dream Catcher","Bag of Preparation","Boot","Sundial","Cursed Key","MutagenicStrength","Mango"],"potions_floor_usage":[29,29,29],"damage_taken":[{"damage":0,"enemies":"Small Slimes","floor":1,"turns":1},{"damage":0,"enemies":"Jaw Worm","floor":4,"turns":1},{"damage":0,"enemies":"Gremlin Nob","floor":7,"turns":1},{"damage":0,"enemies":"Cultist","floor":11,"turns":3},{"damage":11,"enemies":"3 Sentries","floor":13,"turns":4},{"damage":29,"enemies":"Slime Boss","floor":16,"turns":9},{"damage":16,"enemies":"3 Byrds","floor":18,"turns":4},{"damage":10,"enemies":"Spheric Guardian","floor":20,"turns":4},{"damage":42,"enemies":"Chosen and Byrds","floor":24,"turns":7},{"damage":54,"enemies":"Gremlin Leader","floor":29,"turns":6}],"seed_played":"-2505429293361992868","potions_obtained":[{"floor":4,"key":"Dexterity Potion"},{"floor":16,"key":"AttackPotion"},{"floor":20,"key":"EssenceOfSteel"}],"is_trial":false,"path_per_floor":["M","?","?","M","$","R","E","R","T","T","M","R","E","$","R","B",null,"M","$","M","?","$","R","M","R","T","R","?","E"],"character_chosen":"DEFECT","items_purchased":["Conserve Battery","Block Potion","Double Energy","Capacitor"],"campfire_rested":2,"item_purchase_floors":[5,5,14,22],"current_hp_per_floor":[68,68,43,43,43,43,43,43,43,43,43,43,32,32,54,32,64,62,62,59,59,59,59,17,39,53,53,53,0],"gold":28,"neow_bonus":"THREE_ENEMY_KILL","is_prod":false,"is_daily":false,"chose_seed":false,"campfire_upgraded":5,"win_rate":0,"timestamp":1556194825,"path_taken":["M","?","?","M","$","R","E","R","T","?","M","R","E","$","R","BOSS","M","$","M","?","$","R","M","R","T","R","?","E"],"build_version":"2019-04-23","purchased_purges":3,"victory":false,"max_hp_per_floor":[75,75,75,75,75,75,75,75,75,75,75,75,75,75,75,75,75,75,75,75,75,75,75,75,75,89,89,89,89],"card_choices":[{"not_picked":["Redo","Self Repair"],"picked":"Cold Snap","floor":1},{"not_picked":["Hologram","Go for the Eyes","Turbo"],"picked":"Sweeping Beam","floor":4},{"not_picked":["Redo","Turbo","Force Field"],"picked":"Streamline","floor":7},{"not_picked":["Rebound","Meteor Strike","Sweeping Beam"],"picked":"Ball Lightning","floor":11},{"not_picked":["Conserve Battery","Meteor Strike","Rainbow","Turbo"],"picked":"SKIP","floor":13},{"not_picked":["BootSequence","Tempest","Turbo"],"picked":"Self Repair","floor":15},{"not_picked":["Biased Cognition","Reboot","Core Surge"],"picked":"Echo Form","floor":16},{"not_picked":["Coolheaded","Hologram","Steam"],"picked":"Gash","floor":18},{"not_picked":["Cold Snap","Beam Cell","Storm"],"picked":"Gash+1","floor":20},{"not_picked":["Hello World+1","Thunder Strike","Beam Cell","Leap"],"picked":"SKIP","floor":24},{"not_picked":["Beam Cell","Stack+1","Sunder"],"picked":"Self Repair","floor":25}],"player_experience":1216577,"relics_obtained":[{"floor":7,"key":"Dream Catcher"},{"floor":9,"key":"Bag of Preparation"},{"floor":10,"key":"Boot"},{"floor":13,"key":"Sundial"},{"floor":26,"key":"Mango"}],"event_choices":[{"damage_healed":0,"gold_gain":175,"player_choice":"AGREE","damage_taken":0,"max_hp_gain":0,"max_hp_loss":0,"event_name":"Liars Game","floor":2,"gold_loss":0,"cards_obtained":["Doubt"]},{"damage_healed":0,"gold_gain":0,"player_choice":"Success","damage_taken":25,"relics_obtained":["Question Card"],"max_hp_gain":0,"max_hp_loss":0,"event_name":"Scrap Ooze","floor":3,"gold_loss":0},{"damage_healed":0,"gold_gain":0,"player_choice":"Inject Mutagens","damage_taken":0,"relics_obtained":["MutagenicStrength"],"max_hp_gain":0,"max_hp_loss":0,"event_name":"Drug Dealer","floor":21,"gold_loss":0},{"damage_healed":0,"gold_gain":0,"player_choice":"Ignored","damage_taken":0,"max_hp_gain":0,"max_hp_loss":0,"event_name":"Cursed Tome","floor":28,"gold_loss":0}],"is_beta":true,"boss_relics":[{"not_picked":["Ectoplasm","Calling Bell"],"picked":"Cursed Key"}],"items_purged_floors":[5,14,19],"is_endless":false,"potions_floor_spawned":[4,16,20,24],"killed_by":"Gremlin Leader","ascension_level":7}