{"gold_per_floor":[111,61,14,14,34,63,88,112,149,190,202,214,257,269,281,396,408,436,448,460,491,503,547,124,124,124,158,35,134,144,19,19,121,171,191,291,144,144,161,161,193,193,193,193,205,219,273,290,290,290,290,290,15,47,47],"floor_reached":56,"playtime":2169,"items_purged":["Writhe","Dualcast","Defend_B","Defend_B"],"score":1931,"play_id":"139038be-b95a-4dd0-b761-0bbb7ab6607e","local_time":"20190429112744","is_ascension_mode":true,"campfire_choices":[{"data":"Defragment","floor":12,"key":"SMITH"},{"data":"Sweeping Beam","floor":15,"key":"SMITH"},{"floor":25,"key":"REST"},{"data":"Coolheaded","floor":32,"key":"SMITH"},{"data":"Chill","floor":40,"key":"SMITH"},{"floor":42,"key":"REST"},{"data":"Conserve Battery","floor":44,"key":"SMITH"},{"floor":49,"key":"RECALL"},{"data":"Machine Learning","floor":52,"key":"SMITH"}],"neow_cost":"NONE","seed_source_timestamp":679721531687139,"circlet_count":0,"master_deck":["AscendersBane","Defend_B","Defend_B","Zap+1","Coolheaded+1","Gash","Gash","Defragment+1","Sweeping Beam+1","Electrodynamics","Chill+1","Compile Driver","All For One","Leap","Gash","Conserve Battery+1","Compile Driver+1","Capacitor+1","Gash","Self Repair+1","Machine Learning+1","Gash+1","Conserve Battery+1","Go for the Eyes+1","FTL"],"relics":["Cracked Core","NeowsBlessing","MawBank","Anchor","Ancient Tea Set","Lantern","Empty Cage","Omamori","Symbiotic Virus","DataDisk","OrangePellets","Mummified Hand","Singing Bowl","Tiny House","Thread and Needle","Potion Belt","Kunai","Emotion Chip","Bottled Tornado"],"potions_floor_usage":[13,16,23,39,41,47,50,54,55],"damage_taken":[{"damage":0,"enemies":"2 Louse","floor":1,"turns":1},{"damage":0,"enemies":"Jaw Worm","floor":5,"turns":1},{"damage":0,"enemies":"Lagavulin","floor":6,"turns":1},{"damage":0,"enemies":"Cultist","floor":7,"turns":4},{"damage":6,"enemies":"Blue Slaver","floor":8,"turns":4},{"damage":5,"enemies":"3 Sentries","floor":10,"turns":3},{"damage":9,"enemies":"Lagavulin","floor":13,"turns":6},{"damage":62,"enemies":"Hexaghost","floor":16,"turns":11},{"damage":5,"enemies":"2 Thieves","floor":18,"turns":2},{"damage":0,"enemies":"Spheric Guardian","floor":21,"turns":3},{"damage":12,"enemies":"Slavers","floor":23,"turns":3},{"damage":0,"enemies":"Gremlin Leader","floor":27,"turns":4},{"damage":0,"enemies":"Chosen and Byrds","floor":30,"turns":4},{"damage":0,"enemies":"Automaton","floor":33,"turns":6},{"damage":0,"enemies":"Orb Walker","floor":35,"turns":2},{"damage":0,"enemies":"Mind Bloom Boss Battle","floor":36,"turns":4},{"damage":8,"enemies":"3 Darklings","floor":39,"turns":3},{"damage":39,"enemies":"Reptomancer","floor":41,"turns":6},{"damage":1,"enemies":"Spire Growth","floor":45,"turns":4},{"damage":0,"enemies":"Sphere and 2 Shapes","floor":46,"turns":4},{"damage":20,"enemies":"2 Orb Walkers","floor":47,"turns":5},{"damage":22,"enemies":"Jaw Worm Horde","floor":48,"turns":4},{"damage":49,"enemies":"Time Eater","floor":50,"turns":6},{"damage":25,"enemies":"Shield and Spear","floor":54,"turns":4},{"damage":53,"enemies":"The Heart","floor":55,"turns":8}],"seed_played":"4465238698320290731","potions_obtained":[{"floor":1,"key":"Regen Potion"},{"floor":5,"key":"Regen Potion"},{"floor":18,"key":"Energy Potion"},{"floor":30,"key":"EssenceOfSteel"},{"floor":33,"key":"EssenceOfSteel"},{"floor":34,"key":"AttackPotion"},{"floor":39,"key":"FearPotion"},{"floor":41,"key":"AttackPotion"},{"floor":45,"key":"Ancient Potion"}],"is_trial":false,"path_per_floor":["M","?","$","?","M","E","M","M","T","E","$","R","E","?","R","B",null,"M","?","$","M","?","E","$","R","T","E","$","?","M","$","R","B",null,"M","?","$","?","M","R","E","R","T","R","M","M","?","M","R","B",null,"R","$","E","B",null],"character_chosen":"DEFECT","items_purchased":["Gash","DataDisk","OrangePellets","Gash","Potion Belt","FTL","Explosive Potion"],"campfire_rested":2,"item_purchase_floors":[3,24,24,28,37,53,53],"current_hp_per_floor":[68,68,68,68,68,68,68,62,62,57,57,57,63,63,63,16,60,55,55,55,55,55,43,43,65,65,65,65,65,65,65,65,75,82,82,84,84,84,86,86,47,72,72,72,81,88,80,70,70,31,77,77,77,54,11],"gold":47,"neow_bonus":"THREE_ENEMY_KILL","is_prod":false,"is_daily":false,"chose_seed":false,"campfire_upgraded":6,"win_rate":0,"timestamp":1556530064,"path_taken":["M","?","$","?","?","E","M","M","T","E","$","R","E","?","R","BOSS","M","?","?","M","?","E","?","R","T","E","$","?","M","$","R","BOSS","M","?","$","?","M","R","E","R","T","R","M","?","?","M","R","BOSS","R","$","E","BOSS"],"build_version":"2019-04-23","purchased_purges":4,"victory":true,"max_hp_per_floor":[75,75,75,75,75,75,75,75,75,75,75,75,75,75,75,75,75,75,75,75,75,75,75,75,75,75,75,75,75,75,75,75,75,82,82,84,84,84,86,86,86,86,86,86,86,88,90,92,92,92,92,92,92,94,94],"card_choices":[{"not_picked":["Consume","Double Energy"],"picked":"Coolheaded","floor":1},{"not_picked":["Turbo","Rebound"],"picked":"Gash","floor":5},{"not_picked":["Hologram","Barrage"],"picked":"Defragment","floor":6},{"not_picked":["Barrage","Rebound"],"picked":"Sweeping Beam","floor":7},{"not_picked":["Leap","Chaos"],"picked":"Electrodynamics","floor":8},{"not_picked":["Beam Cell","Reprogram"],"picked":"Chill","floor":10},{"not_picked":["Heatsinks","Cold Snap"],"picked":"Compile Driver","floor":13},{"not_picked":["Thunder Strike","Core Surge"],"picked":"All For One","floor":16},{"not_picked":["Lockon","Streamline"],"picked":"Leap","floor":18},{"not_picked":["Leap","Steam"],"picked":"Conserve Battery","floor":21},{"not_picked":["Meteor Strike","Cold Snap"],"picked":"Compile Driver+1","floor":23},{"not_picked":["Stack","Cold Snap"],"picked":"Capacitor","floor":27},{"not_picked":["Hello World","Double Energy"],"picked":"Self Repair+1","floor":30},{"not_picked":["Rainbow","Electrodynamics"],"picked":"Machine Learning","floor":33},{"not_picked":["Chill+1","Stack","Leap"],"picked":"Singing Bowl","floor":34},{"not_picked":["Melter","Barrage"],"picked":"Gash+1","floor":35},{"not_picked":["Auto Shields","Compile Driver+1","Rip and Tear+1"],"picked":"Singing Bowl","floor":36},{"not_picked":["Force Field+1","Cold Snap+1","Steam Power"],"picked":"Singing Bowl","floor":39},{"not_picked":["Force Field","Chill+1"],"picked":"Conserve Battery+1","floor":41},{"not_picked":["Genetic Algorithm","Cold Snap"],"picked":"Go for the Eyes+1","floor":45},{"not_picked":["Gash+1","Doom and Gloom+1","Hologram"],"picked":"Singing Bowl","floor":46},{"not_picked":["Amplify","Loop","Redo+1"],"picked":"Singing Bowl","floor":47},{"not_picked":["Cold Snap","Reinforced Body","Stack+1"],"picked":"Singing Bowl","floor":48},{"not_picked":["Chill","Chaos","BootSequence+1"],"picked":"Singing Bowl","floor":54}],"player_experience":1306827,"relics_obtained":[{"floor":6,"key":"MawBank"},{"floor":9,"key":"Anchor"},{"floor":10,"key":"Ancient Tea Set"},{"floor":13,"key":"Lantern"},{"floor":23,"key":"Symbiotic Virus"},{"floor":26,"key":"Mummified Hand"},{"floor":27,"key":"Singing Bowl"},{"floor":36,"key":"Thread and Needle"},{"floor":41,"key":"Kunai"},{"floor":47,"key":"Emotion Chip"},{"floor":54,"key":"Bottled Tornado"}],"event_choices":[{"cards_removed":["Strike_B"],"damage_healed":0,"gold_gain":0,"player_choice":"Card Removal","damage_taken":0,"max_hp_gain":0,"max_hp_loss":0,"event_name":"The Cleric","floor":2,"gold_loss":50},{"cards_removed":["Strike_B"],"damage_healed":0,"gold_gain":0,"player_choice":"Purged","damage_taken":0,"max_hp_gain":0,"max_hp_loss":0,"event_name":"Purifier","floor":4,"gold_loss":0},{"damage_healed":0,"gold_gain":0,"player_choice":"Grow","damage_taken":0,"max_hp_gain":0,"max_hp_loss":0,"event_name":"Living Wall","floor":14,"gold_loss":0,"cards_upgraded":["Zap"]},{"damage_healed":0,"gold_gain":0,"player_choice":"Copied","damage_taken":0,"max_hp_gain":0,"max_hp_loss":0,"event_name":"Duplicator","floor":19,"gold_loss":0,"cards_obtained":["Gash"]},{"damage_healed":0,"gold_gain":0,"player_choice":"Opened","damage_taken":0,"relics_obtained":["Omamori"],"max_hp_gain":0,"max_hp_loss":0,"event_name":"The Mausoleum","floor":22,"gold_loss":0,"cards_obtained":["Writhe"]},{"damage_healed":0,"gold_gain":99,"player_choice":"Stole From Cult","damage_taken":0,"max_hp_gain":0,"max_hp_loss":0,"event_name":"Nest","floor":29,"gold_loss":0},{"damage_healed":0,"gold_gain":0,"player_choice":"Fight","damage_taken":0,"max_hp_gain":0,"max_hp_loss":0,"event_name":"MindBloom","floor":36,"gold_loss":0},{"damage_healed":0,"gold_gain":0,"player_choice":"Ignored","damage_taken":0,"max_hp_gain":0,"max_hp_loss":0,"event_name":"SecretPortal","floor":38,"gold_loss":0},{"damage_healed":0,"gold_gain":0,"player_choice":"Fight","damage_taken":0,"max_hp_gain":0,"max_hp_loss":0,"event_name":"Mysterious Sphere","floor":47,"gold_loss":0}],"is_beta":true,"boss_relics":[{"not_picked":["Busted Crown","Snecko Eye"],"picked":"Empty Cage"},{"not_picked":["Pandora\u0027s Box","Black Star"],"picked":"Tiny House"}],"items_purged_floors":[24,28,31,53],"is_endless":false,"potions_floor_spawned":[1,5,10,18,30,33,35,39,41,45],"ascension_level":11}