{"gold_per_floor":[115,131,131,54,73,73,105,123,149,180,193,193,239,289,289,289],"floor_reached":16,"playtime":467,"items_purged":[],"score":220,"play_id":"2340d81f-c397-43ec-9169-69c1f9127227","local_time":"20190514172108","is_ascension_mode":true,"campfire_choices":[{"data":"Uppercut","floor":6,"key":"SMITH"},{"floor":12,"key":"REST"},{"data":"Disarm","floor":15,"key":"SMITH"}],"neow_cost":"NONE","seed_source_timestamp":1998650067226010,"circlet_count":0,"master_deck":["AscendersBane","Strike_R","Strike_R","Strike_R","Strike_R","Defend_R","Defend_R","Defend_R","Defend_R","Bash","Pommel Strike","Uppercut+1","Disarm+1","Spot Weakness","Offering","Flame Barrier","Whirlwind"],"relics":["Burning Blood","NeowsBlessing","Omamori","Bag of Preparation","Regal Pillow","Strawberry"],"potions_floor_usage":[10,16,16],"damage_taken":[{"damage":0,"enemies":"Jaw Worm","floor":1,"turns":1},{"damage":0,"enemies":"Cultist","floor":2,"turns":1},{"damage":0,"enemies":"2 Louse","floor":5,"turns":1},{"damage":36,"enemies":"Gremlin Nob","floor":7,"turns":5},{"damage":20,"enemies":"Gremlin Gang","floor":8,"turns":5},{"damage":33,"enemies":"Lagavulin","floor":10,"turns":7},{"damage":11,"enemies":"Red Slaver","floor":11,"turns":3},{"damage":61,"enemies":"Slime Boss","floor":16,"turns":8}],"seed_played":"-5870614249598449537","potions_obtained":[{"floor":5,"key":"Regen Potion"},{"floor":8,"key":"Explosive Potion"},{"floor":11,"key":"Poison Potion"}],"is_trial":false,"path_per_floor":["M","M","?","$","M","R","E","M","T","E","M","R","T","?","R","B"],"character_chosen":"IRONCLAD","items_purchased":["Disarm"],"campfire_rested":1,"item_purchase_floors":[4],"current_hp_per_floor":[74,75,75,75,75,75,45,31,31,19,14,51,58,58,58,0],"gold":289,"neow_bonus":"THREE_ENEMY_KILL","is_prod":false,"is_daily":false,"chose_seed":false,"campfire_upgraded":2,"win_rate":0,"timestamp":1557847268,"path_taken":["M","M","?","$","?","R","E","M","T","E","M","R","?","?","R","BOSS"],"build_version":"2019-05-07","purchased_purges":0,"victory":false,"max_hp_per_floor":[75,75,75,75,75,75,75,75,75,75,75,75,82,82,82,82],"card_choices":[{"not_picked":["Heavy Blade","Twin Strike"],"picked":"Pommel Strike","floor":1},{"not_picked":["Metallicize","Clash"],"picked":"Uppercut","floor":2},{"not_picked":["Iron Wave","Sever Soul"],"picked":"Spot Weakness","floor":5},{"not_picked":["Clothesline","Wild Strike"],"picked":"Offering","floor":7},{"not_picked":["Cleave","Clash"],"picked":"Flame Barrier","floor":8},{"not_picked":["Clothesline","Flex"],"picked":"Whirlwind","floor":10},{"not_picked":["Whirlwind","Wild Strike","Perfected Strike"],"picked":"SKIP","floor":11}],"player_experience":1892497,"relics_obtained":[{"floor":7,"key":"Omamori"},{"floor":9,"key":"Bag of Preparation"},{"floor":10,"key":"Regal Pillow"},{"floor":13,"key":"Strawberry"}],"event_choices":[{"cards_removed":["Strike_R"],"damage_healed":0,"gold_gain":0,"player_choice":"Purged","damage_taken":0,"max_hp_gain":0,"max_hp_loss":0,"event_name":"Purifier","floor":3,"gold_loss":0},{"damage_healed":0,"gold_gain":50,"player_choice":"Pray","damage_taken":0,"max_hp_gain":0,"max_hp_loss":0,"event_name":"Golden Shrine","floor":14,"gold_loss":0}],"is_beta":true,"boss_relics":[],"items_purged_floors":[],"is_endless":false,"potions_floor_spawned":[5,8,11],"killed_by":"Slime Boss","ascension_level":20}