{"gold_per_floor":[13,188,198,4,16,50,50,50,50,68,68,78,3,3,3,3],"floor_reached":16,"playtime":572,"items_purged":["Strike_R"],"score":105,"play_id":"a3a95c78-cf3b-4cdf-aa0a-61c6f8bea8b8","local_time":"20180815202829","is_ascension_mode":true,"campfire_choices":[{"data":"Doubt","floor":11,"key":"PURGE"},{"floor":15,"key":"REST"}],"neow_cost":"NO_GOLD","seed_source_timestamp":191398251299037,"circlet_count":0,"master_deck":["Strike_R","Strike_R","Strike_R","Strike_R","Defend_R","Defend_R","Defend_R","Defend_R","Bash","Blood for Blood","Whirlwind","Evolve"],"relics":["Burning Blood","Peace Pipe","Chemical X","Singing Bowl","Bottled Lightning","Mummified Hand"],"potions_floor_usage":[16,16,16],"damage_taken":[{"damage":0,"enemies":"Small Slimes","floor":1,"turns":3},{"damage":5,"enemies":"2 Louse","floor":3,"turns":4},{"damage":0,"enemies":"Cultist","floor":5,"turns":2},{"damage":48,"enemies":"Gremlin Nob","floor":6,"turns":5},{"damage":16,"enemies":"Blue Slaver","floor":10,"turns":4},{"damage":29,"enemies":"Exordium Thugs","floor":12,"turns":4},{"damage":35,"enemies":"The Guardian","floor":16,"turns":12}],"seed_played":"7165807846636003127","potions_obtained":[{"floor":3,"key":"Explosive Potion"},{"floor":5,"key":"SpeedPotion"},{"floor":6,"key":"Energy Potion"}],"is_trial":false,"path_per_floor":["M","?","M","$","M","E","$","T","T","M","R","M","$","?","R"],"character_chosen":"IRONCLAD","items_purchased":["Chemical X"],"campfire_rested":1,"item_purchase_floors":[4],"current_hp_per_floor":[80,80,80,80,80,40,40,40,40,30,30,9,9,9,34,0],"gold":3,"neow_bonus":"ONE_RARE_RELIC","is_prod":false,"is_daily":false,"chose_seed":false,"campfire_upgraded":0,"win_rate":0,"timestamp":1534379309,"path_taken":["M","?","M","?","M","E","$","?","T","M","R","?","?","?","R","BOSS"],"build_version":"2018-08-09","purchased_purges":1,"victory":false,"max_hp_per_floor":[80,80,80,80,80,82,82,82,82,82,82,84,84,84,84,84],"card_choices":[{"not_picked":["Perfected Strike","Headbutt"],"picked":"Blood for Blood","floor":1},{"not_picked":["Thunderclap","Anger"],"picked":"Whirlwind","floor":3},{"not_picked":["Rupture","Body Slam","Cleave"],"picked":"SKIP","floor":5},{"not_picked":["Evolve","Wild Strike","Headbutt"],"picked":"Singing Bowl","floor":6},{"not_picked":["Iron Wave","Shrug It Off"],"picked":"Evolve","floor":10},{"not_picked":["Rampage","Blood for Blood","Searing Blow"],"picked":"Singing Bowl","floor":12}],"player_experience":622199,"relics_obtained":[{"floor":6,"key":"Singing Bowl"},{"floor":8,"key":"Bottled Lightning"},{"floor":9,"key":"Mummified Hand"}],"event_choices":[{"event_name":"Liars Game","player_choice":"agreed","floor":2,"damage_taken":0},{"event_name":"The Cleric","player_choice":"Leave","floor":14,"damage_taken":0}],"is_beta":false,"boss_relics":[],"items_purged_floors":[13],"is_endless":false,"potions_floor_spawned":[3,5,6],"killed_by":"The Guardian","ascension_level":1}