{"gold_per_floor":[121,133,162,194,206,251,281,319,331,343,375,387,474,504,516,528],"floor_reached":16,"playtime":34427,"items_purged":[],"score":112,"play_id":"4c3a394d-5b47-4dea-b7b8-f8af28cd9eb0","local_time":"20180724215533","is_ascension_mode":false,"campfire_choices":[{"floor":10,"key":"REST"},{"floor":12,"key":"REST"},{"floor":15,"key":"REST"}],"neow_cost":"NONE","seed_source_timestamp":131287826116776,"circlet_count":0,"master_deck":["Strike_B","Strike_B","Strike_B","Defend_B","Defend_B","Defend_B","Defend_B","Zap+1","Dualcast","Ball Lightning","Chaos","Sweeping Beam","Sunder","Ball Lightning","Defragment","Leap","Chaos"],"relics":["Cracked Core","MawBank","Kunai","Singing Bowl","Blue Candle"],"potions_floor_usage":[6,8,14],"damage_taken":[{"damage":1,"enemies":"Small Slimes","floor":1,"turns":3},{"damage":1,"enemies":"Jaw Worm","floor":3,"turns":2},{"damage":4,"enemies":"2 Louse","floor":4,"turns":2},{"damage":21,"enemies":"Lagavulin","floor":6,"turns":5},{"damage":11,"enemies":"Red Slaver","floor":7,"turns":3},{"damage":12,"enemies":"3 Sentries","floor":8,"turns":4},{"damage":5,"enemies":"Blue Slaver","floor":11,"turns":3},{"damage":10,"enemies":"Exordium Thugs","floor":14,"turns":3},{"damage":60,"enemies":"Hexaghost","floor":16,"turns":9}],"seed_played":"276265831812061104","potions_obtained":[{"floor":3,"key":"PowerPotion"},{"floor":4,"key":"Explosive Potion"},{"floor":11,"key":"AttackPotion"}],"is_trial":false,"path_per_floor":["M","?","M","M","?","E","M","E","T","R","M","R","?","M","R"],"character_chosen":"DEFECT","items_purchased":[],"campfire_rested":3,"item_purchase_floors":[],"current_hp_per_floor":[74,74,73,69,62,41,30,18,18,40,35,57,46,36,58,0],"gold":528,"neow_bonus":"RANDOM_COMMON_RELIC","is_prod":false,"is_daily":false,"chose_seed":false,"campfire_upgraded":0,"win_rate":0,"timestamp":1532483733,"path_taken":["M","?","M","M","?","E","?","E","T","R","M","R","?","M","R","BOSS"],"build_version":"2018-07-19v2","purchased_purges":0,"victory":false,"max_hp_per_floor":[75,75,75,75,75,75,75,75,75,75,75,75,75,75,75,75],"card_choices":[{"not_picked":["Sweeping Beam","Steam"],"picked":"Ball Lightning","floor":1},{"not_picked":["Hologram","Rip and Tear"],"picked":"Chaos","floor":3},{"not_picked":["Go for the Eyes","Streamline"],"picked":"Sweeping Beam","floor":4},{"not_picked":["Turbo","Streamline"],"picked":"Sunder","floor":6},{"not_picked":["Chill","Sweeping Beam"],"picked":"Ball Lightning","floor":7},{"not_picked":["Stack","Fusion"],"picked":"Defragment","floor":8},{"not_picked":["Skim","White Noise"],"picked":"Leap","floor":11},{"not_picked":["Rip and Tear","Steam Power"],"picked":"Chaos","floor":14}],"player_experience":470630,"relics_obtained":[{"floor":6,"key":"Kunai"},{"floor":8,"key":"Singing Bowl"},{"floor":9,"key":"Blue Candle"}],"event_choices":[{"event_name":"Living Wall","player_choice":"Grow","floor":2,"damage_taken":0},{"event_name":"Golden Wing","player_choice":"Card Removal","floor":5,"damage_taken":0},{"event_name":"World of Goop","player_choice":"Gather Gold","floor":13,"damage_taken":0}],"is_beta":false,"boss_relics":[],"items_purged_floors":[],"is_endless":false,"potions_floor_spawned":[3,4,11],"killed_by":"Hexaghost","ascension_level":0}