{"gold_per_floor":[369,388,274,274,288,288,318,318,341,416,450,468,122,133,133,133],"floor_reached":16,"playtime":551,"items_purged":["Strike_R","Defend_R"],"score":160,"play_id":"88b899d2-c181-46f4-8d1a-b67a0b505c4d","local_time":"20190103211337","is_ascension_mode":true,"campfire_choices":[{"data":"Cleave","floor":6,"key":"SMITH"},{"data":"Pommel Strike","floor":8,"key":"SMITH"},{"data":"Bash","floor":15,"key":"SMITH"}],"neow_cost":"TEN_PERCENT_HP_LOSS","seed_source_timestamp":340505289812900,"circlet_count":0,"master_deck":["Strike_R","Strike_R","Strike_R","Strike_R","Defend_R","Defend_R","Defend_R","Bash+1","Cleave+1","Spot Weakness","Feel No Pain","Regret","Pommel Strike+1","Shrug It Off","Seeing Red","Shrug It Off"],"relics":["Burning Blood","Pen Nib","Strawberry","Oddly Smooth Stone","Boot","Paper Frog"],"potions_floor_usage":[7,16,16],"damage_taken":[{"damage":1,"enemies":"Cultist","floor":1,"turns":3},{"damage":0,"enemies":"Small Slimes","floor":2,"turns":3},{"damage":3,"enemies":"2 Louse","floor":5,"turns":3},{"damage":16,"enemies":"Gremlin Nob","floor":7,"turns":3},{"damage":14,"enemies":"3 Sentries","floor":11,"turns":7},{"damage":7,"enemies":"2 Fungi Beasts","floor":12,"turns":3},{"damage":19,"enemies":"Lots of Slimes","floor":14,"turns":4},{"damage":37,"enemies":"The Guardian","floor":16,"turns":6}],"seed_played":"6111038699073443963","potions_obtained":[{"floor":2,"key":"AttackPotion"},{"floor":7,"key":"Poison Potion"},{"floor":11,"key":"EssenceOfSteel"}],"is_trial":false,"path_per_floor":["M","M","$","?","M","R","E","R","T","?","E","M","$","M","R","B"],"character_chosen":"IRONCLAD","items_purchased":["Feel No Pain","Paper Frog"],"campfire_rested":0,"item_purchase_floors":[3,13],"current_hp_per_floor":[72,72,72,72,72,72,69,69,69,58,50,49,49,36,36,0],"gold":133,"neow_bonus":"TWO_FIFTY_GOLD","is_prod":false,"is_daily":false,"chose_seed":false,"campfire_upgraded":3,"win_rate":0,"timestamp":1546568017,"path_taken":["M","M","$","?","M","R","E","R","T","?","E","M","$","M","R","BOSS"],"build_version":"2019-01-03","purchased_purges":2,"victory":false,"max_hp_per_floor":[72,72,72,72,72,72,79,79,79,79,79,79,79,79,79,79],"card_choices":[{"not_picked":["Rage","Ghostly Armor"],"picked":"Cleave","floor":1},{"not_picked":["Searing Blow","Dual Wield"],"picked":"Spot Weakness","floor":2},{"not_picked":["Cleave","Twin Strike"],"picked":"Pommel Strike","floor":5},{"not_picked":["Whirlwind","Sword Boomerang"],"picked":"Shrug It Off","floor":7},{"not_picked":["Headbutt","Clash"],"picked":"Seeing Red","floor":11},{"not_picked":["Thunderclap","True Grit","Power Through"],"picked":"SKIP","floor":12},{"not_picked":["True Grit","Clash"],"picked":"Shrug It Off","floor":14}],"player_experience":1658913,"relics_obtained":[{"floor":7,"key":"Strawberry"},{"floor":9,"key":"Oddly Smooth Stone"},{"floor":11,"key":"Boot"}],"event_choices":[{"damage_healed":0,"gold_gain":0,"player_choice":"Box","damage_taken":0,"relics_obtained":["Pen Nib"],"max_hp_gain":0,"max_hp_loss":0,"event_name":"Big Fish","floor":4,"gold_loss":0,"cards_obtained":["Regret"]},{"damage_healed":0,"gold_gain":75,"player_choice":"Gather Gold","damage_taken":11,"max_hp_gain":0,"max_hp_loss":0,"event_name":"World of Goop","floor":10,"gold_loss":0}],"is_beta":false,"boss_relics":[],"items_purged_floors":[3,13],"is_endless":false,"potions_floor_spawned":[2,7,11],"killed_by":"The Guardian","ascension_level":9}