{"gold_per_floor":[109,109,0,0,10,10,35,51,51,66,66,66,102,181,181,181],"floor_reached":16,"playtime":482,"items_purged":[],"score":239,"play_id":"a33da7f3-b734-4847-b3d5-f20425bb2ca7","local_time":"20190502194004","is_ascension_mode":true,"campfire_choices":[{"data":"Choke","floor":6,"key":"SMITH"},{"data":"Neutralize","floor":11,"key":"SMITH"},{"floor":15,"key":"REST"}],"neow_cost":"NONE","seed_source_timestamp":970171575638971,"circlet_count":0,"master_deck":["AscendersBane","Defend_G","Defend_G","Defend_G","Defend_G","Defend_G","Strike_G+1","Strike_G","Strike_G","Strike_G","Strike_G","Survivor","Neutralize+1","Choke+1","Blade Dance+1","Outmaneuver","Backstab","Sucker Punch","Finisher","A Thousand Cuts","Backflip"],"relics":["Ring of the Snake","NeowsBlessing","Ice Cream","Matryoshka","Golden Idol","Nunchaku","Unceasing Top"],"potions_floor_usage":[14],"damage_taken":[{"damage":0,"enemies":"Small Slimes","floor":1,"turns":1},{"damage":0,"enemies":"Jaw Worm","floor":5,"turns":1},{"damage":0,"enemies":"Lagavulin","floor":7,"turns":1},{"damage":0,"enemies":"2 Louse","floor":8,"turns":2},{"damage":2,"enemies":"Blue Slaver","floor":10,"turns":3},{"damage":17,"enemies":"3 Sentries","floor":13,"turns":8},{"damage":9,"enemies":"Lagavulin Event","floor":14,"turns":3},{"damage":38,"enemies":"Slime Boss","floor":16,"turns":5}],"seed_played":"423431598418872957","potions_obtained":[{"floor":1,"key":"Strength Potion"}],"is_trial":false,"path_per_floor":["M","?","$","?","M","R","E","M","T","M","R","?","E","?","R","B"],"character_chosen":"THE_SILENT","items_purchased":["Blade Dance","Outmaneuver"],"campfire_rested":1,"item_purchase_floors":[3,3],"current_hp_per_floor":[59,64,64,43,43,43,43,43,43,41,41,41,24,15,34,0],"gold":181,"neow_bonus":"THREE_ENEMY_KILL","is_prod":false,"is_daily":false,"chose_seed":false,"campfire_upgraded":2,"win_rate":0,"timestamp":1556818804,"path_taken":["M","?","$","?","M","R","E","?","T","M","R","?","E","?","R","BOSS"],"build_version":"2019-04-23","purchased_purges":0,"victory":false,"max_hp_per_floor":[66,71,71,71,71,71,71,71,71,71,71,64,64,64,64,64],"card_choices":[{"not_picked":["Skewer","Heel Hook"],"picked":"Choke","floor":1},{"not_picked":["Dodge and Roll","Tactician"],"picked":"Backstab","floor":5},{"not_picked":["Distraction","Dagger Throw","Burst"],"picked":"SKIP","floor":7},{"not_picked":["Dagger Throw","Prepared"],"picked":"Sucker Punch","floor":8},{"not_picked":["Skewer","Backstab"],"picked":"Finisher","floor":10},{"not_picked":["Expertise","Eviscerate"],"picked":"A Thousand Cuts","floor":13},{"not_picked":["Deadly Poison","Skewer"],"picked":"Backflip","floor":14}],"player_experience":1438506,"relics_obtained":[{"floor":7,"key":"Ice Cream"},{"floor":9,"key":"Matryoshka"},{"floor":13,"key":"Nunchaku"},{"floor":14,"key":"Unceasing Top"}],"event_choices":[{"damage_healed":0,"gold_gain":0,"player_choice":"Donut","damage_taken":0,"max_hp_gain":5,"max_hp_loss":0,"event_name":"Big Fish","floor":2,"gold_loss":0},{"damage_healed":0,"gold_gain":0,"player_choice":"Entered Light","damage_taken":21,"max_hp_gain":0,"max_hp_loss":0,"event_name":"Shining Light","floor":4,"gold_loss":0,"cards_upgraded":["Strike_G","Blade Dance"]},{"damage_healed":0,"gold_gain":0,"player_choice":"Lose Max HP","damage_taken":0,"relics_obtained":["Golden Idol"],"max_hp_gain":0,"max_hp_loss":7,"event_name":"Golden Idol","floor":12,"gold_loss":0},{"damage_healed":0,"gold_gain":0,"player_choice":"Searched \u00271\u0027 times","damage_taken":0,"max_hp_gain":0,"max_hp_loss":0,"event_name":"Dead Adventurer","floor":14,"gold_loss":0}],"is_beta":true,"boss_relics":[],"items_purged_floors":[],"is_endless":false,"potions_floor_spawned":[1],"killed_by":"Slime Boss","ascension_level":16}