{"gold_per_floor":[117,134,147,71,87,87,106,132,132,132,78,88,88,13,13,113,113,125,145,158,174,187,187,197,197,223,223,248,258,275,190,190,190],"floor_reached":33,"playtime":1674,"items_purged":["Strike_R"],"score":341,"play_id":"6a0900cd-b722-4d1a-9fd2-06bd78df9ff8","local_time":"20180927204014","is_ascension_mode":true,"campfire_choices":[{"data":"Double Tap","floor":6,"key":"SMITH"},{"data":"Spot Weakness","floor":10,"key":"SMITH"},{"data":"Armaments","floor":13,"key":"SMITH"},{"data":"Metallicize","floor":15,"key":"SMITH"},{"floor":23,"key":"REST"},{"floor":25,"key":"REST"},{"data":"Battle Trance","floor":27,"key":"SMITH"},{"floor":32,"key":"REST"}],"neow_cost":"NONE","seed_source_timestamp":39389742061874,"circlet_count":0,"master_deck":["Strike_R","Strike_R","Strike_R","Strike_R","Defend_R","Defend_R","Defend_R","Defend_R","Bash","Double Tap+1","Power Through","Battle Trance+1","Spot Weakness+1","Headbutt","Wild Strike","Armaments+1","Metallicize+1","Clothesline","Battle Trance+1","Barricade"],"relics":["Burning Blood","Sundial","Gremlin Horn","Busted Crown","Red Skull","Mummified Hand","Potion Belt"],"potions_floor_usage":[8,16,16,16,21,33],"damage_taken":[{"damage":11,"enemies":"Cultist","floor":1,"turns":4},{"damage":8,"enemies":"Jaw Worm","floor":2,"turns":4},{"damage":5,"enemies":"2 Louse","floor":3,"turns":5},{"damage":6,"enemies":"Looter","floor":5,"turns":4},{"damage":17,"enemies":"3 Louse","floor":7,"turns":4},{"damage":13,"enemies":"3 Sentries","floor":8,"turns":7},{"damage":5,"enemies":"Lots of Slimes","floor":12,"turns":4},{"damage":70,"enemies":"Hexaghost","floor":16,"turns":15},{"damage":0,"enemies":"Spheric Guardian","floor":18,"turns":2},{"damage":18,"enemies":"2 Thieves","floor":19,"turns":4},{"damage":22,"enemies":"Cultist and Chosen","floor":20,"turns":6},{"damage":20,"enemies":"Shelled Parasite and Fungi","floor":21,"turns":5},{"damage":16,"enemies":"Centurion and Healer","floor":22,"turns":7},{"damage":10,"enemies":"Snake Plant","floor":24,"turns":4},{"damage":42,"enemies":"Slavers","floor":28,"turns":5},{"damage":9,"enemies":"Snecko","floor":29,"turns":4},{"damage":15,"enemies":"Centurion and Healer","floor":30,"turns":5},{"damage":51,"enemies":"Champ","floor":33,"turns":6}],"seed_played":"-9098808926924661923","potions_obtained":[{"floor":2,"key":"BloodPotion"},{"floor":3,"key":"Ancient Potion"},{"floor":5,"key":"SkillPotion"},{"floor":12,"key":"BloodPotion"},{"floor":18,"key":"Ancient Potion"},{"floor":19,"key":"Energy Potion"},{"floor":30,"key":"LiquidBronze"}],"is_trial":false,"path_per_floor":["M","M","M","$","M","R","M","E","T","R","$","M","R","$","R","B",null,"M","M","M","M","M","R","M","R","T","R","E","M","M","?","R"],"character_chosen":"IRONCLAD","items_purchased":["Spot Weakness","Armaments"],"campfire_rested":3,"item_purchase_floors":[4,11],"current_hp_per_floor":[75,73,74,74,74,74,63,56,56,56,56,57,57,57,57,9,62,68,56,40,26,16,40,36,60,60,60,24,21,12,12,36,0],"gold":190,"neow_bonus":"ONE_RANDOM_RARE_CARD","is_prod":false,"is_daily":false,"chose_seed":false,"campfire_upgraded":5,"win_rate":0,"timestamp":1538095214,"path_taken":["M","M","M","$","M","R","M","E","T","R","$","M","R","$","R","BOSS","M","M","M","M","M","R","M","R","T","R","E","?","M","?","R","BOSS"],"build_version":"2018-09-27","purchased_purges":1,"victory":false,"max_hp_per_floor":[80,80,80,80,80,80,80,80,80,80,80,80,80,80,80,80,80,80,80,80,80,80,80,80,80,80,80,80,80,80,80,80,80],"card_choices":[{"not_picked":["Warcry","Havoc","Burning Pact"],"picked":"SKIP","floor":1},{"not_picked":["Ghostly Armor","Disarm"],"picked":"Power Through","floor":2},{"not_picked":["Rupture","Corruption"],"picked":"Battle Trance","floor":3},{"not_picked":["Wild Strike","Disarm"],"picked":"Headbutt","floor":5},{"not_picked":["Dropkick","Sword Boomerang"],"picked":"Wild Strike","floor":7},{"not_picked":["Dropkick","Feel No Pain","Body Slam"],"picked":"SKIP","floor":8},{"not_picked":["Sentinel","Bloodletting"],"picked":"Metallicize","floor":12},{"not_picked":["Twin Strike"],"picked":"SKIP","floor":18},{"not_picked":["Sentinel"],"picked":"SKIP","floor":19},{"not_picked":["Twin Strike"],"picked":"SKIP","floor":20},{"not_picked":["Entrench"],"picked":"SKIP","floor":21},{"not_picked":["Clash"],"picked":"SKIP","floor":22},{"not_picked":[],"picked":"Clothesline","floor":24},{"not_picked":[],"picked":"Battle Trance+1","floor":28},{"not_picked":["Hemokinesis"],"picked":"SKIP","floor":29},{"not_picked":[],"picked":"Barricade","floor":30}],"player_experience":927996,"relics_obtained":[{"floor":8,"key":"Sundial"},{"floor":9,"key":"Gremlin Horn"},{"floor":26,"key":"Red Skull"},{"floor":28,"key":"Mummified Hand"}],"event_choices":[{"event_name":"Addict","player_choice":"Obtained Relic","floor":31,"damage_taken":0}],"is_beta":false,"boss_relics":[{"not_picked":["Black Blood","Velvet Choker"],"picked":"Busted Crown"}],"items_purged_floors":[14],"is_endless":false,"potions_floor_spawned":[2,3,5,12,18,19,30],"killed_by":"Champ","ascension_level":5}