{"gold_per_floor":[116,191,191,49,61,61,92,92,92,105,105,139,139,165,165,265,265,278,293,310,310],"floor_reached":21,"playtime":5782,"items_purged":[],"score":355,"play_id":"cc04e632-4be2-4bc2-8b7b-c8cf83b5110f","local_time":"20190429155318","is_ascension_mode":true,"campfire_choices":[{"data":"Leap","floor":6,"key":"SMITH"},{"data":"Redo","floor":8,"key":"SMITH"},{"data":"Coolheaded","floor":13,"key":"SMITH"},{"floor":15,"key":"REST"}],"neow_cost":"NONE","seed_source_timestamp":692044527535415,"circlet_count":0,"master_deck":["AscendersBane","Strike_B","Strike_B","Strike_B","Defend_B","Defend_B","Defend_B","Defend_B","Zap","Dualcast","Ball Lightning","Leap+1","FTL","Streamline","Redo+1","Compile Driver","Fusion","Coolheaded+1","Core Surge","Echo Form"],"relics":["Cracked Core","NeowsBlessing","Darkstone Periapt","Calipers","Bag of Preparation","Bottled Flame","Inserter"],"potions_floor_usage":[12,21],"damage_taken":[{"damage":0,"enemies":"Cultist","floor":1,"turns":1},{"damage":0,"enemies":"2 Louse","floor":5,"turns":1},{"damage":0,"enemies":"3 Sentries","floor":7,"turns":1},{"damage":2,"enemies":"Jaw Worm","floor":10,"turns":3},{"damage":5,"enemies":"Lagavulin","floor":12,"turns":6},{"damage":23,"enemies":"3 Sentries","floor":14,"turns":7},{"damage":42,"enemies":"Hexaghost","floor":16,"turns":11},{"damage":10,"enemies":"Chosen","floor":18,"turns":5},{"damage":3,"enemies":"Spheric Guardian","floor":19,"turns":4},{"damage":28,"enemies":"Cultist and Chosen","floor":20,"turns":7},{"damage":17,"enemies":"Snake Plant","floor":21,"turns":4}],"seed_played":"-3618323642540835152","potions_obtained":[{"floor":3,"key":"GamblersBrew"},{"floor":3,"key":"Weak Potion"},{"floor":12,"key":"FearPotion"},{"floor":16,"key":"SpeedPotion"},{"floor":19,"key":"Explosive Potion"}],"is_trial":false,"path_per_floor":["M","?","?","$","M","R","E","R","T","M","?","E","R","E","R","B",null,"M","M","M","M"],"character_chosen":"DEFECT","items_purchased":["Leap","FTL","Streamline"],"campfire_rested":1,"item_purchase_floors":[4,4,4],"current_hp_per_floor":[68,57,57,57,57,57,57,57,57,55,55,50,50,27,49,7,58,48,45,17,0],"gold":310,"neow_bonus":"THREE_ENEMY_KILL","is_prod":false,"is_daily":false,"chose_seed":false,"campfire_upgraded":3,"win_rate":0,"timestamp":1556545998,"path_taken":["M","?","?","$","M","R","E","R","T","?","?","E","R","E","R","BOSS","M","M","M","?"],"build_version":"2019-04-23","purchased_purges":0,"victory":false,"max_hp_per_floor":[75,75,75,75,75,75,75,75,75,75,75,75,75,75,75,75,75,75,75,75,75],"card_choices":[{"not_picked":["Steam","Redo"],"picked":"Ball Lightning","floor":1},{"not_picked":["Hello World","Beam Cell"],"picked":"Redo","floor":5},{"not_picked":["Coolheaded","Turbo"],"picked":"Compile Driver","floor":7},{"not_picked":["Storm","Amplify"],"picked":"Fusion","floor":10},{"not_picked":["Reprogram","Streamline"],"picked":"Coolheaded","floor":12},{"not_picked":["Streamline","All For One"],"picked":"Core Surge","floor":14},{"not_picked":["Biased Cognition","Multi-Cast"],"picked":"Echo Form","floor":16},{"not_picked":["Leap","Reprogram","Reinforced Body"],"picked":"SKIP","floor":18},{"not_picked":["Gash","Redo","Stack"],"picked":"SKIP","floor":19},{"not_picked":["Scrape","Turbo+1","Beam Cell"],"picked":"SKIP","floor":20}],"player_experience":1315622,"relics_obtained":[{"floor":7,"key":"Darkstone Periapt"},{"floor":9,"key":"Calipers"},{"floor":12,"key":"Bag of Preparation"},{"floor":14,"key":"Bottled Flame"}],"event_choices":[{"damage_healed":0,"gold_gain":75,"player_choice":"Gather Gold","damage_taken":11,"max_hp_gain":0,"max_hp_loss":0,"event_name":"World of Goop","floor":2,"gold_loss":0},{"damage_healed":0,"gold_gain":0,"player_choice":"Got Potions","damage_taken":0,"max_hp_gain":0,"max_hp_loss":0,"event_name":"Lab","floor":3,"gold_loss":0},{"cards_removed":["Strike_B"],"damage_healed":0,"gold_gain":0,"player_choice":"Purged","damage_taken":0,"max_hp_gain":0,"max_hp_loss":0,"event_name":"Purifier","floor":11,"gold_loss":0}],"is_beta":true,"boss_relics":[{"not_picked":["Lizard Tail","Astrolabe"],"picked":"Inserter"}],"items_purged_floors":[],"is_endless":false,"potions_floor_spawned":[5,12,16,19,20],"killed_by":"Snake Plant","ascension_level":12}