{"path_per_floor":["M","M","?","$","M","R","$","E","T","?","R","M","E","?","R","B",null,"M","?","?","M","$","M","R","M","T","M","R","M"],"character_chosen":"IRONCLAD","items_purchased":["Flex","Flex"],"gold_per_floor":[109,124,124,4,20,20,20,52,52,52,52,67,98,98,98,195,195,207,307,307,290,137,155,155,173,173,188,188,201],"floor_reached":30,"campfire_rested":2,"playtime":2410,"current_hp_per_floor":[43,49,46,46,52,52,52,19,19,19,43,43,13,39,39,27,80,83,83,68,61,61,33,33,43,43,24,52,66],"items_purged":["Strike_R","Strike_R"],"gold":201,"play_id":"d6cdc89f-a9d3-40a7-9bcc-9d798c4f514e","is_prod":false,"is_daily":false,"is_ascension_mode":false,"campfire_upgraded":3,"path_taken":["M","M","?","$","?","R","$","E","T","?","R","M","E","?","R","BOSS","M","?","?","?","$","M","R","M","T","M","R","M","E"],"build_version":"2018-01-25-PROD3","purchased_purges":2,"victory":false,"master_deck":["Defend_R","Defend_R","Defend_R","Defend_R","Bash","Heavy Blade+1","Power Through","Flex","Dropkick","Armaments+1","Pommel Strike","Barricade+1","Feed","Pommel Strike+1","Heavy Blade+1","Flex","Flex","Inflame","Shrug It Off+1","Seeing Red"],"max_hp_per_floor":[80,80,80,80,80,80,80,80,80,80,80,80,80,80,80,80,80,83,83,88,91,91,91,91,94,94,94,94,98],"relics":["Black Blood","Calipers","Singing Bowl","Dead Branch","Gremlin Horn","Thread and Needle"],"card_choices":[{"not_picked":["Twin Strike","Armaments"],"picked":"Heavy Blade"},{"not_picked":["Warcry","Evolve"],"picked":"Power Through"},{"not_picked":["Intimidate","Body Slam"],"picked":"Dropkick"},{"not_picked":["Searing Blow","Reckless Charge"],"picked":"Armaments"},{"not_picked":["Fire Breathing","Battle Trance"],"picked":"Pommel Strike"},{"not_picked":["Metallicize","Searing Blow"],"picked":"Barricade"},{"not_picked":["Fiend Fire","Bludgeon"],"picked":"Feed"},{"not_picked":["Clothesline","Combust"],"picked":"Pommel Strike"},{"not_picked":["Searing Blow","Rampage"],"picked":"Heavy Blade"},{"not_picked":["Iron Wave","Carnage"],"picked":"Flex"},{"not_picked":["Clash","Fire Breathing"],"picked":"Inflame"},{"not_picked":["Headbutt","Intimidate"],"picked":"Shrug It Off"},{"not_picked":["Flex","Wild Strike"],"picked":"Seeing Red"}],"player_experience":337885,"potions_floor_usage":[12,16,18,30,30],"damage_taken":[{"damage":3,"enemies":"2 Louse","floor":1,"turns":4},{"damage":0,"enemies":"Small Slimes","floor":2,"turns":4},{"damage":0,"enemies":"Jaw Worm","floor":5,"turns":4},{"damage":39,"enemies":"3 Sentries","floor":8,"turns":12},{"damage":6,"enemies":"Gremlin Gang","floor":12,"turns":5},{"damage":36,"enemies":"Lagavulin","floor":13,"turns":5},{"damage":18,"enemies":"Slime Boss","floor":16,"turns":14},{"damage":23,"enemies":"Shell Parasite","floor":18,"turns":13},{"damage":20,"enemies":"2 Thieves","floor":21,"turns":4},{"damage":38,"enemies":"Chosen and Byrds","floor":23,"turns":6},{"damage":3,"enemies":"Snecko","floor":25,"turns":4},{"damage":29,"enemies":"Snake Plant","floor":27,"turns":3},{"damage":0,"enemies":"Centurion and Healer","floor":29,"turns":9},{"damage":72,"enemies":"Slavers","floor":30,"turns":7}],"event_choices":[{"event_name":"Scrap Ooze","player_choice":"success","floor":3,"damage_taken":3},{"event_name":"Living Wall","player_choice":"Forget","floor":10,"damage_taken":0},{"event_name":"Big Fish","player_choice":"Banana","floor":14,"damage_taken":0},{"event_name":"Golden Shrine","player_choice":"Pray","floor":19,"damage_taken":0},{"event_name":"Forgotten Altar","player_choice":"Shed Blood","floor":20,"damage_taken":0}],"boss_relics":[{"not_picked":["Cursed Key","Lizard Tail"],"picked":"Black Blood"}],"potions_floor_spawned":[8,13,16,23,25],"seed_played":"-2665031932755815323","killed_by":"Slavers","ascension_level":0,"is_trial":false}