{"gold_per_floor":[119,131,131,147,72,106,121,121,146,187,217,81,81,81,81,81],"floor_reached":16,"playtime":531,"items_purged":["Strike_B"],"score":200,"play_id":"30f11396-3dc1-47c5-8893-87f69992cd51","local_time":"20190504173605","is_ascension_mode":true,"campfire_choices":[{"floor":8,"key":"REST"},{"floor":13,"key":"REST"},{"data":"Buffer","floor":15,"key":"SMITH"}],"neow_cost":"NONE","seed_source_timestamp":1135483772760583,"circlet_count":0,"master_deck":["AscendersBane","Strike_B","Strike_B","Defend_B+1","Defend_B+1","Defend_B","Defend_B","Zap+1","Dualcast","Gash","Cold Snap","Hologram","Buffer+1","Compile Driver","Self Repair","Loop","Capacitor","Leap"],"relics":["Cracked Core","Golden Idol","Ancient Tea Set","Bag of Preparation","War Paint","Odd Mushroom"],"potions_floor_usage":[6,6,10],"damage_taken":[{"damage":0,"enemies":"Jaw Worm","floor":1,"turns":4},{"damage":0,"enemies":"Cultist","floor":2,"turns":3},{"damage":4,"enemies":"2 Louse","floor":4,"turns":2},{"damage":19,"enemies":"3 Sentries","floor":6,"turns":7},{"damage":16,"enemies":"Blue Slaver","floor":7,"turns":3},{"damage":3,"enemies":"Lagavulin","floor":10,"turns":6},{"damage":17,"enemies":"The Mushroom Lair","floor":11,"turns":4},{"damage":30,"enemies":"Slime Boss","floor":16,"turns":10}],"seed_played":"3468173808340520578","potions_obtained":[{"floor":2,"key":"Fire Potion"},{"floor":4,"key":"SkillPotion"},{"floor":6,"key":"Weak Potion"}],"is_trial":false,"path_per_floor":["M","M","?","M","$","E","M","R","T","E","?","$","R","?","R","B"],"character_chosen":"DEFECT","items_purchased":["Capacitor","Leap"],"campfire_rested":2,"item_purchase_floors":[12,12],"current_hp_per_floor":[64,64,40,36,36,17,1,22,22,19,9,9,30,30,30,0],"gold":81,"neow_bonus":"UPGRADE_CARD","is_prod":false,"is_daily":false,"chose_seed":false,"campfire_upgraded":1,"win_rate":0,"timestamp":1556984165,"path_taken":["M","M","?","M","$","E","M","R","T","E","?","$","R","?","R","BOSS"],"build_version":"2019-04-23","purchased_purges":1,"victory":false,"max_hp_per_floor":[71,71,71,71,71,71,71,71,71,71,71,71,71,71,71,71],"card_choices":[{"not_picked":["Fusion","Blizzard"],"picked":"Gash","floor":1},{"not_picked":["Streamline","Rebound"],"picked":"Cold Snap","floor":2},{"not_picked":["Genetic Algorithm","Ball Lightning"],"picked":"Hologram","floor":4},{"not_picked":["Rebound","Tempest"],"picked":"Buffer","floor":6},{"not_picked":["Cold Snap","Lockon"],"picked":"Compile Driver","floor":7},{"not_picked":["Stack","Tempest"],"picked":"Self Repair","floor":10},{"not_picked":["Hello World","Chill"],"picked":"Loop","floor":11}],"player_experience":1492986,"relics_obtained":[{"floor":6,"key":"Ancient Tea Set"},{"floor":9,"key":"Bag of Preparation"},{"floor":10,"key":"War Paint"},{"floor":11,"key":"Odd Mushroom"}],"event_choices":[{"damage_healed":0,"gold_gain":0,"player_choice":"Take Damage","damage_taken":24,"relics_obtained":["Golden Idol"],"max_hp_gain":0,"max_hp_loss":0,"event_name":"Golden Idol","floor":3,"gold_loss":0},{"damage_healed":0,"gold_gain":0,"player_choice":"Fought Mushrooms","damage_taken":0,"max_hp_gain":0,"max_hp_loss":0,"event_name":"Mushrooms","floor":11,"gold_loss":0},{"cards_removed":["Strike_B"],"damage_healed":0,"gold_gain":0,"player_choice":"Offered Basic","damage_taken":0,"max_hp_gain":0,"max_hp_loss":0,"event_name":"Bonfire Elementals","floor":14,"gold_loss":0}],"is_beta":true,"boss_relics":[],"items_purged_floors":[5],"is_endless":false,"potions_floor_spawned":[2,4,6],"killed_by":"Slime Boss","ascension_level":17}