{"gold_per_floor":[110,110,110,35,35,35,61,61,84,102,118,131,131,142,142,142],"floor_reached":16,"playtime":529,"items_purged":["Defend_B"],"score":170,"play_id":"344cc5f7-6bb1-441a-b42f-cc5e09cafa0b","local_time":"20190410224113","is_ascension_mode":true,"campfire_choices":[{"data":"Dualcast","floor":6,"key":"SMITH"},{"data":"Fusion","floor":13,"key":"SMITH"},{"data":"Zap","floor":15,"key":"SMITH"}],"neow_cost":"TEN_PERCENT_HP_LOSS","seed_source_timestamp":391099632938400,"circlet_count":0,"master_deck":["AscendersBane","Strike_B","Strike_B","Defend_B","Defend_B","Defend_B","Zap+1","Dualcast+1","Doom and Gloom","FTL","Cold Snap","Fusion+1","Coolheaded","Skim"],"relics":["Cracked Core","Strawberry","Pear","Meat on the Bone","Anchor"],"potions_floor_usage":[8,16],"damage_taken":[{"damage":3,"enemies":"2 Louse","floor":1,"turns":2},{"damage":50,"enemies":"3 Sentries","floor":7,"turns":7},{"damage":0,"enemies":"Jaw Worm","floor":10,"turns":3},{"damage":0,"enemies":"Small Slimes","floor":11,"turns":2},{"damage":1,"enemies":"Gremlin Gang","floor":12,"turns":3},{"damage":3,"enemies":"Blue Slaver","floor":14,"turns":3},{"damage":46,"enemies":"Hexaghost","floor":16,"turns":9}],"seed_played":"1964547333345505587","potions_obtained":[{"floor":1,"key":"Swift Potion"},{"floor":8,"key":"Fruit Juice"},{"floor":8,"key":"FearPotion"}],"is_trial":false,"path_per_floor":["M","?","?","$","?","R","E","?","T","M","M","M","R","M","R","B"],"character_chosen":"DEFECT","items_purchased":[],"campfire_rested":0,"item_purchase_floors":[],"current_hp_per_floor":[61,68,61,61,59,59,9,14,14,26,38,49,49,46,46,0],"gold":142,"neow_bonus":"REMOVE_TWO","is_prod":false,"is_daily":false,"chose_seed":false,"campfire_upgraded":3,"win_rate":0,"timestamp":1554950473,"path_taken":["M","?","?","$","?","R","E","?","T","M","M","M","R","M","R","BOSS"],"build_version":"2019-01-23","purchased_purges":1,"victory":false,"max_hp_per_floor":[64,71,71,71,81,81,81,86,86,86,86,86,86,86,86,86],"card_choices":[{"not_picked":["Recycle","Leap"],"picked":"Doom and Gloom","floor":1},{"not_picked":["Conserve Battery","Stack"],"picked":"FTL","floor":7},{"not_picked":["Rebound","Sweeping Beam"],"picked":"Cold Snap","floor":10},{"not_picked":["Leap","Rip and Tear"],"picked":"Fusion","floor":11},{"not_picked":["Cold Snap","Rebound"],"picked":"Coolheaded","floor":12},{"not_picked":["Hologram","Recycle"],"picked":"Skim","floor":14}],"player_experience":2633462,"relics_obtained":[{"floor":7,"key":"Meat on the Bone"},{"floor":9,"key":"Anchor"}],"event_choices":[{"damage_healed":0,"gold_gain":0,"player_choice":"Box","damage_taken":0,"relics_obtained":["Strawberry"],"max_hp_gain":0,"max_hp_loss":0,"event_name":"Big Fish","floor":2,"gold_loss":0,"cards_obtained":["Regret"]},{"cards_removed":["Regret"],"damage_healed":0,"gold_gain":0,"player_choice":"Card Removal","damage_taken":7,"max_hp_gain":0,"max_hp_loss":0,"event_name":"Golden Wing","floor":3,"gold_loss":0},{"damage_healed":0,"gold_gain":0,"player_choice":"Success","damage_taken":12,"relics_obtained":["Pear"],"max_hp_gain":0,"max_hp_loss":0,"event_name":"Scrap Ooze","floor":5,"gold_loss":0},{"damage_healed":0,"gold_gain":0,"player_choice":"Got Potions","damage_taken":0,"max_hp_gain":0,"max_hp_loss":0,"event_name":"Lab","floor":8,"gold_loss":0}],"is_beta":false,"boss_relics":[],"items_purged_floors":[4],"is_endless":false,"potions_floor_spawned":[1,10],"killed_by":"Hexaghost","ascension_level":14}