{"gold_per_floor":[114,25,36,36,36,36,71,71,71,97,110,129,143,1,1,101,101,119,119,119,119,52,52,72,100,100,100],"floor_reached":27,"playtime":1180,"items_purged":["Strike_B"],"score":290,"play_id":"524ba93b-fc2a-464a-8cf5-ded153bccec6","local_time":"20190519223014","is_ascension_mode":true,"campfire_choices":[{"data":"Defragment","floor":6,"key":"SMITH"},{"data":"Loop","floor":8,"key":"SMITH"},{"data":"Zap","floor":15,"key":"SMITH"},{"floor":23,"key":"RECALL"}],"neow_cost":"NONE","seed_source_timestamp":82870093129800,"circlet_count":0,"master_deck":["Strike_B","Defend_B","Defend_B","Defend_B","Defend_B","Zap+1","Dualcast","Defragment+1","Ball Lightning","Sweeping Beam","Loop+1","Cold Snap","Capacitor+1","Creative AI+1","Defragment+1","Double Energy+1","Chaos"],"relics":["Cracked Core","NeowsBlessing","Centennial Puzzle","Frozen Egg 2","Oddly Smooth Stone","Eternal Feather","Orichalcum","Thread and Needle"],"potions_floor_usage":[10,16,16,24,25,27],"damage_taken":[{"damage":0,"enemies":"Jaw Worm","floor":1,"turns":1},{"damage":0,"enemies":"2 Louse","floor":3,"turns":1},{"damage":0,"enemies":"Gremlin Nob","floor":7,"turns":1},{"damage":8,"enemies":"Lagavulin","floor":10,"turns":5},{"damage":0,"enemies":"Cultist","floor":11,"turns":3},{"damage":13,"enemies":"3 Louse","floor":12,"turns":4},{"damage":1,"enemies":"Looter","floor":13,"turns":3},{"damage":14,"enemies":"Hexaghost","floor":16,"turns":8},{"damage":26,"enemies":"Shell Parasite","floor":18,"turns":6},{"damage":21,"enemies":"Spheric Guardian","floor":24,"turns":5},{"damage":47,"enemies":"Gremlin Leader","floor":25,"turns":5},{"damage":13,"enemies":"Centurion and Healer","floor":27,"turns":2}],"seed_played":"3985455973310299455","potions_obtained":[{"floor":3,"key":"PowerPotion"},{"floor":12,"key":"Fire Potion"},{"floor":13,"key":"Swift Potion"},{"floor":16,"key":"Strength Potion"},{"floor":18,"key":"SkillPotion"},{"floor":24,"key":"Explosive Potion"}],"is_trial":false,"path_per_floor":["M","$","M","?","?","R","E","R","T","E","M","M","M","$","R","B",null,"M","?","?","?","$","R","M","E","T","M"],"character_chosen":"DEFECT","items_purchased":["Defragment","Ball Lightning","Capacitor+1","Defragment+1"],"campfire_rested":0,"item_purchase_floors":[2,2,14,22],"current_hp_per_floor":[75,75,75,75,75,75,75,75,75,67,67,54,53,53,53,39,75,49,49,49,74,74,75,54,7,7,0],"gold":100,"neow_bonus":"THREE_ENEMY_KILL","is_prod":false,"is_daily":false,"chose_seed":false,"campfire_upgraded":3,"win_rate":0,"timestamp":1558297814,"path_taken":["M","$","M","?","?","R","E","R","T","E","M","M","?","$","R","BOSS","M","?","?","?","$","R","?","E","T","M"],"build_version":"2019-05-07","purchased_purges":1,"victory":false,"max_hp_per_floor":[75,75,75,75,75,75,75,75,75,75,75,75,75,75,75,75,75,75,75,75,75,75,75,75,75,75,75],"card_choices":[{"not_picked":["Hologram","Barrage","Rebound"],"picked":"SKIP","floor":1},{"not_picked":["Rebound","Storm"],"picked":"Sweeping Beam","floor":3},{"not_picked":["Stack","Turbo"],"picked":"Loop","floor":7},{"not_picked":["Force Field","Reboot","Streamline"],"picked":"SKIP","floor":10},{"not_picked":["Beam Cell","Force Field"],"picked":"Cold Snap","floor":11},{"not_picked":["Sunder","Turbo","Beam Cell"],"picked":"SKIP","floor":12},{"not_picked":["Ball Lightning","Coolheaded","Beam Cell"],"picked":"SKIP","floor":13},{"not_picked":["Rainbow","Meteor Strike"],"picked":"Creative AI+1","floor":16},{"not_picked":["Gash","Beam Cell","Skim"],"picked":"SKIP","floor":18},{"not_picked":["Coolheaded","Stack"],"picked":"Double Energy+1","floor":24},{"not_picked":["Loop+1","Hologram"],"picked":"Chaos","floor":25}],"player_experience":297238,"relics_obtained":[{"floor":7,"key":"Centennial Puzzle"},{"floor":9,"key":"Frozen Egg 2"},{"floor":10,"key":"Oddly Smooth Stone"},{"floor":25,"key":"Orichalcum"},{"floor":26,"key":"Thread and Needle"}],"event_choices":[{"damage_healed":0,"gold_gain":0,"player_choice":"Leave","damage_taken":0,"max_hp_gain":0,"max_hp_loss":0,"event_name":"The Cleric","floor":4,"gold_loss":0},{"cards_removed":["Strike_B"],"damage_healed":0,"gold_gain":0,"player_choice":"Purged","damage_taken":0,"max_hp_gain":0,"max_hp_loss":0,"event_name":"Purifier","floor":5,"gold_loss":0},{"damage_healed":0,"gold_gain":0,"player_choice":"Ignored","damage_taken":0,"max_hp_gain":0,"max_hp_loss":0,"event_name":"Vampires","floor":19,"gold_loss":0},{"cards_removed":["Strike_B"],"damage_healed":0,"gold_gain":0,"player_choice":"Elegance","damage_taken":0,"max_hp_gain":0,"max_hp_loss":0,"event_name":"Back to Basics","floor":20,"gold_loss":0},{"damage_healed":25,"gold_gain":0,"player_choice":"Heal","damage_taken":0,"max_hp_gain":0,"max_hp_loss":0,"event_name":"The Library","floor":21,"gold_loss":0}],"is_beta":true,"boss_relics":[{"not_picked":["Ectoplasm","Calling Bell"],"picked":"Eternal Feather"}],"items_purged_floors":[14],"is_endless":false,"potions_floor_spawned":[3,12,13,16,18,24],"killed_by":"Centurion and Healer","ascension_level":2}