{"gold_per_floor":[115,37,47,47,59,59,87,87,110,39,54,88,88,163,163,262,262,277,277,277,277,277,277,290,322,322,51,51,78,78,5,5,106,106,125,125,141,43,58,58,89,89,137,151,177,177,177,177,177,177],"floor_reached":51,"playtime":3146,"items_purged":["Strike_R"],"score":832,"play_id":"55118131-90ae-499a-aebd-9acd722c5a85","local_time":"20181031220029","is_ascension_mode":true,"campfire_choices":[{"data":"Shockwave","floor":6,"key":"SMITH"},{"data":"Heavy Blade","floor":8,"key":"SMITH"},{"floor":15,"key":"REST"},{"data":"RitualDagger","floor":23,"key":"SMITH"},{"floor":28,"key":"REST"},{"data":"Limit Break","floor":30,"key":"SMITH"},{"floor":32,"key":"REST"},{"floor":40,"key":"REST"},{"data":"Brutality","floor":42,"key":"SMITH"},{"data":"Rupture","floor":47,"key":"SMITH"},{"floor":49,"key":"REST"}],"neow_cost":"NONE","seed_source_timestamp":209861371417001,"circlet_count":0,"master_deck":["Strike_R","Strike_R","Strike_R","Strike_R","Defend_R","Defend_R","Defend_R","Defend_R","Bash","Exhume","Shockwave+1","Combust","Heavy Blade+1","Twin Strike","Offering","Pummel","Infernal Blade","Limit Break+1","Pommel Strike+1","RitualDagger+1","Inflame","Body Slam+1","Flex+1","Shrug It Off+1","Metallicize+1","Flame Barrier+1","Brutality+1","Madness+1","Madness+1","Flex+1","Inflame","Enlightenment+1","Reaper","Whirlwind+1","Rupture+1","Shrug It Off+1","Dual Wield+1"],"relics":["Burning Blood","Juzu Bracelet","Orichalcum","Prayer Wheel","Runic Cube","Anchor","Toxic Egg 2","Toolbox","Sundial","Busted Crown","Meat on the Bone","Blood Vial","Dream Catcher","Question Card"],"potions_floor_usage":[16,16,25,25,33,33,37,39,45,50],"damage_taken":[{"damage":11,"enemies":"Jaw Worm","floor":1,"turns":5},{"damage":1,"enemies":"2 Louse","floor":3,"turns":3},{"damage":2,"enemies":"Small Slimes","floor":5,"turns":4},{"damage":18,"enemies":"Gremlin Nob","floor":7,"turns":4},{"damage":13,"enemies":"Gremlin Gang","floor":11,"turns":4},{"damage":24,"enemies":"Lagavulin","floor":12,"turns":5},{"damage":53,"enemies":"The Guardian","floor":16,"turns":10},{"damage":27,"enemies":"2 Thieves","floor":18,"turns":4},{"damage":8,"enemies":"3 Byrds","floor":24,"turns":5},{"damage":22,"enemies":"Book of Stabbing","floor":25,"turns":4},{"damage":35,"enemies":"Slavers","floor":29,"turns":5},{"damage":35,"enemies":"Collector","floor":33,"turns":8},{"damage":16,"enemies":"3 Shapes","floor":35,"turns":3},{"damage":8,"enemies":"Orb Walker","floor":37,"turns":3},{"damage":25,"enemies":"Transient","floor":39,"turns":5},{"damage":25,"enemies":"Reptomancer","floor":41,"turns":4},{"damage":17,"enemies":"Jaw Worm Horde","floor":44,"turns":4},{"damage":10,"enemies":"Nemesis","floor":45,"turns":3},{"damage":58,"enemies":"Awakened One","floor":50,"turns":8}],"seed_played":"-8259355377840597001","potions_obtained":[{"floor":1,"key":"Ancient Potion"},{"floor":7,"key":"Block Potion"},{"floor":11,"key":"SkillPotion"},{"floor":12,"key":"SteroidPotion"},{"floor":16,"key":"Energy Potion"},{"floor":18,"key":"Block Potion"},{"floor":25,"key":"Fire Potion"},{"floor":29,"key":"Poison Potion"},{"floor":33,"key":"GamblersBrew"},{"floor":37,"key":"GamblersBrew"},{"floor":41,"key":"Dexterity Potion"},{"floor":45,"key":"LiquidBronze"}],"is_trial":false,"path_per_floor":["M","$","M","?","M","R","E","R","T","$","M","E","?","?","R","B",null,"M","?","?","?","?","R","M","E","T","$","R","E","R","$","R","B",null,"M","?","M","$","M","R","E","R","T","M","E","T","R","?","R","B",null],"character_chosen":"IRONCLAD","items_purchased":["Combust","Offering","Toolbox","Flame Barrier+1","Enlightenment+1"],"campfire_rested":5,"item_purchase_floors":[2,10,27,31,38],"current_hp_per_floor":[75,75,80,80,80,80,68,68,68,68,61,43,43,32,56,9,80,59,59,53,53,53,53,51,35,35,35,59,30,30,30,54,25,80,70,60,58,58,39,63,44,44,44,47,58,58,58,58,80,58],"gold":177,"neow_bonus":"ONE_RANDOM_RARE_CARD","is_prod":false,"is_daily":false,"chose_seed":false,"campfire_upgraded":6,"win_rate":0,"timestamp":1541019629,"path_taken":["M","$","M","?","M","R","E","R","T","$","M","E","?","?","R","BOSS","M","?","?","?","?","R","M","E","T","$","R","E","R","$","R","BOSS","M","?","M","$","M","R","E","R","T","M","E","?","R","?","R","BOSS"],"build_version":"2018-10-30","purchased_purges":1,"victory":true,"max_hp_per_floor":[80,80,80,80,80,80,80,80,80,80,80,80,80,80,80,80,80,80,80,80,80,80,80,80,80,80,80,80,80,80,80,80,80,80,80,80,80,80,80,80,80,80,80,80,80,80,80,80,80,80],"card_choices":[{"not_picked":["Metallicize","Rampage"],"picked":"Shockwave","floor":1},{"not_picked":["Thunderclap","Body Slam"],"picked":"Heavy Blade","floor":3},{"not_picked":["Anger","True Grit","Body Slam"],"picked":"SKIP","floor":5},{"not_picked":["Sever Soul","Feel No Pain"],"picked":"Twin Strike","floor":7},{"not_picked":["Entrench","Warcry"],"picked":"Pummel","floor":11},{"not_picked":["Combust","True Grit"],"picked":"Infernal Blade","floor":12},{"not_picked":["Impervious","Fiend Fire"],"picked":"Limit Break","floor":16},{"not_picked":["Rage+1","Combust"],"picked":"Pommel Strike+1","floor":18},{"not_picked":["Iron Wave","Intimidate+1","Feel No Pain+1"],"picked":"SKIP","floor":18},{"not_picked":["Fire Breathing","Twin Strike+1"],"picked":"Body Slam+1","floor":24},{"not_picked":["Armaments","Body Slam"],"picked":"Flex+1","floor":24},{"not_picked":["Fire Breathing+1","Clothesline"],"picked":"Shrug It Off+1","floor":25},{"not_picked":["Warcry+1","Body Slam"],"picked":"Metallicize+1","floor":29},{"not_picked":["Limit Break+1","Feed"],"picked":"Brutality","floor":33},{"not_picked":["Sword Boomerang"],"picked":"SKIP","floor":35},{"not_picked":["Havoc+1"],"picked":"SKIP","floor":35},{"not_picked":[],"picked":"Flex+1","floor":37},{"not_picked":[],"picked":"Inflame","floor":37},{"not_picked":[],"picked":"Reaper","floor":39},{"not_picked":["Havoc+1"],"picked":"SKIP","floor":39},{"not_picked":[],"picked":"Whirlwind+1","floor":41},{"not_picked":[],"picked":"Rupture","floor":44},{"not_picked":["Seeing Red+1"],"picked":"SKIP","floor":44},{"not_picked":[],"picked":"Shrug It Off+1","floor":45},{"not_picked":["Wild Strike"],"picked":"Dual Wield+1","floor":49}],"player_experience":187446,"relics_obtained":[{"floor":7,"key":"Juzu Bracelet"},{"floor":9,"key":"Orichalcum"},{"floor":12,"key":"Prayer Wheel"},{"floor":25,"key":"Anchor"},{"floor":26,"key":"Toxic Egg 2"},{"floor":29,"key":"Sundial"},{"floor":41,"key":"Meat on the Bone"},{"floor":43,"key":"Blood Vial"},{"floor":45,"key":"Dream Catcher"},{"floor":46,"key":"Question Card"}],"event_choices":[{"damage_healed":0,"gold_gain":0,"player_choice":"Leave","damage_taken":0,"max_hp_gain":0,"max_hp_loss":0,"event_name":"The Cleric","floor":4,"gold_loss":0},{"damage_healed":0,"gold_gain":0,"player_choice":"Ignored","damage_taken":0,"max_hp_gain":0,"max_hp_loss":0,"event_name":"Golden Idol","floor":13,"gold_loss":0},{"damage_healed":0,"gold_gain":75,"player_choice":"Gather Gold","damage_taken":11,"max_hp_gain":0,"max_hp_loss":0,"event_name":"World of Goop","floor":14,"gold_loss":0},{"damage_healed":0,"gold_gain":0,"player_choice":"Ignored","damage_taken":0,"max_hp_gain":0,"max_hp_loss":0,"event_name":"The Mausoleum","floor":19,"gold_loss":0},{"damage_healed":0,"gold_gain":0,"player_choice":"Joined the Cult","damage_taken":6,"max_hp_gain":0,"max_hp_loss":0,"event_name":"Nest","floor":20,"gold_loss":0,"cards_obtained":["RitualDagger"]},{"damage_healed":0,"gold_gain":0,"player_choice":"Bought 0 Potions","damage_taken":0,"max_hp_gain":0,"max_hp_loss":0,"event_name":"The Woman in Blue","floor":21,"gold_loss":0},{"damage_healed":0,"gold_gain":0,"player_choice":"Read","damage_taken":0,"max_hp_gain":0,"max_hp_loss":0,"event_name":"The Library","floor":22,"gold_loss":0,"cards_obtained":["Inflame"]},{"damage_healed":0,"gold_gain":0,"player_choice":"Embrace Madness","damage_taken":10,"max_hp_gain":0,"max_hp_loss":0,"event_name":"Winding Halls","floor":36,"gold_loss":0,"cards_obtained":["Madness","Madness"]},{"damage_healed":0,"gold_gain":0,"player_choice":"Memory 1","damage_taken":0,"max_hp_gain":0,"max_hp_loss":0,"event_name":"SensoryStone","floor":48,"gold_loss":0}],"is_beta":true,"boss_relics":[{"not_picked":["Eternal Feather","Runic Pyramid"],"picked":"Runic Cube"},{"not_picked":["White Beast Statue","Coffee Dripper"],"picked":"Busted Crown"}],"items_purged_floors":[27],"is_endless":false,"potions_floor_spawned":[1,7,11,12,16,18,25,29,33,37,41,45],"ascension_level":1}