{"gold_per_floor":[111,111,111,128,28,92,102,134,134,134,145,161,161,61,61,139,139,159,177,177],"floor_reached":20,"playtime":647,"items_purged":["Strike_G","Strike_G"],"score":492,"play_id":"87c529be-70dc-40de-8e4a-fe63120df42a","local_time":"20190507121826","is_ascension_mode":true,"campfire_choices":[{"floor":10,"key":"REST"},{"data":"Noxious Fumes","floor":13,"key":"SMITH"},{"floor":15,"key":"REST"}],"neow_cost":"NONE","seed_source_timestamp":1375507886627186,"circlet_count":0,"master_deck":["AscendersBane","Defend_G","Defend_G","Defend_G","Defend_G","Defend_G","Strike_G","Strike_G","Survivor","Neutralize","Flying Knee","Backflip","Cloak And Dagger","Noxious Fumes+1","Noxious Fumes","Cloak And Dagger","Bouncing Flask","Venomology","Cloak And Dagger+1"],"relics":["Ring of the Snake","NeowsBlessing","Tiny Chest","Tingsha","Darkstone Periapt","Runic Pyramid"],"potions_floor_usage":[18,19,19],"damage_taken":[{"damage":0,"enemies":"Small Slimes","floor":1,"turns":1},{"damage":0,"enemies":"Cultist","floor":4,"turns":1},{"damage":0,"enemies":"3 Sentries","floor":6,"turns":1},{"damage":0,"enemies":"2 Louse","floor":7,"turns":4},{"damage":65,"enemies":"Gremlin Nob","floor":8,"turns":6},{"damage":0,"enemies":"Blue Slaver","floor":11,"turns":6},{"damage":6,"enemies":"2 Fungi Beasts","floor":12,"turns":4},{"damage":0,"enemies":"Hexaghost","floor":16,"turns":9},{"damage":22,"enemies":"Chosen","floor":18,"turns":6},{"damage":15,"enemies":"2 Thieves","floor":19,"turns":5},{"damage":31,"enemies":"Cultist and Chosen","floor":20,"turns":3}],"seed_played":"727381765710991359","potions_obtained":[{"floor":6,"key":"Dexterity Potion"},{"floor":7,"key":"Dexterity Potion"},{"floor":12,"key":"Weak Potion"},{"floor":19,"key":"Ancient Potion"}],"is_trial":false,"path_per_floor":["M","?","?","M","$","E","M","E","T","R","M","M","R","$","R","B",null,"M","M","M"],"character_chosen":"THE_SILENT","items_purchased":["Backflip"],"campfire_rested":2,"item_purchase_floors":[5],"current_hp_per_floor":[59,52,66,66,66,66,66,1,1,20,20,14,14,14,33,33,58,36,21,0],"gold":177,"neow_bonus":"THREE_ENEMY_KILL","is_prod":false,"is_daily":false,"chose_seed":false,"campfire_upgraded":1,"win_rate":0,"timestamp":1557224306,"path_taken":["M","?","?","?","$","E","M","E","T","R","?","M","R","?","R","BOSS","M","M","M"],"build_version":"2019-04-23","purchased_purges":2,"victory":false,"max_hp_per_floor":[66,66,66,66,66,66,66,66,66,66,66,66,66,66,66,66,66,66,66,66],"card_choices":[{"not_picked":["Deflect","Skewer","Flechettes"],"picked":"SKIP","floor":1},{"not_picked":["Deadly Poison","Poisoned Stab"],"picked":"Flying Knee","floor":4},{"not_picked":["Deadly Poison","Prepared"],"picked":"Cloak And Dagger","floor":6},{"not_picked":["Quick Slash","Calculated Gamble"],"picked":"Noxious Fumes","floor":7},{"not_picked":["Bullet Time","Poisoned Stab"],"picked":"Noxious Fumes","floor":8},{"not_picked":["Outmaneuver","Blade Dance"],"picked":"Cloak And Dagger","floor":11},{"not_picked":["Flechettes","Slice"],"picked":"Bouncing Flask","floor":12},{"not_picked":["Storm of Steel","Bullet Time"],"picked":"Venomology","floor":16},{"not_picked":["Acrobatics","Setup"],"picked":"Cloak And Dagger+1","floor":18},{"not_picked":["Expertise","Reflex","Endless Agony+1"],"picked":"SKIP","floor":19}],"player_experience":1556131,"relics_obtained":[{"floor":6,"key":"Tiny Chest"},{"floor":8,"key":"Tingsha"},{"floor":9,"key":"Darkstone Periapt"}],"event_choices":[{"cards_removed":["Strike_G"],"damage_healed":0,"gold_gain":0,"player_choice":"Card Removal","damage_taken":7,"max_hp_gain":0,"max_hp_loss":0,"event_name":"Golden Wing","floor":2,"gold_loss":0},{"damage_healed":14,"gold_gain":0,"player_choice":"Full Heal","damage_taken":0,"max_hp_gain":0,"max_hp_loss":0,"event_name":"Wheel of Change","floor":3,"gold_loss":0}],"is_beta":true,"boss_relics":[{"not_picked":["Calling Bell","Cursed Key"],"picked":"Runic Pyramid"}],"items_purged_floors":[5,14],"is_endless":false,"potions_floor_spawned":[6,7,12,19],"killed_by":"Cultist and Chosen","ascension_level":18}