{"gold_per_floor":[114,164,74,85,102,102,117,117,142,142,158,158,179,194,194,194],"floor_reached":16,"playtime":443,"items_purged":[],"score":169,"play_id":"7099b4d6-5f68-447d-9a67-acea75005700","local_time":"20190520211443","is_ascension_mode":true,"campfire_choices":[{"data":"Metallicize","floor":6,"key":"SMITH"},{"floor":10,"key":"REST"},{"data":"Flame Barrier","floor":15,"key":"SMITH"}],"neow_cost":"NONE","seed_source_timestamp":376151866205624,"circlet_count":0,"master_deck":["AscendersBane","Strike_R","Strike_R","Strike_R","Strike_R","Defend_R","Defend_R","Defend_R","Defend_R","Bash+1","Metallicize+1","Feel No Pain","Metallicize","Flame Barrier+1"],"relics":["Burning Blood","Golden Idol","Bag of Marbles"],"potions_floor_usage":[13,16],"damage_taken":[{"damage":7,"enemies":"Jaw Worm","floor":1,"turns":3},{"damage":5,"enemies":"Cultist","floor":4,"turns":4},{"damage":6,"enemies":"2 Louse","floor":5,"turns":3},{"damage":3,"enemies":"2 Fungi Beasts","floor":7,"turns":6},{"damage":8,"enemies":"3 Louse","floor":11,"turns":6},{"damage":11,"enemies":"Looter","floor":13,"turns":4},{"damage":3,"enemies":"Blue Slaver","floor":14,"turns":7},{"damage":72,"enemies":"Hexaghost","floor":16,"turns":15}],"seed_played":"3290412635278573391","potions_obtained":[{"floor":4,"key":"Weak Potion"},{"floor":5,"key":"Ancient Potion"},{"floor":14,"key":"Regen Potion"}],"is_trial":false,"path_per_floor":["M","?","$","M","M","R","M","?","T","R","M","?","M","M","R","B"],"character_chosen":"IRONCLAD","items_purchased":["Metallicize"],"campfire_rested":1,"item_purchase_floors":[3],"current_hp_per_floor":[67,67,67,68,68,68,71,45,45,67,65,58,53,56,56,0],"gold":194,"neow_bonus":"UPGRADE_CARD","is_prod":false,"is_daily":false,"chose_seed":false,"campfire_upgraded":2,"win_rate":0,"timestamp":1558358083,"path_taken":["M","?","?","M","M","R","?","?","T","R","M","?","M","M","R","BOSS"],"build_version":"2019-01-23","purchased_purges":0,"victory":false,"max_hp_per_floor":[75,75,75,75,75,75,75,75,75,75,75,75,75,75,75,75],"card_choices":[{"not_picked":["Sword Boomerang","Searing Blow","Thunderclap"],"picked":"SKIP","floor":1},{"not_picked":["Wild Strike","Havoc","Cleave"],"picked":"SKIP","floor":4},{"not_picked":["Warcry","Second Wind"],"picked":"Feel No Pain","floor":5},{"not_picked":["Heavy Blade","Flex","Armaments"],"picked":"SKIP","floor":7},{"not_picked":["Rupture","Rampage"],"picked":"Metallicize","floor":11},{"not_picked":["Flex","Pommel Strike"],"picked":"Flame Barrier","floor":13},{"not_picked":["Rage","Armaments","Thunderclap"],"picked":"SKIP","floor":14}],"player_experience":546801,"relics_obtained":[{"floor":9,"key":"Bag of Marbles"}],"event_choices":[{"damage_healed":0,"gold_gain":50,"player_choice":"Pray","damage_taken":0,"max_hp_gain":0,"max_hp_loss":0,"event_name":"Golden Shrine","floor":2,"gold_loss":0},{"damage_healed":0,"gold_gain":0,"player_choice":"Take Damage","damage_taken":26,"relics_obtained":["Golden Idol"],"max_hp_gain":0,"max_hp_loss":0,"event_name":"Golden Idol","floor":8,"gold_loss":0},{"cards_removed":["Strike_R"],"damage_healed":0,"gold_gain":0,"player_choice":"Card Removal","damage_taken":7,"max_hp_gain":0,"max_hp_loss":0,"event_name":"Golden Wing","floor":12,"gold_loss":0}],"is_beta":false,"boss_relics":[],"items_purged_floors":[],"is_endless":false,"potions_floor_spawned":[4,5,14],"killed_by":"Hexaghost","ascension_level":16}