{"gold_per_floor":[117,12,12,25,37,65,65,91,91,91,108,108,33,49,49,122,122,138,24,24,24,42,42],"floor_reached":23,"playtime":1647,"items_purged":["Strike_G"],"score":368,"play_id":"1f59136f-4823-4abd-b1f1-84fa9a60180d","local_time":"20190504130604","is_ascension_mode":true,"campfire_choices":[{"data":"Noxious Fumes","floor":7,"key":"SMITH"},{"floor":10,"key":"REST"},{"data":"Footwork","floor":12,"key":"SMITH"},{"data":"Cloak And Dagger","floor":15,"key":"SMITH"}],"neow_cost":"NONE","seed_source_timestamp":1118166010285473,"circlet_count":0,"master_deck":["AscendersBane","Defend_G","Defend_G","Defend_G","Defend_G","Defend_G","Strike_G","Survivor","Neutralize","Flying Knee","Backflip","Dagger Spray","Footwork+1","Backflip","Noxious Fumes+1","Finisher","Flying Knee","Cloak And Dagger+1","Adrenaline","Accuracy","Dash"],"relics":["Ring of the Snake","NeowsBlessing","Darkstone Periapt","Orichalcum","Singing Bowl","WristBlade"],"potions_floor_usage":[6,16],"damage_taken":[{"damage":0,"enemies":"Cultist","floor":1,"turns":1},{"damage":0,"enemies":"2 Louse","floor":4,"turns":2},{"damage":0,"enemies":"Jaw Worm","floor":5,"turns":1},{"damage":28,"enemies":"Gremlin Nob","floor":6,"turns":5},{"damage":16,"enemies":"3 Sentries","floor":8,"turns":9},{"damage":5,"enemies":"2 Fungi Beasts","floor":11,"turns":4},{"damage":4,"enemies":"Exordium Wildlife","floor":14,"turns":4},{"damage":5,"enemies":"Hexaghost","floor":16,"turns":12},{"damage":10,"enemies":"Shell Parasite","floor":18,"turns":8},{"damage":21,"enemies":"Chosen","floor":22,"turns":7},{"damage":19,"enemies":"Gremlin Leader","floor":23,"turns":7}],"seed_played":"-6733273593338107151","potions_obtained":[{"floor":5,"key":"SteroidPotion"},{"floor":11,"key":"LiquidBronze"},{"floor":14,"key":"SpeedPotion"},{"floor":16,"key":"LiquidBronze"}],"is_trial":false,"path_per_floor":["M","$","?","M","M","E","R","E","T","R","M","R","?","M","R","B",null,"M","$","?","?","M","E"],"character_chosen":"THE_SILENT","items_purchased":["Backflip","Dagger Spray","Accuracy"],"campfire_rested":1,"item_purchase_floors":[2,2,19],"current_hp_per_floor":[59,59,59,59,59,31,31,15,15,34,31,31,31,27,27,22,57,49,49,28,28,7,0],"gold":42,"neow_bonus":"THREE_ENEMY_KILL","is_prod":false,"is_daily":false,"chose_seed":false,"campfire_upgraded":3,"win_rate":0,"timestamp":1556967964,"path_taken":["M","$","?","?","M","E","R","E","T","R","M","R","?","M","R","BOSS","M","$","?","?","M","E"],"build_version":"2019-04-23","purchased_purges":1,"victory":false,"max_hp_per_floor":[66,66,66,66,66,66,66,66,66,66,68,68,68,68,68,68,68,70,70,70,70,70,70],"card_choices":[{"not_picked":["PiercingWail","Concentrate"],"picked":"Flying Knee","floor":1},{"not_picked":["Dagger Throw","Deflect"],"picked":"Backflip","floor":4},{"not_picked":["Dodge and Roll","Outmaneuver"],"picked":"Noxious Fumes","floor":5},{"not_picked":["Dagger Spray","Infinite Blades"],"picked":"Finisher","floor":6},{"not_picked":["Phantasmal Killer","Slice"],"picked":"Flying Knee","floor":8},{"not_picked":["Quick Slash","Acrobatics","Cloak And Dagger"],"picked":"Singing Bowl","floor":11},{"not_picked":["Dagger Throw","Accuracy"],"picked":"Cloak And Dagger","floor":14},{"not_picked":["Unload","Night Terror"],"picked":"Adrenaline","floor":16},{"not_picked":["Reflex","Outmaneuver","Bane"],"picked":"Singing Bowl","floor":18},{"not_picked":["Backflip","Terror"],"picked":"Dash","floor":22}],"player_experience":1486786,"relics_obtained":[{"floor":6,"key":"Darkstone Periapt"},{"floor":8,"key":"Orichalcum"},{"floor":9,"key":"Singing Bowl"}],"event_choices":[{"damage_healed":0,"gold_gain":0,"cards_transformed":["Strike_G"],"player_choice":"Transformed","damage_taken":0,"max_hp_gain":0,"max_hp_loss":0,"event_name":"Transmorgrifier","floor":3,"gold_loss":0,"cards_obtained":["Footwork"]},{"cards_removed":["Strike_G"],"damage_healed":0,"gold_gain":0,"player_choice":"Card Removal","damage_taken":0,"max_hp_gain":0,"max_hp_loss":0,"event_name":"The Cleric","floor":13,"gold_loss":75},{"damage_healed":0,"gold_gain":0,"player_choice":"Obtained Book","damage_taken":21,"max_hp_gain":0,"max_hp_loss":0,"event_name":"Cursed Tome","floor":20,"gold_loss":0},{"cards_removed":["Strike_G"],"damage_healed":0,"gold_gain":0,"player_choice":"Elegance","damage_taken":0,"max_hp_gain":0,"max_hp_loss":0,"event_name":"Back to Basics","floor":21,"gold_loss":0}],"is_beta":true,"boss_relics":[{"not_picked":["Lizard Tail","Tiny House"],"picked":"WristBlade"}],"items_purged_floors":[19],"is_endless":false,"potions_floor_spawned":[5,11,14,16,22],"killed_by":"Gremlin Leader","ascension_level":17}