{"path_per_floor":["M","?","M","$","M","E","M","R","T","$","T","M","M","M","R","B",null,"M","M"],"character_chosen":"IRONCLAD","items_purchased":["Warcry","Anger","Uppercut","Combust"],"gold_per_floor":[111,111,122,52,72,107,118,118,118,8,8,22,32,47,47,146,146,160,172,172],"floor_reached":20,"campfire_rested":2,"playtime":2648,"item_purchase_floors":[4,4,10,10],"current_hp_per_floor":[79,79,79,79,76,61,49,73,73,73,73,55,46,45,69,32,80,53,37,0],"items_purged":[],"gold":172,"score":178,"play_id":"9dffab57-899d-407f-9130-6c28eb7eaa8f","local_time":"20180621231145","is_prod":false,"is_daily":false,"chose_seed":false,"is_ascension_mode":false,"campfire_upgraded":0,"win_rate":0.0,"timestamp":1529637105,"campfire_choices":[{"floor":8,"key":"REST"},{"floor":15,"key":"REST"}],"path_taken":["M","?","M","$","M","E","M","R","T","$","?","?","M","M","R","BOSS","M","?","M"],"build_version":"2018-06-21","seed_source_timestamp":7388268769467,"purchased_purges":0,"circlet_count":0,"victory":false,"master_deck":["Strike_R","Strike_R","Strike_R","Strike_R","Strike_R","Defend_R","Defend_R","Defend_R","Defend_R","Bash","Thunderclap","Cleave","Injury","Warcry","Warcry","Anger","Headbutt","Sword Boomerang","Pommel Strike","Regret","Uppercut","Combust","Pain","Perfected Strike","Clash","Second Wind","Dark Embrace","Dropkick+1","Rage+1"],"max_hp_per_floor":[80,80,80,80,80,80,80,80,80,80,80,80,80,80,80,80,80,80,80,80],"relics":["Cursed Key","Champion Belt","Magic Flower","Gambling Chip","Runic Pyramid"],"card_choices":[{"not_picked":["Sword Boomerang","Headbutt"],"picked":"Thunderclap","floor":1},{"not_picked":["Rage","Cleave"],"picked":"Warcry","floor":3},{"not_picked":["Rampage","Brutality"],"picked":"Headbutt","floor":5},{"not_picked":["Combust","Flex"],"picked":"Sword Boomerang","floor":6},{"not_picked":["Clothesline","Cleave"],"picked":"Pommel Strike","floor":7},{"not_picked":["Whirlwind","Body Slam"],"picked":"Perfected Strike","floor":12},{"not_picked":["Twin Strike","Bloodletting"],"picked":"Clash","floor":13},{"not_picked":["True Grit","Headbutt"],"picked":"Second Wind","floor":14},{"not_picked":["Bludgeon","Juggernaut"],"picked":"Dark Embrace","floor":16},{"not_picked":["Thunderclap","Metallicize"],"picked":"Dropkick+1","floor":18},{"not_picked":["Sword Boomerang+1","Perfected Strike"],"picked":"Rage+1","floor":19}],"player_experience":6716,"potions_floor_usage":[16,16,20],"damage_taken":[{"damage":1,"enemies":"Cultist","floor":1,"turns":3},{"damage":0,"enemies":"Small Slimes","floor":3,"turns":3},{"damage":3,"enemies":"Jaw Worm","floor":5,"turns":3},{"damage":15,"enemies":"3 Sentries","floor":6,"turns":6},{"damage":12,"enemies":"Exordium Thugs","floor":7,"turns":4},{"damage":18,"enemies":"Lots of Slimes","floor":12,"turns":3},{"damage":9,"enemies":"Looter","floor":13,"turns":2},{"damage":1,"enemies":"Exordium Wildlife","floor":14,"turns":2},{"damage":37,"enemies":"Hexaghost","floor":16,"turns":9},{"damage":27,"enemies":"Chosen","floor":18,"turns":5},{"damage":16,"enemies":"3 Byrds","floor":19,"turns":4},{"damage":40,"enemies":"Centurion and Healer","floor":20,"turns":3}],"relics_obtained":[{"floor":6,"key":"Champion Belt"},{"floor":9,"key":"Magic Flower"},{"floor":11,"key":"Gambling Chip"}],"event_choices":[{"event_name":"Match and Keep!","player_choice":"2 cards matched","floor":2,"damage_taken":0}],"boss_relics":[{"not_picked":["Coffee Dripper","Sozu"],"picked":"Runic Pyramid"}],"items_purged_floors":[],"is_endless":false,"potions_floor_spawned":[7,12,13,14],"seed_played":"-3835492252724621191","killed_by":"Centurion and Healer","ascension_level":0,"potions_obtained":[{"floor":7,"key":"Fire Potion"},{"floor":12,"key":"FearPotion"},{"floor":13,"key":"SpeedPotion"}],"is_trial":false}