{"gold_per_floor":[115,115,115,125,19,48,198,123,123,151,151,176,192,220,220,299,299,317,232,232,252,264,264,294,294,318,353,353,383,393,406,406,406],"floor_reached":33,"playtime":1199,"items_purged":[],"score":743,"play_id":"f31afbeb-9b6a-4d22-841f-becfe0de479c","local_time":"20190510202640","is_ascension_mode":true,"campfire_choices":[{"data":"Shrug It Off","floor":11,"key":"SMITH"},{"floor":15,"key":"REST"},{"floor":23,"key":"REST"},{"floor":25,"key":"REST"},{"floor":32,"key":"REST"}],"neow_cost":"NONE","seed_source_timestamp":1663450303083119,"circlet_count":0,"master_deck":["AscendersBane","Strike_R+1","Strike_R+1","Strike_R+1","Strike_R+1","Strike_R+1","Defend_R+1","Defend_R+1","Defend_R+1","Defend_R+1","Bash+1","Pommel Strike","Shrug It Off+1","Anger","Battle Trance+1","Heavy Blade","Spot Weakness+1","Offering+1","True Grit+1","Ghostly Armor+1","Inflame","Flame Barrier+1","Uppercut"],"relics":["Burning Blood","NeowsBlessing","Red Skull","Matryoshka","Toxic Egg 2","Orichalcum","Letter Opener","Fusion Hammer","Strawberry","Ginger","Bag of Marbles","Regal Pillow","Omamori"],"potions_floor_usage":[10,16,21,27,29,33,33],"damage_taken":[{"damage":0,"enemies":"Jaw Worm","floor":1,"turns":1},{"damage":0,"enemies":"Small Slimes","floor":4,"turns":1},{"damage":0,"enemies":"Gremlin Nob","floor":6,"turns":1},{"damage":12,"enemies":"Lagavulin","floor":10,"turns":3},{"damage":32,"enemies":"Gremlin Nob","floor":12,"turns":4},{"damage":0,"enemies":"Cultist","floor":13,"turns":2},{"damage":14,"enemies":"Lagavulin","floor":14,"turns":4},{"damage":29,"enemies":"Slime Boss","floor":16,"turns":9},{"damage":21,"enemies":"Shell Parasite","floor":18,"turns":2},{"damage":13,"enemies":"Chosen","floor":21,"turns":4},{"damage":13,"enemies":"Snecko","floor":22,"turns":4},{"damage":61,"enemies":"Gremlin Leader","floor":24,"turns":7},{"damage":23,"enemies":"Book of Stabbing","floor":27,"turns":4},{"damage":6,"enemies":"Gremlin Leader","floor":29,"turns":3},{"damage":6,"enemies":"Centurion and Healer","floor":30,"turns":3},{"damage":11,"enemies":"Snake Plant","floor":31,"turns":2},{"damage":54,"enemies":"Collector","floor":33,"turns":5}],"seed_played":"2304733567327235680","potions_obtained":[{"floor":1,"key":"SpeedPotion"},{"floor":3,"key":"AttackPotion"},{"floor":10,"key":"LiquidBronze"},{"floor":18,"key":"Block Potion"},{"floor":27,"key":"AttackPotion"},{"floor":29,"key":"EssenceOfSteel"},{"floor":31,"key":"Swift Potion"}],"is_trial":false,"path_per_floor":["M","?","?","M","$","E","?","?","T","E","R","E","M","E","R","B",null,"M","?","?","M","M","R","E","R","T","E","?","E","M","M","R","B"],"character_chosen":"IRONCLAD","items_purchased":["Shrug It Off","Anger"],"campfire_rested":4,"item_purchase_floors":[5,5],"current_hp_per_floor":[74,51,51,57,57,63,63,63,63,57,57,31,37,29,51,28,63,48,55,55,48,41,65,10,34,34,17,17,17,17,12,51,0],"gold":406,"neow_bonus":"THREE_ENEMY_KILL","is_prod":false,"is_daily":false,"chose_seed":false,"campfire_upgraded":1,"win_rate":0,"timestamp":1557512800,"path_taken":["M","?","?","?","?","E","?","?","T","E","R","E","?","E","R","BOSS","M","?","?","M","M","R","E","R","T","E","?","E","?","M","R","BOSS"],"build_version":"2019-05-07","purchased_purges":0,"victory":false,"max_hp_per_floor":[75,75,75,75,75,75,75,75,75,75,75,75,75,75,75,75,75,75,82,82,82,82,82,82,82,82,82,82,82,82,82,82,82],"card_choices":[{"not_picked":["Dual Wield","Armaments"],"picked":"Pommel Strike","floor":1},{"not_picked":["Wild Strike","Flex","Perfected Strike"],"picked":"SKIP","floor":4},{"not_picked":["Second Wind","Burning Pact","Perfected Strike"],"picked":"SKIP","floor":6},{"not_picked":["Flex","Hemokinesis","Carnage"],"picked":"SKIP","floor":10},{"not_picked":["Intimidate+1","Searing Blow"],"picked":"Battle Trance+1","floor":12},{"not_picked":["Headbutt","Flex+1"],"picked":"Heavy Blade","floor":13},{"not_picked":["Intimidate+1","Dark Embrace"],"picked":"Spot Weakness+1","floor":14},{"not_picked":["Exhume+1","Berserk"],"picked":"Offering+1","floor":16},{"not_picked":["Armaments+1","Headbutt"],"picked":"True Grit+1","floor":18},{"not_picked":["Clash","Fire Breathing","Armaments+1"],"picked":"SKIP","floor":21},{"not_picked":["Reckless Charge","Havoc+1"],"picked":"Ghostly Armor+1","floor":22},{"not_picked":["Cleave","Rupture"],"picked":"Inflame","floor":24},{"not_picked":["Body Slam","Rage+1"],"picked":"Flame Barrier+1","floor":27},{"not_picked":["Rupture","Clash","Berserk"],"picked":"SKIP","floor":29},{"not_picked":["Battle Trance+1","Sword Boomerang"],"picked":"Uppercut","floor":30},{"not_picked":["Body Slam","Perfected Strike","Clash"],"picked":"SKIP","floor":31}],"player_experience":1722970,"relics_obtained":[{"floor":6,"key":"Red Skull"},{"floor":9,"key":"Matryoshka"},{"floor":10,"key":"Toxic Egg 2"},{"floor":12,"key":"Orichalcum"},{"floor":14,"key":"Letter Opener"},{"floor":24,"key":"Ginger"},{"floor":26,"key":"Bag of Marbles"},{"floor":27,"key":"Regal Pillow"},{"floor":29,"key":"Omamori"}],"event_choices":[{"damage_healed":0,"gold_gain":0,"player_choice":"Entered Light","damage_taken":23,"max_hp_gain":0,"max_hp_loss":0,"event_name":"Shining Light","floor":2,"gold_loss":0,"cards_upgraded":["Strike_R","Bash"]},{"damage_healed":0,"gold_gain":0,"player_choice":"Got Potions","damage_taken":0,"max_hp_gain":0,"max_hp_loss":0,"event_name":"Lab","floor":3,"gold_loss":0},{"damage_healed":0,"gold_gain":150,"player_choice":"AGREE","damage_taken":0,"max_hp_gain":0,"max_hp_loss":0,"event_name":"Liars Game","floor":7,"gold_loss":0,"cards_obtained":["Doubt"]},{"cards_removed":["Doubt"],"damage_healed":0,"gold_gain":0,"player_choice":"Card Removal","damage_taken":0,"max_hp_gain":0,"max_hp_loss":0,"event_name":"The Cleric","floor":8,"gold_loss":75},{"damage_healed":0,"gold_gain":0,"player_choice":"Obtained Relic","damage_taken":0,"relics_obtained":["Strawberry"],"max_hp_gain":0,"max_hp_loss":0,"event_name":"Addict","floor":19,"gold_loss":85},{"damage_healed":0,"gold_gain":0,"player_choice":"Simplicity","damage_taken":0,"max_hp_gain":0,"max_hp_loss":0,"event_name":"Back to Basics","floor":20,"gold_loss":0,"cards_upgraded":["Strike_R","Strike_R","Strike_R","Strike_R","Defend_R","Defend_R","Defend_R","Defend_R"]},{"damage_healed":0,"gold_gain":0,"player_choice":"Ignored","damage_taken":0,"max_hp_gain":0,"max_hp_loss":0,"event_name":"Cursed Tome","floor":28,"gold_loss":0}],"is_beta":true,"boss_relics":[{"not_picked":["Orrery","Ectoplasm"],"picked":"Fusion Hammer"}],"items_purged_floors":[],"is_endless":false,"potions_floor_spawned":[1,10,14,18,27,29,31],"killed_by":"Collector","ascension_level":19}