{"gold_per_floor":[110,110,110,110,129,129,163,175,256,275,275,292,292,304,304,409,409,419,419,429,429,440,475,132,132,132,161,15,31,31,31,31,126,126,144,163,163,22,22,54,54,379,379,392,392,408,408,428,428,428],"floor_reached":51,"playtime":5478,"items_purged":["Strike_G","Strike_G"],"score":832,"play_id":"e8221202-5ccf-451a-8784-4ae9b72f805f","local_time":"20181020134310","is_ascension_mode":true,"campfire_choices":[{"data":"Dodge and Roll","floor":6,"key":"SMITH"},{"data":"Footwork","floor":13,"key":"SMITH"},{"data":"Noxious Fumes","floor":15,"key":"SMITH"},{"floor":25,"key":"REST"},{"floor":32,"key":"REST"},{"floor":41,"key":"REST"},{"floor":45,"key":"REST"},{"data":"Forethought","floor":49,"key":"SMITH"}],"neow_cost":"NONE","seed_source_timestamp":192669892025986,"circlet_count":0,"master_deck":["Defend_G","Defend_G","Defend_G","Defend_G+1","Defend_G","Strike_G","Strike_G","Survivor","Neutralize+1","Dodge and Roll+1","Sucker Punch","Acrobatics","Footwork+1","Noxious Fumes+1","Caltrops","Dash","Burst+1","Catalyst+1","Terror+1","A Thousand Cuts","Footwork+1","PiercingWail","Caltrops+1","Wraith Form v2+1","Poisoned Stab+1","Magnetism+1","Forethought+1","Infinite Blades+1","After Image+1","Corpse Explosion","Injury","Deflect+1","Doubt"],"relics":["Ring of the Snake","Pen Nib","Mango","Black Star","MutagenicStrength","Frozen Egg 2","Kunai","War Paint","Vajra","Juzu Bracelet","Oddly Smooth Stone","Nloth\u0027s Gift","Cursed Key","Darkstone Periapt","Ninja Scroll","Gambling Chip","Old Coin"],"potions_floor_usage":[7,7,10,16,23,23,29,36,40,42,44,50,50],"damage_taken":[{"damage":0,"enemies":"Small Slimes","floor":1,"turns":4},{"damage":0,"enemies":"Jaw Worm","floor":5,"turns":6},{"damage":9,"enemies":"Gremlin Nob","floor":7,"turns":6},{"damage":0,"enemies":"2 Louse","floor":8,"turns":4},{"damage":0,"enemies":"Red Slaver","floor":10,"turns":5},{"damage":10,"enemies":"Looter","floor":12,"turns":4},{"damage":5,"enemies":"Large Slime","floor":14,"turns":7},{"damage":0,"enemies":"Slime Boss","floor":16,"turns":9},{"damage":7,"enemies":"Chosen","floor":18,"turns":6},{"damage":0,"enemies":"Spheric Guardian","floor":20,"turns":5},{"damage":3,"enemies":"Centurion and Healer","floor":22,"turns":10},{"damage":41,"enemies":"Gremlin Leader","floor":23,"turns":7},{"damage":11,"enemies":"Book of Stabbing","floor":27,"turns":8},{"damage":14,"enemies":"Snake Plant","floor":29,"turns":6},{"damage":29,"enemies":"Automaton","floor":33,"turns":10},{"damage":4,"enemies":"Orb Walker","floor":35,"turns":5},{"damage":5,"enemies":"3 Darklings","floor":36,"turns":8},{"damage":36,"enemies":"Nemesis","floor":40,"turns":10},{"damage":10,"enemies":"Giant Head","floor":42,"turns":9},{"damage":9,"enemies":"4 Shapes","floor":44,"turns":3},{"damage":20,"enemies":"Jaw Worm Horde","floor":46,"turns":4},{"damage":0,"enemies":"3 Darklings","floor":48,"turns":2},{"damage":48,"enemies":"Time Eater","floor":50,"turns":13}],"seed_played":"2691850448540328517","potions_obtained":[{"floor":1,"key":"AttackPotion"},{"floor":3,"key":"LiquidBronze"},{"floor":3,"key":"Block Potion"},{"floor":3,"key":"Swift Potion"},{"floor":7,"key":"Energy Potion"},{"floor":10,"key":"AttackPotion"},{"floor":16,"key":"SteroidPotion"},{"floor":20,"key":"Block Potion"},{"floor":27,"key":"SkillPotion"},{"floor":35,"key":"SkillPotion"},{"floor":42,"key":"Explosive Potion"},{"floor":46,"key":"Weak Potion"},{"floor":48,"key":"Weak Potion"}],"is_trial":false,"path_per_floor":["M","?","?","?","M","R","E","M","T","M","T","M","R","M","R","B",null,"M","?","M","?","M","E","$","R","T","E","$","M","?","?","R","B",null,"M","M","?","$","?","E","R","E","T","M","R","M","?","M","R","B"],"character_chosen":"THE_SILENT","items_purchased":["PiercingWail","War Paint","Caltrops+1","Poisoned Stab","Infinite Blades+1","EssenceOfSteel"],"campfire_rested":4,"item_purchase_floors":[24,24,24,28,38,38],"current_hp_per_floor":[70,70,70,70,70,70,61,61,61,61,75,65,65,60,60,60,84,77,77,77,77,74,33,33,58,58,47,47,33,33,33,58,29,84,80,75,70,70,70,34,59,49,55,46,73,53,96,96,96,48],"gold":428,"neow_bonus":"UPGRADE_CARD","is_prod":false,"is_daily":false,"chose_seed":false,"campfire_upgraded":4,"win_rate":0,"timestamp":1540035790,"path_taken":["M","?","?","?","M","R","E","M","T","M","?","M","R","M","R","BOSS","M","?","M","?","M","E","$","R","T","E","$","M","?","?","R","BOSS","M","M","?","$","?","E","R","E","T","M","R","M","?","M","R","BOSS"],"build_version":"2018-10-18","purchased_purges":2,"victory":true,"max_hp_per_floor":[70,70,70,70,70,70,70,70,70,70,84,84,84,84,84,84,84,84,84,84,84,84,84,84,84,84,84,84,84,84,84,84,84,84,84,84,84,84,84,84,84,84,90,90,90,90,96,96,96,96],"card_choices":[{"not_picked":["Leg Sweep","Sucker Punch"],"picked":"Dodge and Roll","floor":1},{"not_picked":["Endless Agony","Heel Hook"],"picked":"Sucker Punch","floor":5},{"not_picked":["Quick Slash","Underhanded Strike"],"picked":"Acrobatics","floor":7},{"not_picked":["Flying Knee","Leg Sweep"],"picked":"Footwork","floor":8},{"not_picked":["Expertise","Well Laid Plans"],"picked":"Noxious Fumes","floor":10},{"not_picked":["Flying Knee","Choke"],"picked":"Caltrops","floor":12},{"not_picked":["Slice","Terror"],"picked":"Dash","floor":14},{"not_picked":["Bullet Time","Corpse Explosion"],"picked":"Burst","floor":16},{"not_picked":["Dodge and Roll","Deadly Poison"],"picked":"Catalyst+1","floor":18},{"not_picked":["Tactician+1","Acrobatics"],"picked":"Terror+1","floor":20},{"not_picked":["Quick Slash+1","Distraction"],"picked":"A Thousand Cuts","floor":22},{"not_picked":["Choke","Deflect"],"picked":"Footwork","floor":23},{"not_picked":["Flying Knee","Endless Agony"],"picked":"Wraith Form v2+1","floor":27},{"not_picked":["Blade Dance","Underhanded Strike+1","Finisher"],"picked":"SKIP","floor":29},{"not_picked":["Masterful Stab","Riddle With Holes+1","Poisoned Stab+1"],"picked":"SKIP","floor":35},{"not_picked":["Acrobatics","Quick Slash+1","Dagger Spray+1"],"picked":"SKIP","floor":36},{"not_picked":["Purity","PanicButton"],"picked":"Magnetism+1","floor":37},{"not_picked":["HandOfGreed","Secret Weapon"],"picked":"Forethought","floor":37},{"not_picked":["Prepared+1","PiercingWail"],"picked":"After Image+1","floor":40},{"not_picked":["Dagger Throw+1","Acrobatics+1"],"picked":"Corpse Explosion","floor":42},{"not_picked":["Underhanded Strike","Dagger Spray+1"],"picked":"Deflect+1","floor":44},{"not_picked":["Slice","Quick Slash+1","All Out Attack"],"picked":"SKIP","floor":46},{"not_picked":["Blade Dance","Quick Slash+1","Bane+1"],"picked":"SKIP","floor":48}],"player_experience":53914,"relics_obtained":[{"floor":7,"key":"Pen Nib"},{"floor":9,"key":"Tiny Chest"},{"floor":11,"key":"Mango"},{"floor":23,"key":"Frozen Egg 2"},{"floor":23,"key":"Kunai"},{"floor":26,"key":"Vajra"},{"floor":27,"key":"Juzu Bracelet"},{"floor":27,"key":"Oddly Smooth Stone"},{"floor":40,"key":"Darkstone Periapt"},{"floor":40,"key":"Ninja Scroll"},{"floor":42,"key":"Gambling Chip"},{"floor":42,"key":"Old Coin"}],"event_choices":[{"damage_healed":0,"gold_gain":0,"player_choice":"Ignored","damage_taken":0,"max_hp_gain":0,"max_hp_loss":0,"event_name":"Shining Light","floor":2,"gold_loss":0},{"damage_healed":0,"gold_gain":0,"player_choice":"Got Potions","damage_taken":0,"max_hp_gain":0,"max_hp_loss":0,"event_name":"The Lab","floor":3,"gold_loss":0},{"cards_removed":["Strike_G"],"damage_healed":0,"gold_gain":0,"player_choice":"Purged","damage_taken":0,"max_hp_gain":0,"max_hp_loss":0,"event_name":"Purifier","floor":4,"gold_loss":0},{"damage_healed":0,"gold_gain":0,"player_choice":"Inject Mutagens","damage_taken":0,"relics_obtained":["MutagenicStrength"],"max_hp_gain":0,"max_hp_loss":0,"event_name":"Drug Dealer","floor":19,"gold_loss":0},{"damage_healed":0,"gold_gain":0,"player_choice":"Ignored","damage_taken":0,"max_hp_gain":0,"max_hp_loss":0,"event_name":"Ghosts","floor":21,"gold_loss":0},{"damage_healed":0,"gold_gain":0,"player_choice":"Leave","damage_taken":0,"max_hp_gain":0,"max_hp_loss":0,"event_name":"FaceTrader","floor":30,"gold_loss":0},{"damage_healed":0,"gold_gain":0,"player_choice":"Traded Relic","damage_taken":0,"relics_obtained":["Nloth\u0027s Gift"],"max_hp_gain":0,"max_hp_loss":0,"event_name":"N\u0027loth","floor":31,"relics_lost":["Tiny Chest"],"gold_loss":0},{"damage_healed":0,"gold_gain":0,"player_choice":"Memory 2","damage_taken":5,"max_hp_gain":0,"max_hp_loss":0,"event_name":"SensoryStone","floor":37,"gold_loss":0},{"damage_healed":0,"gold_gain":0,"player_choice":"Forge","damage_taken":0,"max_hp_gain":0,"max_hp_loss":0,"event_name":"Accursed Blacksmith","floor":39,"gold_loss":0,"cards_upgraded":["Poisoned Stab"]},{"damage_healed":37,"gold_gain":0,"player_choice":"Heal","damage_taken":0,"max_hp_gain":0,"max_hp_loss":0,"event_name":"MindBloom","floor":47,"gold_loss":0,"cards_obtained":["Doubt"]}],"is_beta":false,"boss_relics":[{"not_picked":["Eternal Feather","Coffee Dripper"],"picked":"Black Star"},{"not_picked":["Runic Dome","WristBlade"],"picked":"Cursed Key"}],"items_purged_floors":[24,28],"is_endless":false,"potions_floor_spawned":[1,7,10,16,20,27,35,42,46,48],"ascension_level":1}