{"gold_per_floor":[112,112,125,135,53,88,88,102,128,140,168,192,204,236,248,365,427,458,485,497],"floor_reached":20,"playtime":964,"items_purged":[],"score":231,"play_id":"ee0eec00-02c6-4dea-a809-d6f7818a0f8b","local_time":"20190121233130","is_ascension_mode":true,"campfire_choices":[{"data":"Discovery","floor":7,"key":"SMITH"},{"data":"Sunder","floor":10,"key":"SMITH"},{"floor":15,"key":"REST"}],"neow_cost":"NONE","seed_source_timestamp":15514422852900,"circlet_count":0,"master_deck":["Strike_B","Strike_B","Strike_B","Strike_B","Defend_B","Defend_B","Defend_B","Defend_B","Zap","Dualcast","Sunder+1","Regret","Rip and Tear","Lockon","Discovery+1","Rebound","Ball Lightning","Fusion","Cold Snap","Storm+1","Creative AI","Chaos","Cold Snap+1","Leap"],"relics":["Cracked Core","Regal Pillow","Bag of Marbles","MawBank","Boot","Tiny House"],"potions_floor_usage":[8,16,19],"damage_taken":[{"damage":0,"enemies":"2 Louse","floor":1,"turns":1},{"damage":2,"enemies":"Cultist","floor":3,"turns":4},{"damage":2,"enemies":"Small Slimes","floor":4,"turns":3},{"damage":19,"enemies":"3 Sentries","floor":6,"turns":6},{"damage":5,"enemies":"Gremlin Gang","floor":8,"turns":2},{"damage":7,"enemies":"3 Louse","floor":11,"turns":2},{"damage":6,"enemies":"Looter","floor":12,"turns":2},{"damage":8,"enemies":"Blue Slaver","floor":14,"turns":2},{"damage":56,"enemies":"The Guardian","floor":16,"turns":11},{"damage":11,"enemies":"Chosen","floor":18,"turns":4},{"damage":33,"enemies":"2 Thieves","floor":19,"turns":4},{"damage":31,"enemies":"Centurion and Healer","floor":20,"turns":5}],"seed_played":"5034277577494006815","potions_obtained":[{"floor":1,"key":"Energy Potion"},{"floor":3,"key":"FearPotion"},{"floor":12,"key":"Explosive Potion"},{"floor":14,"key":"SteroidPotion"},{"floor":17,"key":"EssenceOfSteel"},{"floor":19,"key":"SteroidPotion"}],"is_trial":false,"path_per_floor":["M","?","M","M","$","E","R","M","T","R","M","M","?","M","R","B",null,"M","M","M"],"character_chosen":"DEFECT","items_purchased":["Discovery"],"campfire_rested":1,"item_purchase_floors":[5],"current_hp_per_floor":[75,75,73,71,71,52,52,47,47,47,40,34,34,26,65,9,69,58,25,0],"gold":497,"neow_bonus":"TEN_PERCENT_HP_BONUS","is_prod":false,"is_daily":false,"chose_seed":false,"campfire_upgraded":2,"win_rate":0,"timestamp":1548131490,"path_taken":["M","?","M","M","$","E","R","M","T","R","M","M","?","M","R","BOSS","M","M","M"],"build_version":"2019-01-17v2","purchased_purges":0,"victory":false,"max_hp_per_floor":[82,82,82,82,82,82,82,82,82,82,82,82,82,82,82,82,87,87,87,87],"card_choices":[{"not_picked":["Chill","Compile Driver"],"picked":"Sunder","floor":1},{"not_picked":["Streamline","Go for the Eyes"],"picked":"Rip and Tear","floor":3},{"not_picked":["Hologram","Rebound"],"picked":"Lockon","floor":4},{"not_picked":["Compile Driver","Scrape"],"picked":"Rebound","floor":6},{"not_picked":["Double Energy","Go for the Eyes"],"picked":"Ball Lightning","floor":8},{"not_picked":["Turbo","Sweeping Beam"],"picked":"Fusion","floor":11},{"not_picked":["Consume","Auto Shields"],"picked":"Cold Snap","floor":12},{"not_picked":["Heatsinks","Go for the Eyes"],"picked":"Storm","floor":14},{"not_picked":["Seek","All For One"],"picked":"Creative AI","floor":16},{"not_picked":["Skim","Recycle"],"picked":"Chaos","floor":17},{"not_picked":["Ball Lightning+1","Redo"],"picked":"Cold Snap+1","floor":18},{"not_picked":["Sweeping Beam","Streamline"],"picked":"Leap","floor":19}],"player_experience":1835680,"relics_obtained":[{"floor":6,"key":"Bag of Marbles"},{"floor":9,"key":"MawBank"}],"event_choices":[{"damage_healed":0,"gold_gain":0,"player_choice":"Box","damage_taken":0,"relics_obtained":["Regal Pillow"],"max_hp_gain":0,"max_hp_loss":0,"event_name":"Big Fish","floor":2,"gold_loss":0,"cards_obtained":["Regret"]},{"damage_healed":0,"gold_gain":0,"player_choice":"Gave Potion","damage_taken":0,"relics_obtained":["Boot"],"max_hp_gain":0,"max_hp_loss":0,"event_name":"WeMeetAgain","floor":13,"gold_loss":0}],"is_beta":false,"boss_relics":[{"not_picked":["Orrery","Philosopher\u0027s Stone"],"picked":"Tiny House"}],"items_purged_floors":[],"is_endless":false,"potions_floor_spawned":[1,3,12,14,19],"killed_by":"Centurion and Healer","ascension_level":6}