{"gold_per_floor":[110,120,120,36,311,311,329,329,356,356,377,396,411,411],"floor_reached":14,"playtime":363,"items_purged":[],"score":152,"play_id":"53b46e0a-4e7b-4ac0-b973-23d1510606d7","local_time":"20190504123434","is_ascension_mode":true,"campfire_choices":[{"data":"PiercingWail","floor":6,"key":"SMITH"},{"data":"Neutralize","floor":8,"key":"SMITH"},{"data":"Backstab","floor":10,"key":"SMITH"}],"neow_cost":"PERCENT_DAMAGE","seed_source_timestamp":1117560329019942,"circlet_count":0,"master_deck":["AscendersBane","Defend_G","Defend_G","Defend_G","Defend_G","Defend_G","Strike_G","Strike_G","Strike_G","Strike_G","Strike_G","Survivor","Neutralize+1","Outmaneuver","Flying Knee","PiercingWail+1","Dagger Spray","Regret","Backstab+1","Deflect","Leg Sweep","Envenom"],"relics":["Ring of the Snake","Tingsha","Golden Idol","Potion Belt"],"potions_floor_usage":[14],"damage_taken":[{"damage":7,"enemies":"Small Slimes","floor":1,"turns":5},{"damage":2,"enemies":"Jaw Worm","floor":2,"turns":4},{"damage":4,"enemies":"Cultist","floor":7,"turns":4},{"damage":5,"enemies":"2 Fungi Beasts","floor":11,"turns":4},{"damage":10,"enemies":"Blue Slaver","floor":12,"turns":4},{"damage":0,"enemies":"3 Louse","floor":13,"turns":2},{"damage":38,"enemies":"Gremlin Nob","floor":14,"turns":5}],"seed_played":"1900269340088122240","potions_obtained":[{"floor":12,"key":"LiquidBronze"},{"floor":13,"key":"EssenceOfSteel"}],"is_trial":false,"path_per_floor":["M","M","?","$","?","R","M","R","T","R","M","M","M","E"],"character_chosen":"THE_SILENT","items_purchased":["PiercingWail","Dagger Spray"],"campfire_rested":0,"item_purchase_floors":[4,4],"current_hp_per_floor":[37,35,35,35,35,35,31,31,31,31,26,16,16,0],"gold":411,"neow_bonus":"ONE_RARE_RELIC","is_prod":false,"is_daily":false,"chose_seed":false,"campfire_upgraded":3,"win_rate":0,"timestamp":1556966074,"path_taken":["M","M","?","$","?","R","M","R","T","R","M","M","?","E"],"build_version":"2019-04-23","purchased_purges":0,"victory":false,"max_hp_per_floor":[66,66,60,60,60,60,60,60,60,60,60,60,60,60],"card_choices":[{"not_picked":["Poisoned Stab","Tactician"],"picked":"Outmaneuver","floor":1},{"not_picked":["Catalyst","Sucker Punch"],"picked":"Flying Knee","floor":2},{"not_picked":["Quick Slash","Sucker Punch"],"picked":"Backstab","floor":7},{"not_picked":["Endless Agony","Calculated Gamble"],"picked":"Deflect","floor":11},{"not_picked":["Masterful Stab","Setup"],"picked":"Leg Sweep","floor":12},{"not_picked":["Expertise","Bane"],"picked":"Envenom","floor":13}],"player_experience":1486201,"relics_obtained":[{"floor":9,"key":"Potion Belt"}],"event_choices":[{"damage_healed":0,"gold_gain":0,"player_choice":"Lose Max HP","damage_taken":0,"relics_obtained":["Golden Idol"],"max_hp_gain":0,"max_hp_loss":6,"event_name":"Golden Idol","floor":3,"gold_loss":0},{"damage_healed":0,"gold_gain":275,"player_choice":"Desecrate","damage_taken":0,"max_hp_gain":0,"max_hp_loss":0,"event_name":"Golden Shrine","floor":5,"gold_loss":0,"cards_obtained":["Regret"]}],"is_beta":true,"boss_relics":[],"items_purged_floors":[],"is_endless":false,"potions_floor_spawned":[12,13],"killed_by":"Gremlin Nob","ascension_level":17}