{"gold_per_floor":[360,52,67,87,138,138,150,150,150,150,167,167,193,206,206,304,304,317,12,12,22,22,55,55,73,98,98,19,19,19,119,119,119],"floor_reached":33,"playtime":1359,"items_purged":["Strike_B"],"score":388,"play_id":"03a73e41-c3fd-4d8e-9fbd-97defff57863","local_time":"20190424160759","is_ascension_mode":true,"campfire_choices":[{"data":"Zap","floor":6,"key":"SMITH"},{"data":"Darkness","floor":8,"key":"SMITH"},{"data":"Hologram","floor":12,"key":"SMITH"},{"floor":15,"key":"REST"},{"floor":24,"key":"REST"},{"floor":29,"key":"REST"},{"floor":32,"key":"REST"}],"neow_cost":"PERCENT_DAMAGE","seed_source_timestamp":265368483103307,"circlet_count":0,"master_deck":["Strike_B","Strike_B","Strike_B","Defend_B","Defend_B","Defend_B","Defend_B","Zap+1","Dualcast","Compile Driver","FTL","Doom and Gloom","Hologram+1","Cold Snap","Darkness+1","Capacitor+1","Coolheaded","Chill","Auto Shields","Machine Learning","Steam","Go for the Eyes","Leap+1","Consume+1","Steam+1","Hologram","Ghostly","Ghostly","Ghostly","Ghostly","Ghostly"],"relics":["Cracked Core","Happy Flower","Gremlin Horn","Bottled Flame","Philosopher\u0027s Stone","Symbiotic Virus","The Courier","Juzu Bracelet","Dead Branch","Blue Candle"],"potions_floor_usage":[23,23,27],"damage_taken":[{"damage":0,"enemies":"2 Louse","floor":1,"turns":2},{"damage":0,"enemies":"Cultist","floor":3,"turns":2},{"damage":5,"enemies":"Jaw Worm","floor":4,"turns":3},{"damage":2,"enemies":"Lots of Slimes","floor":7,"turns":2},{"damage":0,"enemies":"Large Slime","floor":11,"turns":2},{"damage":25,"enemies":"3 Sentries","floor":13,"turns":5},{"damage":0,"enemies":"2 Fungi Beasts","floor":14,"turns":2},{"damage":32,"enemies":"Slime Boss","floor":16,"turns":4},{"damage":17,"enemies":"Shell Parasite","floor":18,"turns":4},{"damage":16,"enemies":"Spheric Guardian","floor":21,"turns":4},{"damage":22,"enemies":"Slavers","floor":23,"turns":4},{"damage":14,"enemies":"Cultist and Chosen","floor":25,"turns":4},{"damage":9,"enemies":"Shelled Parasite and Fungi","floor":27,"turns":3},{"damage":22,"enemies":"Colosseum Slavers","floor":31,"turns":4},{"damage":1,"enemies":"Colosseum Nobs","floor":31,"turns":4},{"damage":20,"enemies":"Champ","floor":33,"turns":14}],"seed_played":"-8504746599596215971","potions_obtained":[{"floor":1,"key":"SmokeBomb"},{"floor":11,"key":"Poison Potion"},{"floor":13,"key":"SteroidPotion"}],"is_trial":false,"path_per_floor":["M","$","M","M","?","R","M","R","T","?","M","R","E","M","R","B",null,"M","$","?","M","?","E","R","M","T","M","$","R","?","?","R","B"],"character_chosen":"DEFECT","items_purchased":["FTL","Doom and Gloom","Happy Flower","Hologram","Symbiotic Virus","Go for the Eyes","Hologram"],"campfire_rested":4,"item_purchase_floors":[2,2,2,2,19,19,28],"current_hp_per_floor":[54,54,54,49,49,49,47,47,47,47,47,47,22,22,44,12,59,42,42,42,26,26,4,26,12,12,3,3,25,25,2,13,0],"gold":119,"neow_bonus":"TWO_FIFTY_GOLD","is_prod":false,"is_daily":false,"chose_seed":false,"campfire_upgraded":3,"win_rate":0,"timestamp":1556114879,"path_taken":["M","$","M","M","?","R","M","R","T","?","M","R","E","?","R","BOSS","M","$","?","M","?","E","R","M","T","M","$","R","?","?","R","BOSS"],"build_version":"2019-04-23","purchased_purges":1,"victory":false,"max_hp_per_floor":[75,75,75,75,75,75,75,75,75,75,75,75,75,75,75,75,75,75,75,75,75,75,75,75,75,75,75,75,75,37,37,37,37],"card_choices":[{"not_picked":["Heatsinks","Rebound"],"picked":"Compile Driver","floor":1},{"not_picked":["Reprogram","Conserve Battery"],"picked":"Cold Snap","floor":3},{"not_picked":["Aggregate","Compile Driver"],"picked":"Darkness","floor":4},{"not_picked":["Leap","Stack"],"picked":"Capacitor","floor":7},{"not_picked":["Leap","Rebound"],"picked":"Coolheaded","floor":11},{"not_picked":["Blizzard","Loop"],"picked":"Chill","floor":13},{"not_picked":["Gash","Coolheaded"],"picked":"Auto Shields","floor":14},{"not_picked":["Rainbow","Reboot"],"picked":"Machine Learning","floor":16},{"not_picked":["Chaos","Turbo"],"picked":"Steam","floor":18},{"not_picked":["Sweeping Beam","Barrage"],"picked":"Leap+1","floor":21},{"not_picked":["Steam","Streamline"],"picked":"Consume+1","floor":23},{"not_picked":["Undo+1","Ball Lightning"],"picked":"Steam+1","floor":25}],"player_experience":1195362,"relics_obtained":[{"floor":9,"key":"Gremlin Horn"},{"floor":13,"key":"Bottled Flame"},{"floor":23,"key":"The Courier"},{"floor":26,"key":"Juzu Bracelet"},{"floor":31,"key":"Dead Branch"},{"floor":31,"key":"Blue Candle"}],"event_choices":[{"damage_healed":0,"gold_gain":51,"player_choice":"Gained Gold","damage_taken":0,"max_hp_gain":0,"max_hp_loss":0,"event_name":"Golden Wing","floor":5,"gold_loss":0},{"damage_healed":0,"gold_gain":0,"player_choice":"Upgraded","damage_taken":0,"max_hp_gain":0,"max_hp_loss":0,"event_name":"Upgrade Shrine","floor":10,"gold_loss":0,"cards_upgraded":["Capacitor"]},{"damage_healed":0,"gold_gain":0,"player_choice":"Ignored","damage_taken":0,"max_hp_gain":0,"max_hp_loss":0,"event_name":"Cursed Tome","floor":20,"gold_loss":0},{"damage_healed":0,"gold_gain":0,"player_choice":"Ignored","damage_taken":0,"max_hp_gain":0,"max_hp_loss":0,"event_name":"N\u0027loth","floor":22,"gold_loss":0},{"damage_healed":0,"gold_gain":0,"player_choice":"Became a Ghost","damage_taken":0,"max_hp_gain":0,"max_hp_loss":38,"event_name":"Ghosts","floor":30,"gold_loss":0,"cards_obtained":["Ghostly","Ghostly","Ghostly","Ghostly","Ghostly"]},{"damage_healed":0,"gold_gain":0,"player_choice":"Fight","damage_taken":0,"max_hp_gain":0,"max_hp_loss":0,"event_name":"Colosseum","floor":31,"gold_loss":0},{"damage_healed":0,"gold_gain":0,"player_choice":"Fought Nobs","damage_taken":0,"max_hp_gain":0,"max_hp_loss":0,"event_name":"Colosseum","floor":31,"gold_loss":0}],"is_beta":true,"boss_relics":[{"not_picked":["Runic Pyramid","Snecko Eye"],"picked":"Philosopher\u0027s Stone"}],"items_purged_floors":[28],"is_endless":false,"potions_floor_spawned":[1,11,13,14,21,27,31],"killed_by":"Champ","ascension_level":5}