{"gold_per_floor":[113,29,29,29,104,104,142,292,292,336,336,8,8,8,8,106,106,120,120,395,83,97,138,138,138],"floor_reached":25,"playtime":628,"items_purged":[],"score":515,"play_id":"27fb00b2-1f4a-46a3-8df4-2e2406e444d6","local_time":"20190505113146","is_ascension_mode":true,"campfire_choices":[{"data":"Self Repair","floor":6,"key":"SMITH"},{"floor":11,"key":"REST"},{"data":"Coolheaded","floor":13,"key":"SMITH"},{"floor":15,"key":"REST"},{"floor":24,"key":"REST"}],"neow_cost":"NONE","seed_source_timestamp":1199927014088355,"circlet_count":0,"master_deck":["AscendersBane","Strike_B","Strike_B","Strike_B","Strike_B","Defend_B","Defend_B","Defend_B","Defend_B","Zap","Dualcast","Self Repair+1","Defragment+1","FTL","Doubt","BootSequence","Core Surge","Coolheaded+1","Conserve Battery","Fission","Redo","Regret","Doom and Gloom","Capacitor","Coolheaded+1","Sweeping Beam"],"relics":["Cracked Core","NeowsBlessing","Golden Idol","Mercury Hourglass","The Courier","Du-Vu Doll","DataDisk","Pen Nib","Inserter","MutagenicStrength","OrangePellets","Orichalcum"],"potions_floor_usage":[23,25,25],"damage_taken":[{"damage":0,"enemies":"2 Louse","floor":1,"turns":1},{"damage":0,"enemies":"Gremlin Nob","floor":7,"turns":1},{"damage":0,"enemies":"Lagavulin","floor":10,"turns":1},{"damage":26,"enemies":"Slime Boss","floor":16,"turns":8},{"damage":22,"enemies":"Shell Parasite","floor":18,"turns":6},{"damage":2,"enemies":"3 Byrds","floor":22,"turns":4},{"damage":31,"enemies":"Book of Stabbing","floor":23,"turns":5},{"damage":50,"enemies":"Slavers","floor":25,"turns":2}],"seed_played":"-1323448846859226439","potions_obtained":[{"floor":18,"key":"GamblersBrew"},{"floor":22,"key":"LiquidBronze"},{"floor":23,"key":"SneckoOil"}],"is_trial":false,"path_per_floor":["M","$","?","?","?","R","E","?","T","E","R","$","R","?","R","B",null,"M","?","?","$","M","E","R","E"],"character_chosen":"DEFECT","items_purchased":["Defragment","DataDisk","Core Surge","Coolheaded","Conserve Battery","OrangePellets","Doom and Gloom","Capacitor"],"campfire_rested":3,"item_purchase_floors":[2,12,12,12,12,21,21,21],"current_hp_per_floor":[64,64,64,40,29,29,29,29,29,29,50,50,50,24,45,29,61,49,49,49,49,57,26,47,0],"gold":138,"neow_bonus":"THREE_ENEMY_KILL","is_prod":false,"is_daily":false,"chose_seed":false,"campfire_upgraded":2,"win_rate":0,"timestamp":1557048706,"path_taken":["M","$","?","?","?","R","E","?","T","E","R","?","R","?","R","BOSS","M","?","?","$","M","E","R","E"],"build_version":"2019-04-23","purchased_purges":0,"victory":false,"max_hp_per_floor":[71,71,71,71,71,71,71,71,71,71,71,71,71,71,71,71,71,71,71,71,71,71,71,71,71],"card_choices":[{"not_picked":["Barrage","Stack"],"picked":"Self Repair","floor":1},{"not_picked":["Tempest","Stack"],"picked":"FTL","floor":7},{"not_picked":["FTL","Consume"],"picked":"BootSequence","floor":10},{"not_picked":["Buffer","Multi-Cast"],"picked":"Fission","floor":16},{"not_picked":["Skim","Reprogram+1"],"picked":"Redo","floor":18},{"not_picked":["Ball Lightning","Sunder"],"picked":"Coolheaded+1","floor":22},{"not_picked":["FTL","Stack+1"],"picked":"Sweeping Beam","floor":23}],"player_experience":1509354,"relics_obtained":[{"floor":7,"key":"Mercury Hourglass"},{"floor":9,"key":"The Courier"},{"floor":10,"key":"Du-Vu Doll"},{"floor":23,"key":"Orichalcum"}],"event_choices":[{"damage_healed":0,"gold_gain":0,"player_choice":"Grow","damage_taken":0,"max_hp_gain":0,"max_hp_loss":0,"event_name":"Living Wall","floor":3,"gold_loss":0,"cards_upgraded":["Defragment"]},{"damage_healed":0,"gold_gain":0,"player_choice":"Take Damage","damage_taken":24,"relics_obtained":["Golden Idol"],"max_hp_gain":0,"max_hp_loss":0,"event_name":"Golden Idol","floor":4,"gold_loss":0},{"damage_healed":0,"gold_gain":75,"player_choice":"Gather Gold","damage_taken":11,"max_hp_gain":0,"max_hp_loss":0,"event_name":"World of Goop","floor":5,"gold_loss":0},{"damage_healed":0,"gold_gain":150,"player_choice":"AGREE","damage_taken":0,"max_hp_gain":0,"max_hp_loss":0,"event_name":"Liars Game","floor":8,"gold_loss":0,"cards_obtained":["Doubt"]},{"damage_healed":0,"gold_gain":0,"player_choice":"Success","damage_taken":26,"relics_obtained":["Pen Nib"],"max_hp_gain":0,"max_hp_loss":0,"event_name":"Scrap Ooze","floor":14,"gold_loss":0},{"damage_healed":0,"gold_gain":0,"player_choice":"Inject Mutagens","damage_taken":0,"relics_obtained":["MutagenicStrength"],"max_hp_gain":0,"max_hp_loss":0,"event_name":"Drug Dealer","floor":19,"gold_loss":0},{"damage_healed":0,"gold_gain":275,"player_choice":"Desecrate","damage_taken":0,"max_hp_gain":0,"max_hp_loss":0,"event_name":"Golden Shrine","floor":20,"gold_loss":0,"cards_obtained":["Regret"]}],"is_beta":true,"boss_relics":[{"not_picked":["Astrolabe","Eternal Feather"],"picked":"Inserter"}],"items_purged_floors":[],"is_endless":false,"potions_floor_spawned":[18,22,23],"killed_by":"Slavers","ascension_level":18}