{"gold_per_floor":[119,94,94,169,169,169,189,216,228,240,12,12,29,29,29,133,133,152,251,251],"floor_reached":20,"playtime":1512,"items_purged":[],"score":160,"play_id":"20d2144d-d60f-4691-95db-81bad9b0f10f","local_time":"20181016214937","is_ascension_mode":false,"campfire_choices":[{"data":"Headbutt","floor":6,"key":"SMITH"},{"data":"Cleave","floor":10,"key":"SMITH"},{"data":"Offering","floor":15,"key":"SMITH"}],"neow_cost":"NONE","seed_source_timestamp":418876504359027,"circlet_count":0,"master_deck":["Strike_R","Strike_R","Strike_R","Strike_R","Strike_R","Defend_R","Defend_R","Defend_R","Defend_R","Bash+1","Iron Wave","Headbutt+1","Cleave+1","Dark Shackles","Rampage","Headbutt","Offering+1","Bash","Demon Form","Decay","Pain","Parasite","Perfected Strike"],"relics":["Burning Blood","Pear","MawBank","Ornamental Fan","Centennial Puzzle","Calling Bell","PreservedInsect","Gremlin Horn","Bird Faced Urn"],"potions_floor_usage":[16,20,20],"damage_taken":[{"damage":7,"enemies":"2 Louse","floor":1,"turns":3},{"damage":4,"enemies":"Jaw Worm","floor":7,"turns":4},{"damage":3,"enemies":"Small Slimes","floor":12,"turns":3},{"damage":6,"enemies":"Looter","floor":13,"turns":3},{"damage":45,"enemies":"Hexaghost","floor":16,"turns":8},{"damage":39,"enemies":"Shell Parasite","floor":18,"turns":7},{"damage":22,"enemies":"Colosseum Slavers","floor":20,"turns":3},{"damage":41,"enemies":"Colosseum Nobs","floor":20,"turns":6}],"seed_played":"-2665575636434235988","potions_obtained":[{"floor":7,"key":"Weak Potion"},{"floor":16,"key":"Dexterity Potion"},{"floor":18,"key":"SpeedPotion"}],"is_trial":false,"path_per_floor":["M","$","?","?","?","R","M","T","T","R","$","M","M","?","R","B",null,"M","?"],"character_chosen":"IRONCLAD","items_purchased":["Headbutt","Centennial Puzzle","Dark Shackles"],"campfire_rested":0,"item_purchase_floors":[2,11,11],"current_hp_per_floor":[79,79,79,68,75,75,77,77,77,77,77,80,80,80,80,41,90,57,57,0],"gold":251,"neow_bonus":"UPGRADE_CARD","is_prod":false,"is_daily":false,"chose_seed":false,"campfire_upgraded":3,"win_rate":0.0,"timestamp":1539719377,"path_taken":["M","$","?","?","?","R","M","?","T","R","$","?","M","?","R","BOSS","M","?","?"],"build_version":"2018-10-11","purchased_purges":0,"victory":false,"max_hp_per_floor":[80,80,80,80,90,90,90,90,90,90,90,90,90,90,90,90,90,90,90,90],"card_choices":[{"not_picked":["Second Wind","Reckless Charge"],"picked":"Iron Wave","floor":1},{"not_picked":["Clothesline","Twin Strike"],"picked":"Cleave","floor":7},{"not_picked":["Sword Boomerang","Second Wind"],"picked":"Rampage","floor":12},{"not_picked":["Reckless Charge","Anger"],"picked":"Headbutt","floor":13},{"not_picked":["Impervious","Limit Break"],"picked":"Demon Form","floor":16},{"not_picked":["Burning Pact","Anger+1"],"picked":"Perfected Strike","floor":18}],"player_experience":13082,"relics_obtained":[{"floor":8,"key":"MawBank"},{"floor":9,"key":"Ornamental Fan"},{"floor":17,"key":"PreservedInsect"},{"floor":17,"key":"Gremlin Horn"},{"floor":17,"key":"Bird Faced Urn"}],"event_choices":[{"event_name":"The Cleric","player_choice":"Leave","floor":3,"damage_taken":0},{"event_name":"World of Goop","player_choice":"Gather Gold","floor":4,"damage_taken":0},{"event_name":"Scrap Ooze","player_choice":"success","floor":5,"damage_taken":3},{"event_name":"Match and Keep!","player_choice":"2 cards matched","floor":14,"damage_taken":0},{"event_name":"Nest","player_choice":"Stole From Cult","floor":19,"damage_taken":0},{"event_name":"Colosseum","player_choice":"Fight","floor":20,"damage_taken":0},{"event_name":"Colosseum","player_choice":"Fought Nobs","floor":20,"damage_taken":0}],"is_beta":false,"boss_relics":[{"not_picked":["Black Star","Orrery"],"picked":"Calling Bell"}],"items_purged_floors":[],"is_endless":false,"potions_floor_spawned":[7,16,18,20],"killed_by":"Colosseum Nobs","ascension_level":0}