{"gold_per_floor":[110,123,123,123,139,139,139,139,139,139,159,19,35,35,35,133,133,153,153,169,52,52],"floor_reached":22,"playtime":989,"items_purged":[],"score":226,"play_id":"1443d7b9-55c3-4562-bde5-9b3b47e3b8f4","local_time":"20190121194839","is_ascension_mode":true,"campfire_choices":[{"data":"Zap","floor":7.0,"key":"SMITH"},{"data":"Dualcast","floor":10.0,"key":"SMITH"},{"data":"Capacitor","floor":15,"key":"SMITH"}],"neow_cost":"NONE","seed_source_timestamp":0,"circlet_count":0,"master_deck":["Strike_B","Strike_B+1","Defend_B","Defend_B","Defend_B","Defend_B+1","Zap+1","Dualcast+1","Coolheaded","Conserve Battery","Coolheaded","Loop","Capacitor+1","Melter","Meteor Strike","Beam Cell","Decay","Cold Snap","Capacitor","Sunder"],"special_seed":0,"relics":["Cracked Core","Pantograph","Eternal Feather"],"potions_floor_usage":[16,16,18,22,22],"damage_taken":[{"damage":1.0,"enemies":"Cultist","floor":1.0,"turns":3.0},{"damage":5.0,"enemies":"Jaw Worm","floor":2.0,"turns":3.0},{"damage":6.0,"enemies":"Small Slimes","floor":5.0,"turns":3.0},{"damage":0.0,"enemies":"3 Louse","floor":11.0,"turns":4.0},{"damage":15.0,"enemies":"Exordium Thugs","floor":13.0,"turns":6.0},{"damage":45,"enemies":"Hexaghost","floor":16,"turns":12},{"damage":15,"enemies":"3 Byrds","floor":18,"turns":8},{"damage":7,"enemies":"Spheric Guardian","floor":20,"turns":3},{"damage":68,"enemies":"3 Cultists","floor":22,"turns":6}],"seed_played":"-4053599456878078669","potions_obtained":[{"floor":2.0,"key":"Strength Potion"},{"floor":11.0,"key":"SneckoOil"},{"floor":13.0,"key":"Weak Potion"},{"floor":16,"key":"SkillPotion"},{"floor":18,"key":"Regen Potion"},{"floor":20,"key":"SkillPotion"}],"is_trial":false,"path_per_floor":["M","M","?","?","M","?","R","?","T","R","M","$","M","?","R","B",null,"M","?","M","$","M"],"character_chosen":"DEFECT","items_purchased":["Capacitor","Melter","Capacitor","Sunder"],"campfire_rested":0,"item_purchase_floors":[12,12,21,21],"current_hp_per_floor":[74,69,62,62,56,40,40,40,40,40,40,40,25,82,82,37,71,56,56,49,49,0],"gold":52,"neow_bonus":"TEN_PERCENT_HP_BONUS","is_prod":false,"is_daily":false,"chose_seed":false,"campfire_upgraded":3,"win_rate":0,"timestamp":1548118119,"path_taken":["M","M","?","?","M","?","R","?","T","R","M","$","?","?","R","BOSS","M","?","M","$","M"],"build_version":"2019-01-17v2","purchased_purges":0,"victory":false,"max_hp_per_floor":[82,82,82,82,82,82,82,82,82,82,82,82,82,82,82,82,82,82,82,82,82,82],"card_choices":[{"not_picked":["Ball Lightning","Tempest"],"picked":"Coolheaded","floor":1.0},{"not_picked":["Stack","Compile Driver"],"picked":"Conserve Battery","floor":2.0},{"not_picked":["Fusion","Redo"],"picked":"Coolheaded","floor":5.0},{"not_picked":["Fusion","Gash"],"picked":"Loop","floor":11.0},{"not_picked":["Rebound","Double Energy"],"picked":"Reprogram","floor":13.0},{"not_picked":["Machine Learning","Core Surge"],"picked":"Meteor Strike","floor":16},{"not_picked":["Stack","Gash+1"],"picked":"Beam Cell","floor":18},{"not_picked":["Barrage","Tempest"],"picked":"Cold Snap","floor":20}],"player_experience":1834328,"relics_obtained":[{"floor":9.0,"key":"Pantograph"}],"event_choices":[{"cards_removed":["Strike_B"],"damage_healed":0.0,"max_hp_gain":0.0,"max_hp_loss":0.0,"gold_gain":0.0,"event_name":"Golden Wing","player_choice":"Card Removal","floor":3.0,"gold_loss":0.0,"damage_taken":7.0},{"damage_healed":0.0,"max_hp_gain":0.0,"max_hp_loss":0.0,"gold_gain":0.0,"event_name":"Golden Idol","player_choice":"Ignored","floor":4.0,"gold_loss":0.0,"damage_taken":0.0},{"damage_healed":0.0,"max_hp_gain":0.0,"max_hp_loss":0.0,"gold_gain":0.0,"event_name":"Shining Light","player_choice":"Entered Light","floor":6.0,"gold_loss":0.0,"damage_taken":16.0,"cards_upgraded":["Defend_B","Strike_B"]},{"cards_removed":["Strike_B"],"damage_healed":0.0,"max_hp_gain":0.0,"max_hp_loss":0.0,"gold_gain":0.0,"event_name":"Purifier","player_choice":"Purged","floor":8.0,"gold_loss":0.0,"damage_taken":0.0},{"cards_removed":["Reprogram"],"damage_healed":57.0,"max_hp_gain":0.0,"max_hp_loss":0.0,"gold_gain":0.0,"event_name":"Bonfire Elementals","player_choice":"Offered Uncommon","floor":14.0,"gold_loss":0.0,"damage_taken":0.0},{"damage_healed":0,"gold_gain":0,"player_choice":"Smashed Altar","damage_taken":0,"max_hp_gain":0,"max_hp_loss":0,"event_name":"Forgotten Altar","floor":19,"gold_loss":0,"cards_obtained":["Decay"]}],"is_beta":false,"boss_relics":[{"not_picked":["Lizard Tail","Fusion Hammer"],"picked":"Eternal Feather"}],"items_purged_floors":[],"is_endless":false,"potions_floor_spawned":[2,11,13,16,18,20],"killed_by":"3 Cultists","ascension_level":6}