{"gold_per_floor":[109,121,137,147,159,159,190,190,214,228,228,240,240,250,250,349,349,369,468,484,252,262,295,295,295,322,353,353,353,367,386,386,484,484,497,508,520,533,551,551,551,551,576,576,676,531,34,54,54,54],"floor_reached":51,"playtime":3161,"items_purged":["Flex+1","Flex+1"],"score":1094,"play_id":"4975a26d-aff3-4795-b42f-1aa4f8a9b212","local_time":"20190520125729","is_ascension_mode":true,"campfire_choices":[{"data":"Whirlwind","floor":6.0,"key":"SMITH"},{"data":"Flex","floor":8.0,"key":"SMITH"},{"data":"Flex","floor":13.0,"key":"SMITH"},{"data":"Armaments","floor":15.0,"key":"SMITH"},{"data":"Perfected Strike","floor":24.0,"key":"SMITH"},{"data":"Perfected Strike","floor":28.0,"key":"SMITH"},{"data":"Perfected Strike","floor":32.0,"key":"SMITH"},{"data":"Shockwave","floor":40.0,"key":"SMITH"},{"data":"Carnage","floor":41.0,"key":"SMITH"},{"data":"Immolate","floor":44.0,"key":"SMITH"},{"data":"Clothesline","floor":49.0,"key":"SMITH"}],"neow_cost":"TEN_PERCENT_HP_LOSS","seed_source_timestamp":0,"circlet_count":0,"master_deck":["AscendersBane","Strike_R","Strike_R","Strike_R","Strike_R","Defend_R","Defend_R+1","Bash","Whirlwind+1","Headbutt","Armaments+1","Shrug It Off","Clothesline+1","Feed","Perfected Strike+1","Carnage+1","Impervious","Perfected Strike+1","Reaper","Immolate+1","Battle Trance+1","Perfected Strike+1","Shockwave+1","Dark Embrace","Shrug It Off+1","Mind Blast","Impervious"],"special_seed":0,"relics":["Burning Blood","WingedGreaves","FossilizedHelix","Omamori","Snecko Eye","Boot","Anchor","Smiling Mask","Busted Crown","War Paint","Champion Belt","Centennial Puzzle","Bronze Scales"],"potions_floor_usage":[50],"damage_taken":[{"damage":6.0,"enemies":"Cultist","floor":1.0,"turns":4.0},{"damage":7.0,"enemies":"2 Louse","floor":2.0,"turns":2.0},{"damage":0.0,"enemies":"Small Slimes","floor":3.0,"turns":3.0},{"damage":1.0,"enemies":"2 Fungi Beasts","floor":4.0,"turns":4.0},{"damage":9.0,"enemies":"3 Louse","floor":5.0,"turns":3.0},{"damage":20.0,"enemies":"3 Sentries","floor":7.0,"turns":4.0},{"damage":0.0,"enemies":"Blue Slaver","floor":10.0,"turns":2.0},{"damage":5.0,"enemies":"Exordium Thugs","floor":12.0,"turns":6.0},{"damage":0.0,"enemies":"3 Louse","floor":14.0,"turns":3.0},{"damage":29.0,"enemies":"Slime Boss","floor":16.0,"turns":10.0},{"damage":14.0,"enemies":"2 Thieves","floor":18.0,"turns":3.0},{"damage":13.0,"enemies":"Spheric Guardian","floor":20.0,"turns":4.0},{"damage":12.0,"enemies":"Centurion and Healer","floor":22.0,"turns":6.0},{"damage":12.0,"enemies":"Gremlin Leader","floor":23.0,"turns":4.0},{"damage":0.0,"enemies":"Book of Stabbing","floor":27.0,"turns":4.0},{"damage":4.0,"enemies":"Cultist and Chosen","floor":30.0,"turns":4.0},{"damage":0.0,"enemies":"Sentry and Sphere","floor":31.0,"turns":3.0},{"damage":78.0,"enemies":"Automaton","floor":33.0,"turns":10.0},{"damage":0.0,"enemies":"Orb Walker","floor":35.0,"turns":2.0},{"damage":0.0,"enemies":"3 Shapes","floor":36.0,"turns":3.0},{"damage":5.0,"enemies":"Maw","floor":37.0,"turns":6.0},{"damage":0.0,"enemies":"Spire Growth","floor":38.0,"turns":4.0},{"damage":6.0,"enemies":"4 Shapes","floor":39.0,"turns":4.0},{"damage":0.0,"enemies":"Mind Bloom Boss Battle","floor":45.0,"turns":4.0},{"damage":16.0,"enemies":"Transient","floor":48.0,"turns":5.0},{"damage":62,"enemies":"Donu and Deca","floor":50,"turns":8}],"seed_played":"444746024308462368","potions_obtained":[{"floor":3.0,"key":"Fire Potion"},{"floor":5.0,"key":"Strength Potion"},{"floor":7.0,"key":"Dexterity Potion"},{"floor":12.0,"key":"Fruit Juice"},{"floor":14.0,"key":"SkillPotion"},{"floor":23.0,"key":"BloodPotion"},{"floor":30.0,"key":"Fire Potion"},{"floor":37.0,"key":"FairyPotion"}],"is_trial":false,"path_per_floor":["M","M","M","M","M","R","E","R","T","M","$","M","R","M","R","B",null,"M","?","M","$","M","E","R","?","T","E","R","?","M","M","R","B",null,"M","M","M","M","M","R","R","?","T","R","?","$","$","M","R","B",null],"character_chosen":"IRONCLAD","items_purchased":["Carnage","Impervious","Perfected Strike","Mind Blast","Centennial Puzzle","Impervious","Bronze Scales"],"campfire_rested":0,"item_purchase_floors":[21,21,21,46,47,47,47],"current_hp_per_floor":[72,71,72,72,69,69,55,55,55,61,61,67,67,73,73,50,70,62,62,55,55,52,46,46,46,46,68,68,68,73,79,79,18,67,73,83,83,83,86,86,86,86,86,86,86,86,86,76,76,23],"gold":54,"neow_bonus":"ONE_RARE_RELIC","is_prod":false,"is_daily":false,"chose_seed":false,"campfire_upgraded":11,"win_rate":0,"timestamp":1558328249,"path_taken":["M","?","M","M","M","R","E","R","T","M","$","M","R","M","R","BOSS","M","?","M","$","M","E","R","?","T","E","R","?","M","M","R","BOSS","M","M","M","M","M","R","R","?","T","R","?","$","$","M","R","BOSS"],"build_version":"2019-01-23","purchased_purges":2,"victory":true,"max_hp_per_floor":[72,72,72,72,72,72,72,72,72,72,72,77,77,77,77,77,77,77,77,77,77,80,80,80,80,80,80,80,80,83,83,83,83,83,83,83,83,83,86,86,86,86,86,86,86,86,86,86,86,89],"card_choices":[{"not_picked":["Heavy Blade","Battle Trance"],"picked":"Whirlwind","floor":1.0},{"not_picked":["Cleave","Sentinel"],"picked":"Headbutt","floor":2.0},{"not_picked":["Perfected Strike","Shrug It Off"],"picked":"Armaments","floor":3.0},{"not_picked":["Pummel","Perfected Strike"],"picked":"Flex","floor":4.0},{"not_picked":["Sword Boomerang","Evolve"],"picked":"Flex","floor":5.0},{"not_picked":["Infernal Blade","Havoc"],"picked":"Shrug It Off","floor":7.0},{"not_picked":["Corruption","Armaments"],"picked":"Clothesline","floor":10.0},{"not_picked":["Dark Embrace","Armaments","Clothesline"],"picked":"SKIP","floor":12.0},{"not_picked":["Armaments","Feel No Pain","Corruption"],"picked":"SKIP","floor":14.0},{"not_picked":["Bludgeon","Barricade"],"picked":"Feed","floor":16.0},{"not_picked":["Clothesline","Rupture"],"picked":"Perfected Strike","floor":18.0},{"not_picked":["Armaments","Metallicize","Clash"],"picked":"SKIP","floor":20.0},{"not_picked":["Combust+1","Sword Boomerang+1","Iron Wave"],"picked":"SKIP","floor":22.0},{"not_picked":["Bloodletting","Twin Strike"],"picked":"Reaper","floor":23.0},{"not_picked":["Headbutt","Clothesline"],"picked":"Perfected Strike","floor":27.0},{"not_picked":["Rupture","Anger"],"picked":"Shockwave","floor":30.0},{"not_picked":["Rampage","Cleave","Heavy Blade"],"picked":"SKIP","floor":31.0},{"not_picked":["Offering","Feed"],"picked":"Dark Embrace","floor":33.0},{"not_picked":["Sword Boomerang+1"],"picked":"SKIP","floor":35.0},{"not_picked":["Sword Boomerang+1"],"picked":"SKIP","floor":36.0},{"not_picked":[],"picked":"Shrug It Off+1","floor":37.0},{"not_picked":["Iron Wave"],"picked":"SKIP","floor":38.0},{"not_picked":["Cleave+1"],"picked":"SKIP","floor":39.0},{"not_picked":["Twin Strike+1"],"picked":"SKIP","floor":48.0}],"player_experience":758845,"relics_obtained":[{"floor":7.0,"key":"FossilizedHelix"},{"floor":9.0,"key":"Omamori"},{"floor":23.0,"key":"Boot"},{"floor":26.0,"key":"Anchor"},{"floor":27.0,"key":"Smiling Mask"},{"floor":43.0,"key":"War Paint"},{"floor":45.0,"key":"Champion Belt"}],"event_choices":[{"damage_healed":0.0,"max_hp_gain":0.0,"max_hp_loss":0.0,"gold_gain":99.0,"event_name":"Nest","player_choice":"Stole From Cult","floor":19.0,"gold_loss":0.0,"damage_taken":0.0},{"damage_healed":0.0,"max_hp_gain":0.0,"max_hp_loss":0.0,"gold_gain":0.0,"cards_transformed":["Defend_R","Defend_R"],"event_name":"Drug Dealer","player_choice":"Became Test Subject","floor":25.0,"gold_loss":0.0,"damage_taken":0.0,"cards_obtained":["Immolate","Battle Trance"]},{"damage_healed":0.0,"max_hp_gain":0.0,"max_hp_loss":0.0,"gold_gain":0.0,"event_name":"Ghosts","player_choice":"Ignored","floor":29.0,"gold_loss":0.0,"damage_taken":0.0},{"cards_removed":["Strike_R"],"damage_healed":0.0,"max_hp_gain":0.0,"max_hp_loss":0.0,"gold_gain":0.0,"event_name":"Falling","player_choice":"Removed Attack","floor":42.0,"gold_loss":0.0,"damage_taken":0.0},{"damage_healed":0.0,"max_hp_gain":0.0,"max_hp_loss":0.0,"gold_gain":0.0,"event_name":"MindBloom","player_choice":"Fight","floor":45.0,"gold_loss":0.0,"damage_taken":0.0}],"is_beta":false,"boss_relics":[{"not_picked":["Coffee Dripper","Runic Cube"],"picked":"Snecko Eye"},{"not_picked":["Orrery","Lizard Tail"],"picked":"Busted Crown"}],"items_purged_floors":[46,47],"is_endless":false,"potions_floor_spawned":[3,5,7,12,14,18,23,30,33,37,38,39],"ascension_level":12}