{"gold_per_floor":[109,126,126,51,66,66,101,101,101,101,101,119,130,144,144,242,242,258,275,292,308,308],"floor_reached":22,"playtime":1328,"items_purged":["Pain"],"score":304,"play_id":"51fab86a-ce14-47f2-90d8-48c5b8fc8d56","local_time":"20190520223121","is_ascension_mode":true,"campfire_choices":[{"data":"Leg Sweep","floor":6.0,"key":"SMITH"},{"data":"Night Terror","floor":11,"key":"SMITH"},{"floor":15,"key":"REST"}],"neow_cost":"NONE","seed_source_timestamp":0,"circlet_count":0,"master_deck":["AscendersBane","Defend_G","Defend_G","Defend_G","Defend_G","Defend_G","Strike_G","Strike_G","Strike_G","Strike_G","Survivor","Neutralize","Night Terror+1","Footwork","Backflip","Leg Sweep+1","Backflip","Dash","PiercingWail","PiercingWail","A Thousand Cuts","Injury","Shame","Regret","Poisoned Stab+1","Cloak And Dagger","Corpse Explosion","Flying Knee+1"],"special_seed":0,"relics":["Ring of the Snake","WarpedTongs","Bottled Lightning","Bottled Flame","Calling Bell","Bronze Scales","Molten Egg 2","Peace Pipe"],"potions_floor_usage":[13,16,21],"damage_taken":[{"damage":1.0,"enemies":"2 Louse","floor":1.0,"turns":5.0},{"damage":3.0,"enemies":"Cultist","floor":2.0,"turns":5.0},{"damage":3.0,"enemies":"Jaw Worm","floor":5.0,"turns":6.0},{"damage":31.0,"enemies":"Gremlin Nob","floor":7.0,"turns":7.0},{"damage":0,"enemies":"Exordium Wildlife","floor":12,"turns":5},{"damage":3,"enemies":"Red Slaver","floor":13,"turns":7},{"damage":4,"enemies":"Lots of Slimes","floor":14,"turns":9},{"damage":27,"enemies":"Hexaghost","floor":16,"turns":19},{"damage":3,"enemies":"3 Byrds","floor":18,"turns":3},{"damage":11,"enemies":"Shell Parasite","floor":19,"turns":10},{"damage":16,"enemies":"Shelled Parasite and Fungi","floor":20,"turns":9},{"damage":27,"enemies":"Snake Plant","floor":21,"turns":8},{"damage":9,"enemies":"Sentry and Sphere","floor":22,"turns":2}],"seed_played":"-7264999883858809575","potions_obtained":[{"floor":1.0,"key":"Explosive Potion"},{"floor":2.0,"key":"PowerPotion"},{"floor":13,"key":"Fruit Juice"},{"floor":16,"key":"GamblersBrew"},{"floor":21,"key":"GamblersBrew"}],"is_trial":false,"path_per_floor":["M","M","?","$","M","R","E","?","T","?","R","M","M","M","R","B",null,"M","M","M","M","M"],"character_chosen":"THE_SILENT","items_purchased":[],"campfire_rested":1,"item_purchase_floors":[],"current_hp_per_floor":[62,59,59,59,56,56,25,25,25,25,25,25,27,23,45,18,61,58,47,31,4,0],"gold":308,"neow_bonus":"ONE_RANDOM_RARE_CARD","is_prod":false,"is_daily":false,"chose_seed":false,"campfire_upgraded":2,"win_rate":0,"timestamp":1558362681,"path_taken":["M","M","?","$","M","R","E","?","T","?","R","M","M","M","R","BOSS","M","M","?","M","M"],"build_version":"2019-01-23","purchased_purges":1,"victory":false,"max_hp_per_floor":[70,70,70,70,70,70,70,70,70,70,70,70,75,75,75,75,75,75,75,75,75,75],"card_choices":[{"not_picked":["Slice","Eviscerate"],"picked":"Footwork","floor":1.0},{"not_picked":["Dodge and Roll","Bane"],"picked":"Backflip","floor":2.0},{"not_picked":["Well Laid Plans","Poisoned Stab"],"picked":"Leg Sweep","floor":5.0},{"not_picked":["Flechettes","Blade Dance"],"picked":"Backflip","floor":7},{"not_picked":["Masterful Stab","Dodge and Roll"],"picked":"Dash","floor":12},{"not_picked":["Slice","Dagger Spray"],"picked":"PiercingWail","floor":13},{"not_picked":["Calculated Gamble","Storm of Steel"],"picked":"PiercingWail","floor":14},{"not_picked":["Tools of the Trade","Wraith Form v2"],"picked":"A Thousand Cuts","floor":16},{"not_picked":["Concentrate","Dagger Spray+1"],"picked":"Poisoned Stab+1","floor":18},{"not_picked":["Acrobatics","Underhanded Strike+1"],"picked":"Cloak And Dagger","floor":19},{"not_picked":["Riddle With Holes+1","Backflip"],"picked":"Corpse Explosion","floor":20},{"not_picked":["Prepared","Blade Dance"],"picked":"Flying Knee+1","floor":21}],"player_experience":762006,"relics_obtained":[{"floor":7,"key":"Bottled Lightning"},{"floor":9,"key":"Bottled Flame"},{"floor":17,"key":"Bronze Scales"},{"floor":17,"key":"Molten Egg 2"},{"floor":17,"key":"Peace Pipe"}],"event_choices":[{"damage_healed":0.0,"max_hp_gain":0.0,"max_hp_loss":0.0,"gold_gain":0.0,"event_name":"Accursed Blacksmith","player_choice":"Rummage","floor":3.0,"gold_loss":0.0,"damage_taken":0.0,"relics_obtained":["WarpedTongs"],"cards_obtained":["Pain"]},{"damage_healed":0,"gold_gain":0,"player_choice":"Ignored","damage_taken":0,"max_hp_gain":0,"max_hp_loss":0,"event_name":"Shining Light","floor":8,"gold_loss":0},{"cards_removed":["Strike_G"],"damage_healed":0,"gold_gain":0,"player_choice":"Purged","damage_taken":0,"max_hp_gain":0,"max_hp_loss":0,"event_name":"Purifier","floor":10,"gold_loss":0}],"is_beta":false,"boss_relics":[{"not_picked":["Lizard Tail","Philosopher\u0027s Stone"],"picked":"Calling Bell"}],"items_purged_floors":[4],"is_endless":false,"potions_floor_spawned":[1,2,5,13,16,21],"killed_by":"Sentry and Sphere","ascension_level":12}