{"gold_per_floor":[115,18,18,18,33,66,66,106,106,126,126,201,240,240,240,240],"floor_reached":16,"playtime":363,"items_purged":[],"score":275,"play_id":"c57b89a1-6ba4-42a6-b4cb-7409f36468d8","local_time":"20190511104238","is_ascension_mode":true,"campfire_choices":[{"data":"Bash","floor":7,"key":"SMITH"},{"data":"Iron Wave","floor":11,"key":"SMITH"},{"floor":15,"key":"REST"}],"neow_cost":"NONE","seed_source_timestamp":1715644586768983,"circlet_count":0,"master_deck":["AscendersBane","Strike_R","Strike_R","Strike_R","Strike_R","Strike_R","Defend_R","Defend_R","Defend_R","Defend_R","Bash+1","Headbutt","Iron Wave+1","Flame Barrier","Clothesline","Combust","Battle Trance","Ghostly Armor","Reaper"],"relics":["Burning Blood","NeowsBlessing","Golden Idol","Matryoshka","Ice Cream","Question Card","Pantograph","Kunai"],"potions_floor_usage":[8,8,13,16],"damage_taken":[{"damage":0,"enemies":"2 Louse","floor":1,"turns":1},{"damage":0,"enemies":"Jaw Worm","floor":5,"turns":1},{"damage":0,"enemies":"3 Sentries","floor":6,"turns":2},{"damage":26,"enemies":"Lagavulin","floor":8,"turns":6},{"damage":8,"enemies":"Small Slimes","floor":10,"turns":2},{"damage":20,"enemies":"Gremlin Nob","floor":13,"turns":4},{"damage":60,"enemies":"Hexaghost","floor":16,"turns":11}],"seed_played":"4567302237380518834","potions_obtained":[{"floor":1,"key":"FearPotion"},{"floor":6,"key":"SkillPotion"},{"floor":8,"key":"SpeedPotion"},{"floor":13,"key":"SpeedPotion"}],"is_trial":false,"path_per_floor":["M","$","?","$","M","E","R","E","T","M","R","?","E","?","R","B"],"character_chosen":"IRONCLAD","items_purchased":["Iron Wave","Flame Barrier"],"campfire_rested":1,"item_purchase_floors":[2,2],"current_hp_per_floor":[74,74,48,48,54,60,60,40,40,38,38,27,13,13,35,0],"gold":240,"neow_bonus":"THREE_ENEMY_KILL","is_prod":false,"is_daily":false,"chose_seed":false,"campfire_upgraded":2,"win_rate":0,"timestamp":1557564158,"path_taken":["M","$","?","$","M","E","R","E","T","M","R","?","E","?","R","BOSS"],"build_version":"2019-05-07","purchased_purges":0,"victory":false,"max_hp_per_floor":[75,75,75,75,75,75,75,75,75,75,75,75,75,75,75,75],"card_choices":[{"not_picked":["Dual Wield","Havoc"],"picked":"Headbutt","floor":1},{"not_picked":["Twin Strike","Perfected Strike"],"picked":"Clothesline","floor":5},{"not_picked":["Sever Soul","Juggernaut"],"picked":"Combust","floor":6},{"not_picked":["Heavy Blade","Body Slam"],"picked":"Battle Trance","floor":8},{"not_picked":["Sentinel","True Grit","Headbutt"],"picked":"Ghostly Armor","floor":10},{"not_picked":["Combust","True Grit","Cleave"],"picked":"Reaper","floor":13}],"player_experience":1773098,"relics_obtained":[{"floor":6,"key":"Matryoshka"},{"floor":8,"key":"Ice Cream"},{"floor":9,"key":"Question Card"},{"floor":9,"key":"Pantograph"},{"floor":13,"key":"Kunai"}],"event_choices":[{"damage_healed":0,"gold_gain":0,"player_choice":"Take Damage","damage_taken":26,"relics_obtained":["Golden Idol"],"max_hp_gain":0,"max_hp_loss":0,"event_name":"Golden Idol","floor":3,"gold_loss":0},{"damage_healed":0,"gold_gain":75,"player_choice":"Gather Gold","damage_taken":11,"max_hp_gain":0,"max_hp_loss":0,"event_name":"World of Goop","floor":12,"gold_loss":0},{"damage_healed":0,"gold_gain":0,"player_choice":"Searched \u00270\u0027 times","damage_taken":0,"max_hp_gain":0,"max_hp_loss":0,"event_name":"Dead Adventurer","floor":14,"gold_loss":0}],"is_beta":true,"boss_relics":[],"items_purged_floors":[],"is_endless":false,"potions_floor_spawned":[1,6,8,13],"killed_by":"Hexaghost","ascension_level":19}