{"gold_per_floor":[114,129,144,144,159,159,189,189,214,214,88,103,118,133,133,233,233,233,233,33,33,33,33,33,33,33,33,33,33,33,33,33,33,33,33,33,33,33,33,33,33,33,33,33,33,33,33,33,33,33],"floor_reached":50,"playtime":2387,"items_purged":["Strike_G"],"score":548,"play_id":"3772a260-7945-4258-8432-d7834b40992c","local_time":"20190514150350","daily_mods":["Chimera","Uncertain Future","Lethality"],"is_ascension_mode":false,"campfire_choices":[{"data":"Armaments","floor":6,"key":"SMITH"},{"data":"Inflame","floor":8,"key":"SMITH"},{"data":"Sword Boomerang","floor":15,"key":"SMITH"},{"data":"Armaments","floor":25,"key":"SMITH"},{"floor":29,"key":"REST"},{"floor":32,"key":"REST"},{"floor":41,"key":"REST"},{"floor":47,"key":"REST"},{"floor":49,"key":"REST"}],"neow_cost":"","seed_source_timestamp":0,"circlet_count":0,"master_deck":["Bash","Survivor","Zap","Strike_R","Strike_B","Defend_R","Defend_G","Defend_B","Sword Boomerang","Armaments+1","Inflame+1","Bloodletting","Sword Boomerang+1","Ghostly Armor","Clothesline","Limit Break","Armaments+1","Warcry+1","Limit Break","Whirlwind","Pummel","Whirlwind","Pommel Strike","Heavy Blade","Apotheosis","Shrug It Off+1"],"special_seed":18030,"relics":["Burning Blood","Blue Candle","Strawberry","Bottled Lightning","Ectoplasm","DollysMirror","Unceasing Top","Pear","Philosopher\u0027s Stone","Meat on the Bone","Dodecahedron","Bird Faced Urn"],"potions_floor_usage":[7,16,16,19,19,21,23,30,39,40,46,50],"damage_taken":[{"damage":4,"enemies":"Cultist","floor":1,"turns":3},{"damage":3,"enemies":"2 Louse","floor":2,"turns":2},{"damage":1,"enemies":"Jaw Worm","floor":3,"turns":2},{"damage":8,"enemies":"Large Slime","floor":5,"turns":4},{"damage":11,"enemies":"Lagavulin","floor":7,"turns":4},{"damage":8,"enemies":"Looter","floor":12,"turns":2},{"damage":3,"enemies":"Exordium Wildlife","floor":13,"turns":4},{"damage":0,"enemies":"2 Fungi Beasts","floor":14,"turns":2},{"damage":33,"enemies":"The Guardian","floor":16,"turns":9},{"damage":0,"enemies":"Chosen","floor":18,"turns":2},{"damage":19,"enemies":"Spheric Guardian","floor":19,"turns":5},{"damage":20,"enemies":"Snecko","floor":21,"turns":5},{"damage":32,"enemies":"Snake Plant","floor":22,"turns":4},{"damage":0,"enemies":"Gremlin Leader","floor":23,"turns":4},{"damage":29,"enemies":"3 Cultists","floor":28,"turns":4},{"damage":11,"enemies":"Cultist and Chosen","floor":30,"turns":4},{"damage":66,"enemies":"Collector","floor":33,"turns":6},{"damage":38,"enemies":"3 Shapes","floor":35,"turns":6},{"damage":33,"enemies":"3 Darklings","floor":38,"turns":3},{"damage":16,"enemies":"Spire Growth","floor":39,"turns":4},{"damage":10,"enemies":"Giant Head","floor":40,"turns":4},{"damage":49,"enemies":"4 Shapes","floor":42,"turns":2},{"damage":9,"enemies":"Sphere and 2 Shapes","floor":44,"turns":3},{"damage":36,"enemies":"Writhing Mass","floor":46,"turns":3},{"damage":23,"enemies":"Mind Bloom Boss Battle","floor":48,"turns":6},{"damage":113,"enemies":"Donu and Deca","floor":50,"turns":6}],"seed_played":"7474928015794905263","potions_obtained":[{"floor":1,"key":"Poison Potion"},{"floor":7,"key":"Regen Potion"},{"floor":12,"key":"Energy Potion"},{"floor":13,"key":"FearPotion"},{"floor":16,"key":"GamblersBrew"},{"floor":18,"key":"EssenceOfSteel"},{"floor":21,"key":"Energy Potion"},{"floor":28,"key":"Fire Potion"},{"floor":38,"key":"BloodPotion"},{"floor":39,"key":"Weak Potion"},{"floor":44,"key":"BloodPotion"},{"floor":48,"key":"BloodPotion"}],"is_trial":false,"path_per_floor":["M","M","M","?","M","R","E","R","T","T","$","M","M","M","R","B",null,"M","M","$","M","M","E","?","R","T","?","M","R","M","$","R","B",null,"M","?","?","M","M","E","R","M","T","M","$","M","R","?","R","B"],"character_chosen":"IRONCLAD","items_purchased":["Shrug It Off","DollysMirror"],"campfire_rested":5,"item_purchase_floors":[11,20],"current_hp_per_floor":[80,80,80,85,83,83,78,78,85,85,85,83,86,92,92,65,92,92,79,79,74,48,54,54,54,64,64,41,71,66,66,96,36,102,70,65,65,38,38,34,64,33,33,42,42,34,64,59,89,0],"gold":33,"neow_bonus":"","is_prod":false,"is_daily":true,"chose_seed":false,"campfire_upgraded":4,"win_rate":0,"timestamp":1557839030,"path_taken":["M","?","M","?","M","R","E","R","T","?","$","M","M","M","R","BOSS","M","M","$","M","M","E","?","R","T","?","M","R","M","?","R","BOSS","M","?","?","M","M","E","R","M","T","M","$","M","R","?","R","BOSS"],"build_version":"2019-05-07","purchased_purges":1,"victory":false,"max_hp_per_floor":[80,80,80,85,85,85,85,85,92,92,92,92,92,92,92,92,92,92,92,92,92,92,92,92,92,102,102,102,102,102,102,102,102,102,102,102,102,102,102,102,102,102,102,102,102,102,102,102,102,102],"card_choices":[{"not_picked":["Second Wind","Clash"],"picked":"Sword Boomerang","floor":1},{"not_picked":["Anger","Disarm"],"picked":"Armaments","floor":2},{"not_picked":["Thunderclap","Clothesline"],"picked":"Inflame","floor":3},{"not_picked":["Body Slam","Feel No Pain"],"picked":"Bloodletting","floor":5},{"not_picked":["Armaments","Wild Strike"],"picked":"Sword Boomerang","floor":7},{"not_picked":["Perfected Strike","Warcry"],"picked":"Ghostly Armor","floor":12},{"not_picked":["Pommel Strike","Disarm"],"picked":"Clothesline","floor":13},{"not_picked":["Wild Strike","Sentinel","Thunderclap"],"picked":"SKIP","floor":14},{"not_picked":["Impervious","Dark Embrace"],"picked":"Limit Break","floor":16},{"not_picked":["Havoc","Anger"],"picked":"Armaments","floor":18},{"not_picked":["Feel No Pain","Pommel Strike+1"],"picked":"Warcry+1","floor":19},{"not_picked":["Pummel+1","Twin Strike"],"picked":"Whirlwind","floor":21},{"not_picked":["Clash+1","Twin Strike"],"picked":"Pummel","floor":22},{"not_picked":["Cleave+1","Fire Breathing"],"picked":"Whirlwind","floor":23},{"not_picked":["True Grit","Burning Pact"],"picked":"Pommel Strike","floor":28},{"not_picked":["Fire Breathing+1","Pummel","Rampage+1"],"picked":"SKIP","floor":30},{"not_picked":["Perfected Strike+1","Havoc+1"],"picked":"Heavy Blade","floor":35},{"not_picked":["Panache","Secret Weapon"],"picked":"Apotheosis","floor":36},{"not_picked":["Inflame","Sword Boomerang+1","Wild Strike+1"],"picked":"SKIP","floor":38},{"not_picked":["Sever Soul","Power Through+1","Clash+1"],"picked":"SKIP","floor":39},{"not_picked":["Power Through","Carnage","Sentinel"],"picked":"SKIP","floor":40},{"not_picked":["Wild Strike+1","Feel No Pain+1","Combust"],"picked":"SKIP","floor":42},{"not_picked":["Second Wind","Anger","Pommel Strike+1"],"picked":"SKIP","floor":44},{"not_picked":["Rupture+1","Dual Wield"],"picked":"Shrug It Off+1","floor":46}],"player_experience":276134,"relics_obtained":[{"floor":7,"key":"Blue Candle"},{"floor":9,"key":"Strawberry"},{"floor":10,"key":"Bottled Lightning"},{"floor":23,"key":"Unceasing Top"},{"floor":26,"key":"Pear"},{"floor":40,"key":"Meat on the Bone"},{"floor":43,"key":"Dodecahedron"},{"floor":48,"key":"Bird Faced Urn"}],"event_choices":[{"damage_healed":0,"gold_gain":0,"player_choice":"Donut","damage_taken":0,"max_hp_gain":5,"max_hp_loss":0,"event_name":"Big Fish","floor":4,"gold_loss":0},{"damage_healed":0,"gold_gain":0,"player_choice":"Ignored","damage_taken":0,"max_hp_gain":0,"max_hp_loss":0,"event_name":"Vampires","floor":24,"gold_loss":0},{"damage_healed":0,"gold_gain":0,"player_choice":"Ignored","damage_taken":0,"max_hp_gain":0,"max_hp_loss":0,"event_name":"The Mausoleum","floor":27,"gold_loss":0},{"damage_healed":0,"gold_gain":0,"player_choice":"Memory 2","damage_taken":5,"max_hp_gain":0,"max_hp_loss":0,"event_name":"SensoryStone","floor":36,"gold_loss":0},{"cards_removed":["Shrug It Off"],"damage_healed":0,"gold_gain":0,"player_choice":"Removed Skill","damage_taken":0,"max_hp_gain":0,"max_hp_loss":0,"event_name":"Falling","floor":37,"gold_loss":0},{"damage_healed":0,"gold_gain":0,"player_choice":"Fight","damage_taken":0,"max_hp_gain":0,"max_hp_loss":0,"event_name":"MindBloom","floor":48,"gold_loss":0}],"is_beta":true,"boss_relics":[{"not_picked":["Busted Crown","Fusion Hammer"],"picked":"Ectoplasm"},{"not_picked":["Snecko Eye","Astrolabe"],"picked":"Philosopher\u0027s Stone"}],"items_purged_floors":[11],"is_endless":false,"potions_floor_spawned":[1,7,12,13,16,18,21,28,38,39,44,48],"killed_by":"Donu and Deca","ascension_level":0}