{"gold_per_floor":[114,125,138,149,21,21,51,62,115,17,29,29,49,49,49,168,168,191,106,126,51,176,212,212,212],"floor_reached":25,"playtime":1391,"items_purged":["Strike_B"],"score":312,"play_id":"d27b2b42-bb88-4804-bd06-b37406c3e88b","local_time":"20190425162221","is_ascension_mode":true,"campfire_choices":[{"data":"Zap","floor":6,"key":"SMITH"},{"floor":12,"key":"REST"},{"floor":15,"key":"REST"},{"data":"Loop","floor":24,"key":"SMITH"}],"neow_cost":"NONE","seed_source_timestamp":352599108539215,"circlet_count":0,"master_deck":["Defend_B","Defend_B","Defend_B","Defend_B","Zap+1","Dualcast","Streamline","Cold Snap","Compile Driver","Conserve Battery","Genetic Algorithm","Gash","Loop+1","Ball Lightning","Hologram","Hologram","Coolheaded","Biased Cognition","Go for the Eyes","Compile Driver","BootSequence"],"relics":["Cracked Core","Orichalcum","Art of War","Strawberry","Golden Idol","Empty Cage","Meat on the Bone","Turnip","Bottled Flame","Lantern"],"potions_floor_usage":[11,11,18,18,22,23],"damage_taken":[{"damage":7,"enemies":"Jaw Worm","floor":1,"turns":3},{"damage":0,"enemies":"Small Slimes","floor":2,"turns":3},{"damage":0,"enemies":"Cultist","floor":3,"turns":3},{"damage":12,"enemies":"Blue Slaver","floor":4,"turns":3},{"damage":23,"enemies":"Gremlin Nob","floor":7,"turns":4},{"damage":16,"enemies":"Lots of Slimes","floor":8,"turns":4},{"damage":16,"enemies":"Gremlin Gang","floor":11,"turns":4},{"damage":9,"enemies":"3 Louse","floor":13,"turns":3},{"damage":22,"enemies":"Slime Boss","floor":16,"turns":8},{"damage":4,"enemies":"3 Byrds","floor":18,"turns":3},{"damage":7,"enemies":"Shell Parasite","floor":20,"turns":5},{"damage":25,"enemies":"Colosseum Slavers","floor":22,"turns":4},{"damage":11,"enemies":"Colosseum Nobs","floor":22,"turns":5},{"damage":18,"enemies":"Book of Stabbing","floor":23,"turns":6},{"damage":35,"enemies":"Gremlin Leader","floor":25,"turns":3}],"seed_played":"-4655138570770608994","potions_obtained":[{"floor":1,"key":"SkillPotion"},{"floor":4,"key":"LiquidBronze"},{"floor":7,"key":"Dexterity Potion"},{"floor":11,"key":"Weak Potion"},{"floor":13,"key":"Weak Potion"},{"floor":18,"key":"Weak Potion"}],"is_trial":false,"path_per_floor":["M","M","M","M","$","R","E","M","T","$","M","R","M","?","R","B",null,"M","?","M","?","?","E","R","E"],"character_chosen":"DEFECT","items_purchased":["Genetic Algorithm","Gash","Hologram"],"campfire_rested":2,"item_purchase_floors":[5,5,10],"current_hp_per_floor":[61,61,61,49,49,49,26,10,17,17,1,25,16,16,38,16,61,57,57,50,50,38,32,32,0],"gold":212,"neow_bonus":"RANDOM_COMMON_RELIC","is_prod":false,"is_daily":false,"chose_seed":false,"campfire_upgraded":2,"win_rate":0,"timestamp":1556202141,"path_taken":["M","M","M","M","$","R","E","M","T","$","M","R","M","?","R","BOSS","M","?","M","?","?","E","R","E"],"build_version":"2019-04-23","purchased_purges":1,"victory":false,"max_hp_per_floor":[75,75,75,75,75,75,75,75,82,82,82,82,82,76,76,76,76,76,76,76,76,76,76,76,76],"card_choices":[{"not_picked":["Auto Shields","Beam Cell"],"picked":"Streamline","floor":1},{"not_picked":["Stack","Lockon"],"picked":"Cold Snap","floor":2},{"not_picked":["Beam Cell","Sunder"],"picked":"Compile Driver","floor":3},{"not_picked":["Undo","Aggregate"],"picked":"Conserve Battery","floor":4},{"not_picked":["Streamline","Leap"],"picked":"Loop","floor":7},{"not_picked":["Beam Cell","Defragment"],"picked":"Ball Lightning","floor":8},{"not_picked":["Ball Lightning","Recycle"],"picked":"Hologram","floor":11},{"not_picked":["Barrage","Hologram"],"picked":"Coolheaded","floor":13},{"not_picked":["Buffer","Meteor Strike"],"picked":"Biased Cognition","floor":16},{"not_picked":["Double Energy","Hologram"],"picked":"Go for the Eyes","floor":18},{"not_picked":["Steam","Stack"],"picked":"Compile Driver","floor":20},{"not_picked":["Coolheaded","Cold Snap"],"picked":"BootSequence","floor":22},{"not_picked":["Static Discharge","Leap","Stack"],"picked":"SKIP","floor":23}],"player_experience":1223416,"relics_obtained":[{"floor":7,"key":"Art of War"},{"floor":9,"key":"Strawberry"},{"floor":22,"key":"Turnip"},{"floor":22,"key":"Bottled Flame"},{"floor":23,"key":"Lantern"}],"event_choices":[{"damage_healed":0,"gold_gain":0,"player_choice":"Lose Max HP","damage_taken":0,"relics_obtained":["Golden Idol"],"max_hp_gain":0,"max_hp_loss":6,"event_name":"Golden Idol","floor":14,"gold_loss":0},{"damage_healed":0,"gold_gain":0,"player_choice":"Obtained Relic","damage_taken":0,"relics_obtained":["Meat on the Bone"],"max_hp_gain":0,"max_hp_loss":0,"event_name":"Addict","floor":19,"gold_loss":85},{"cards_removed":["Strike_B"],"damage_healed":0,"gold_gain":0,"player_choice":"Gave Gold","damage_taken":0,"max_hp_gain":0,"max_hp_loss":0,"event_name":"Beggar","floor":21,"gold_loss":75},{"damage_healed":0,"gold_gain":0,"player_choice":"Fight","damage_taken":0,"max_hp_gain":0,"max_hp_loss":0,"event_name":"Colosseum","floor":22,"gold_loss":0},{"damage_healed":0,"gold_gain":0,"player_choice":"Fought Nobs","damage_taken":0,"max_hp_gain":0,"max_hp_loss":0,"event_name":"Colosseum","floor":22,"gold_loss":0}],"is_beta":true,"boss_relics":[{"not_picked":["White Beast Statue","Lizard Tail"],"picked":"Empty Cage"}],"items_purged_floors":[10],"is_endless":false,"potions_floor_spawned":[1,4,7,11,13,18,22],"killed_by":"Gremlin Leader","ascension_level":8}