{"gold_per_floor":[112,287,304,324,338,338,368,368,368,368,396,2,2,2,2,76,76,94,106,106,121,139,139,157,157,183,130,150,150,168,195,195,195],"floor_reached":33,"playtime":14623,"items_purged":["Doubt"],"score":498,"play_id":"0c774058-fda0-4cd4-a04e-2cda39def37e","local_time":"20190402224331","is_ascension_mode":true,"campfire_choices":[{"data":"Sunder","floor":6,"key":"SMITH"},{"data":"Defragment","floor":8,"key":"SMITH"},{"floor":10,"key":"REST"},{"floor":15,"key":"REST"},{"floor":23,"key":"REST"},{"data":"Sunder","floor":25,"key":"SMITH"},{"floor":29,"key":"REST"},{"floor":32,"key":"REST"}],"neow_cost":"NONE","seed_source_timestamp":532537393299,"circlet_count":0,"master_deck":["AscendersBane","Strike_B","Strike_B","Strike_B","Strike_B","Defend_B","Defend_B","Defend_B","Defend_B","Zap","Dualcast","Defragment+1","Sunder+1","Conserve Battery","Leap","Lockon","Lockon","Capacitor","Rainbow","Barrage","Sunder+1","Storm","Capacitor","Reinforced Body","Beam Cell","Consume"],"relics":["Cracked Core","Dodecahedron","Symbiotic Virus","Pocketwatch","Cables","Nuclear Battery","Anchor","PreservedInsect","WingedGreaves"],"potions_floor_usage":[31,33],"damage_taken":[{"damage":3,"enemies":"2 Louse","floor":1,"turns":3},{"damage":13,"enemies":"Jaw Worm","floor":3,"turns":4},{"damage":6,"enemies":"Cultist","floor":4,"turns":3},{"damage":4,"enemies":"Exordium Wildlife","floor":5,"turns":4},{"damage":23,"enemies":"Lagavulin","floor":7,"turns":7},{"damage":33,"enemies":"Gremlin Nob","floor":11,"turns":4},{"damage":13,"enemies":"Hexaghost","floor":16,"turns":9},{"damage":4,"enemies":"Spheric Guardian","floor":18,"turns":3},{"damage":0,"enemies":"Chosen","floor":19,"turns":3},{"damage":15,"enemies":"Snake Plant","floor":21,"turns":3},{"damage":13,"enemies":"Centurion and Healer","floor":22,"turns":7},{"damage":8,"enemies":"Snecko","floor":24,"turns":4},{"damage":27,"enemies":"3 Cultists","floor":28,"turns":5},{"damage":24,"enemies":"Chosen and Byrds","floor":30,"turns":6},{"damage":19,"enemies":"Book of Stabbing","floor":31,"turns":4},{"damage":40,"enemies":"Champ","floor":33,"turns":7}],"seed_played":"5983674360436574856","potions_obtained":[{"floor":4,"key":"Poison Potion"},{"floor":16,"key":"Block Potion"},{"floor":19,"key":"Explosive Potion"},{"floor":24,"key":"Ancient Potion"}],"is_trial":false,"path_per_floor":["M","?","M","M","M","R","E","R","T","R","E","$","?","$","R","B",null,"M","M","?","M","M","R","M","R","T","$","M","R","M","E","R","B"],"character_chosen":"DEFECT","items_purchased":["Cables","Capacitor","Beam Cell"],"campfire_rested":5,"item_purchase_floors":[12,12,27],"current_hp_per_floor":[72,72,59,53,49,49,26,26,26,50,17,17,17,17,41,28,69,65,65,65,50,37,61,53,53,53,53,26,50,26,7,31,0],"gold":195,"neow_bonus":"TEN_PERCENT_HP_BONUS","is_prod":false,"is_daily":false,"chose_seed":false,"campfire_upgraded":3,"win_rate":0,"timestamp":1554259411,"path_taken":["M","?","M","M","M","R","E","R","T","R","E","$","?","$","R","BOSS","M","M","?","M","M","R","M","R","T","$","M","R","M","E","R","BOSS"],"build_version":"2019-01-23","purchased_purges":1,"victory":false,"max_hp_per_floor":[82,82,82,82,82,82,82,82,82,82,82,82,82,82,82,82,82,82,82,82,82,82,82,82,82,82,82,82,82,82,82,82,82],"card_choices":[{"not_picked":["Compile Driver","Coolheaded"],"picked":"Defragment","floor":1},{"not_picked":["Ball Lightning","BootSequence"],"picked":"Sunder","floor":3},{"not_picked":["Leap","Barrage"],"picked":"Conserve Battery","floor":4},{"not_picked":["Rebound","Recycle"],"picked":"Leap","floor":5},{"not_picked":["Ball Lightning","Reprogram"],"picked":"Lockon","floor":7},{"not_picked":["Chaos","Stack"],"picked":"Lockon","floor":11},{"not_picked":["Reboot","Meteor Strike"],"picked":"Rainbow","floor":16},{"not_picked":["Doom and Gloom+1","Hologram"],"picked":"Barrage","floor":18},{"not_picked":["Steam","Gash"],"picked":"Sunder","floor":19},{"not_picked":["Rip and Tear","Gash"],"picked":"Storm","floor":21},{"not_picked":["Steam","Barrage"],"picked":"Capacitor","floor":22},{"not_picked":["Stack","Auto Shields"],"picked":"Reinforced Body","floor":24},{"not_picked":["BootSequence","Fusion"],"picked":"Consume","floor":28},{"not_picked":["Rebound","Genetic Algorithm","Go for the Eyes"],"picked":"SKIP","floor":30},{"not_picked":["Streamline","Darkness","Blizzard"],"picked":"SKIP","floor":31}],"player_experience":2561209,"relics_obtained":[{"floor":7,"key":"Dodecahedron"},{"floor":9,"key":"Symbiotic Virus"},{"floor":11,"key":"Pocketwatch"},{"floor":26,"key":"PreservedInsect"},{"floor":31,"key":"WingedGreaves"}],"event_choices":[{"damage_healed":0,"gold_gain":175,"player_choice":"AGREE","damage_taken":0,"max_hp_gain":0,"max_hp_loss":0,"event_name":"Liars Game","floor":2,"gold_loss":0,"cards_obtained":["Doubt"]},{"damage_healed":0,"gold_gain":0,"player_choice":"Leave","damage_taken":0,"max_hp_gain":0,"max_hp_loss":0,"event_name":"The Cleric","floor":13,"gold_loss":0},{"damage_healed":0,"gold_gain":0,"player_choice":"Gave Potion","damage_taken":0,"relics_obtained":["Anchor"],"max_hp_gain":0,"max_hp_loss":0,"event_name":"WeMeetAgain","floor":20,"gold_loss":0}],"is_beta":false,"boss_relics":[{"not_picked":["Empty Cage","Velvet Choker"],"picked":"Nuclear Battery"}],"items_purged_floors":[12],"is_endless":false,"potions_floor_spawned":[4,16,19,24],"killed_by":"Champ","ascension_level":13}