{"gold_per_floor":[119,134,148,124,199,199,210,210,235,245,245],"floor_reached":11,"playtime":478,"items_purged":[],"score":94,"play_id":"aa07fa24-edea-4a51-9858-af438bfe8d8f","local_time":"20190426174359","is_ascension_mode":true,"campfire_choices":[{"data":"Zap","floor":6,"key":"SMITH"}],"neow_cost":"TEN_PERCENT_HP_LOSS","seed_source_timestamp":444810858939608,"circlet_count":0,"master_deck":["Strike_B","Strike_B","Strike_B","Strike_B","Defend_B","Defend_B","Defend_B","Defend_B","Zap+1","Dualcast","Thunder Strike","Hologram","Go for the Eyes","Gash","Genetic Algorithm","Cold Snap"],"relics":["Cracked Core","GremlinMask","Regal Pillow"],"potions_floor_usage":[11,11],"damage_taken":[{"damage":14,"enemies":"Jaw Worm","floor":1,"turns":5},{"damage":12,"enemies":"Small Slimes","floor":2,"turns":4},{"damage":1,"enemies":"Cultist","floor":3,"turns":4},{"damage":4,"enemies":"Blue Slaver","floor":7,"turns":4},{"damage":14,"enemies":"Red Slaver","floor":10,"turns":3},{"damage":18,"enemies":"Gremlin Nob","floor":11,"turns":3}],"seed_played":"2436048530119201448","potions_obtained":[{"floor":3,"key":"Energy Potion"},{"floor":7,"key":"SkillPotion"}],"is_trial":false,"path_per_floor":["M","M","M","$","?","R","M","?","T","M","E"],"character_chosen":"DEFECT","items_purchased":["Gash"],"campfire_rested":0,"item_purchase_floors":[4],"current_hp_per_floor":[54,42,41,41,30,30,26,26,26,12,0],"gold":245,"neow_bonus":"THREE_RARE_CARDS","is_prod":false,"is_daily":false,"chose_seed":false,"campfire_upgraded":1,"win_rate":0,"timestamp":1556293439,"path_taken":["M","M","M","$","?","R","M","?","T","M","E"],"build_version":"2019-04-23","purchased_purges":0,"victory":false,"max_hp_per_floor":[68,68,68,68,68,68,68,68,68,68,68],"card_choices":[{"not_picked":["Hyperbeam","Amplify"],"picked":"Thunder Strike","floor":0},{"not_picked":["Aggregate","Hello World"],"picked":"Hologram","floor":1},{"not_picked":["Rebound","Skim","Leap"],"picked":"SKIP","floor":2},{"not_picked":["Hologram","Undo"],"picked":"Go for the Eyes","floor":3},{"not_picked":["Hello World","Heatsinks"],"picked":"Genetic Algorithm","floor":7},{"not_picked":["Beam Cell","Rebound"],"picked":"Cold Snap","floor":10}],"player_experience":1247816,"relics_obtained":[{"floor":9,"key":"Regal Pillow"}],"event_choices":[{"damage_healed":0,"gold_gain":75,"player_choice":"Gather Gold","damage_taken":11,"max_hp_gain":0,"max_hp_loss":0,"event_name":"World of Goop","floor":5,"gold_loss":0},{"damage_healed":0,"gold_gain":0,"player_choice":"Trade","damage_taken":0,"relics_obtained":["GremlinMask"],"max_hp_gain":0,"max_hp_loss":0,"event_name":"FaceTrader","floor":8,"gold_loss":0}],"is_beta":true,"boss_relics":[],"items_purged_floors":[],"is_endless":false,"potions_floor_spawned":[3,7],"killed_by":"Gremlin Nob","ascension_level":9}