{"gold_per_floor":[119,44,119,119,138,138,169,169,169,200,212,243,255,278,290,302],"floor_reached":16,"playtime":633,"items_purged":["Regret"],"score":135,"play_id":"06f43593-0b1d-4092-9392-9ab57f2d8581","local_time":"20180925221749","is_ascension_mode":true,"campfire_choices":[{"floor":6,"key":"DIG"},{"floor":8,"key":"REST"},{"floor":11,"key":"REST"},{"data":"Bash","floor":15,"key":"SMITH"}],"neow_cost":"CURSE","seed_source_timestamp":599123623924459,"circlet_count":0,"master_deck":["Strike_R","Strike_R","Strike_R","Strike_R","Strike_R","Defend_R","Defend_R","Defend_R","Defend_R","Bash+1","Anger","Regret","Shrug It Off","Heavy Blade","Limit Break","Whirlwind"],"relics":["Burning Blood","Shovel","Pen Nib","Champion Belt","Bag of Marbles","Bottled Lightning","MawBank"],"potions_floor_usage":[7,10],"damage_taken":[{"damage":9,"enemies":"2 Louse","floor":1,"turns":2},{"damage":10,"enemies":"Cultist","floor":5,"turns":4},{"damage":34,"enemies":"Lagavulin","floor":7,"turns":8},{"damage":29,"enemies":"3 Sentries","floor":10,"turns":7},{"damage":2,"enemies":"Jaw Worm","floor":12,"turns":2},{"damage":8,"enemies":"3 Louse","floor":14,"turns":4},{"damage":61,"enemies":"Slime Boss","floor":16,"turns":10}],"seed_played":"4067255574821577035","potions_obtained":[{"floor":1,"key":"Explosive Potion"},{"floor":5,"key":"EssenceOfSteel"}],"is_trial":false,"path_per_floor":["M","$","?","?","M","R","E","R","T","E","R","M","$","M","R"],"character_chosen":"IRONCLAD","items_purchased":[],"campfire_rested":2,"item_purchase_floors":[],"current_hp_per_floor":[77,77,66,66,62,62,34,58,58,35,59,63,63,61,61,0],"gold":302,"neow_bonus":"ONE_RARE_RELIC","is_prod":false,"is_daily":false,"chose_seed":false,"campfire_upgraded":1,"win_rate":0,"timestamp":1537928269,"path_taken":["M","$","?","?","M","R","E","R","T","E","R","M","$","M","R","BOSS"],"build_version":"2018-09-20","purchased_purges":1,"victory":false,"max_hp_per_floor":[80,80,80,80,80,80,80,80,80,80,80,80,80,80,80,80],"card_choices":[{"not_picked":["Body Slam","Clash"],"picked":"Anger","floor":1},{"not_picked":["Perfected Strike","Warcry"],"picked":"Shrug It Off","floor":5},{"not_picked":["Thunderclap","Dual Wield","True Grit"],"picked":"SKIP","floor":7},{"not_picked":["Pommel Strike","Dropkick"],"picked":"Heavy Blade","floor":10},{"not_picked":["Anger","Sword Boomerang"],"picked":"Limit Break","floor":12},{"not_picked":["Body Slam","Havoc"],"picked":"Whirlwind","floor":14}],"player_experience":905779,"relics_obtained":[{"floor":6,"key":"Champion Belt"},{"floor":7,"key":"Bag of Marbles"},{"floor":9,"key":"Bottled Lightning"},{"floor":10,"key":"MawBank"}],"event_choices":[{"event_name":"World of Goop","player_choice":"Gather Gold","floor":3,"damage_taken":0},{"event_name":"Big Fish","player_choice":"Box","floor":4,"damage_taken":0}],"is_beta":false,"boss_relics":[],"items_purged_floors":[2],"is_endless":false,"potions_floor_spawned":[1,5],"killed_by":"Slime Boss","ascension_level":5}