{"gold_per_floor":[110,33,44,64,64,92,92,109,136,196,208,208,243,243,243,347,347,359,49,49,73,103,148,160,197,236,259,301,313,356,388,400,509,521,547,577,5,18,38,72,72,90,90,117,136,15,15,26,26,26],"floor_reached":50,"playtime":2818,"items_purged":["Strike_B","Strike_B"],"score":710,"play_id":"6ce0f8a5-dbc0-4da8-8921-5d645a73e3ea","local_time":"20180813105018","is_ascension_mode":true,"campfire_choices":[{"data":"Buffer","floor":7,"key":"SMITH"},{"floor":12,"key":"REST"},{"data":"Static Discharge","floor":15,"key":"SMITH"},{"data":"Genetic Algorithm","floor":24,"key":"SMITH"},{"data":"Barrage","floor":29,"key":"SMITH"},{"data":"Self Repair","floor":32,"key":"SMITH"},{"floor":41,"key":"DIG"},{"floor":49,"key":"DIG"}],"neow_cost":"PERCENT_DAMAGE","seed_source_timestamp":821749431693,"circlet_count":0,"master_deck":["Defend_B","Defend_B","Defend_B","Defend_B","Zap","Dualcast","Ball Lightning","Electrodynamics","Steam","Buffer+1","Genetic Algorithm+1","Ball Lightning","Static Discharge+1","Self Repair+1","Ball Lightning","Reprogram","Auto Shields","Leap+1","Barrage+1","Steam","Ball Lightning+1","Apotheosis","Electrodynamics","Consume","Fusion+1"],"relics":["Cracked Core","Thread and Needle","Anchor","Dream Catcher","Tiny Chest","Bag of Preparation","Busted Crown","Runic Capacitor","MawBank","Bag of Marbles","Regal Pillow","Blood Vial","Pantograph","Omamori","Fusion Hammer","Medical Kit","Shovel","Bronze Scales","Ornamental Fan","Peace Pipe","Art of War","Happy Flower"],"potions_floor_usage":[25,30,30,38,44,44,44,44,48,50],"damage_taken":[{"damage":0,"enemies":"Cultist","floor":1,"turns":3},{"damage":2,"enemies":"2 Louse","floor":3,"turns":2},{"damage":0,"enemies":"Jaw Worm","floor":4,"turns":2},{"damage":5,"enemies":"3 Sentries","floor":6,"turns":4},{"damage":0,"enemies":"2 Fungi Beasts","floor":8,"turns":2},{"damage":2,"enemies":"Gremlin Nob","floor":10,"turns":5},{"damage":0,"enemies":"Looter","floor":11,"turns":3},{"damage":9,"enemies":"Lagavulin","floor":13,"turns":5},{"damage":25,"enemies":"The Guardian","floor":16,"turns":9},{"damage":1,"enemies":"2 Thieves","floor":18,"turns":3},{"damage":0,"enemies":"Chosen","floor":21,"turns":5},{"damage":0,"enemies":"Snecko","floor":22,"turns":5},{"damage":12,"enemies":"Gremlin Leader","floor":23,"turns":5},{"damage":2,"enemies":"Slavers","floor":25,"turns":4},{"damage":12,"enemies":"Cultist and Chosen","floor":27,"turns":5},{"damage":12,"enemies":"Gremlin Leader","floor":28,"turns":4},{"damage":4,"enemies":"Book of Stabbing","floor":30,"turns":5},{"damage":0,"enemies":"Snake Plant","floor":31,"turns":4},{"damage":40,"enemies":"Automaton","floor":33,"turns":9},{"damage":2,"enemies":"Orb Walker","floor":35,"turns":3},{"damage":0,"enemies":"Flame Bruiser 1 Orb","floor":36,"turns":5},{"damage":8,"enemies":"3 Darklings","floor":38,"turns":3},{"damage":0,"enemies":"Transient","floor":39,"turns":5},{"damage":0,"enemies":"Nemesis","floor":40,"turns":7},{"damage":0,"enemies":"Maw","floor":42,"turns":7},{"damage":16,"enemies":"Giant Head","floor":44,"turns":10},{"damage":12,"enemies":"Spire Growth","floor":45,"turns":4},{"damage":0,"enemies":"4 Shapes","floor":48,"turns":2},{"damage":83,"enemies":"Awakened One","floor":50,"turns":7}],"seed_played":"-7823845199450097265","potions_obtained":[{"floor":3,"key":"SpeedPotion"},{"floor":6,"key":"Poison Potion"},{"floor":8,"key":"Swift Potion"},{"floor":27,"key":"Energy Potion"},{"floor":30,"key":"EntropicBrew"},{"floor":31,"key":"FocusPotion"},{"floor":39,"key":"LiquidBronze"},{"floor":44,"key":"Fruit Juice"}],"is_trial":false,"path_per_floor":["M","$","M","M","?","E","R","M","T","E","M","R","E","?","R","B",null,"M","$","?","M","M","E","R","E","T","M","E","R","E","M","R","B",null,"M","M","$","M","M","E","R","M","T","E","M","?","$","M","R"],"character_chosen":"DEFECT","items_purchased":["Electrodynamics","Runic Capacitor","Auto Shields","Apotheosis","Electrodynamics","Medical Kit"],"campfire_rested":1,"item_purchase_floors":[2,19,19,37,37,37],"current_hp_per_floor":[54,54,52,52,52,47,47,47,47,45,45,67,65,65,65,40,75,75,75,75,75,75,70,70,75,75,70,67,67,72,75,75,45,75,75,75,75,67,75,75,75,75,75,69,69,69,69,76,76,0],"gold":26,"neow_bonus":"ONE_RARE_RELIC","is_prod":false,"is_daily":false,"chose_seed":false,"campfire_upgraded":5,"win_rate":0,"timestamp":1534171818,"path_taken":["M","$","M","?","?","E","R","M","T","E","M","R","E","?","R","BOSS","M","$","?","M","M","E","R","E","T","M","E","R","E","M","R","BOSS","M","M","$","M","M","E","R","M","T","E","M","?","$","M","R","BOSS"],"build_version":"2018-08-09","purchased_purges":2,"victory":false,"max_hp_per_floor":[75,75,75,75,75,75,75,75,75,75,75,75,75,75,75,75,75,75,75,75,75,75,75,75,75,75,75,75,75,75,75,75,75,75,75,75,75,75,75,75,75,75,75,75,75,75,75,80,80,80],"card_choices":[{"not_picked":["Compile Driver","Steam Power"],"picked":"Ball Lightning","floor":1},{"not_picked":["Gash","Compile Driver","Cold Snap"],"picked":"SKIP","floor":3},{"not_picked":["Genetic Algorithm","Heatsinks"],"picked":"Steam","floor":4},{"not_picked":["Reprogram","Streamline"],"picked":"Buffer","floor":6},{"not_picked":["Steam Power","Streamline"],"picked":"Genetic Algorithm","floor":8},{"not_picked":["Sunder","Beam Cell"],"picked":"Ball Lightning","floor":10},{"not_picked":["Go for the Eyes","Barrage"],"picked":"Static Discharge","floor":11},{"not_picked":["Steam","Chaos"],"picked":"Self Repair","floor":12},{"not_picked":["Gash","Streamline"],"picked":"Ball Lightning","floor":13},{"not_picked":["Barrage"],"picked":"SKIP","floor":18},{"not_picked":["Go for the Eyes"],"picked":"SKIP","floor":21},{"not_picked":["Sweeping Beam"],"picked":"SKIP","floor":22},{"not_picked":[],"picked":"Leap+1","floor":23},{"not_picked":["Capacitor"],"picked":"SKIP","floor":25},{"not_picked":[],"picked":"Barrage","floor":27},{"not_picked":["All For One"],"picked":"SKIP","floor":28},{"not_picked":["Stack"],"picked":"SKIP","floor":30},{"not_picked":[],"picked":"Steam","floor":31},{"not_picked":[],"picked":"Ball Lightning+1","floor":35},{"not_picked":["Compile Driver+1"],"picked":"SKIP","floor":36},{"not_picked":["Double Energy"],"picked":"SKIP","floor":38},{"not_picked":["Redo+1"],"picked":"SKIP","floor":39},{"not_picked":["Coolheaded+1"],"picked":"SKIP","floor":40},{"not_picked":["Genetic Algorithm"],"picked":"SKIP","floor":42},{"not_picked":["Leap"],"picked":"SKIP","floor":44},{"not_picked":[],"picked":"Consume","floor":45},{"not_picked":[],"picked":"Fusion+1","floor":48}],"player_experience":616227,"relics_obtained":[{"floor":6,"key":"Anchor"},{"floor":9,"key":"Dream Catcher"},{"floor":10,"key":"Tiny Chest"},{"floor":13,"key":"Bag of Preparation"},{"floor":23,"key":"Bag of Marbles"},{"floor":25,"key":"Regal Pillow"},{"floor":26,"key":"Blood Vial"},{"floor":28,"key":"Pantograph"},{"floor":30,"key":"Omamori"},{"floor":40,"key":"Shovel"},{"floor":41,"key":"Bronze Scales"},{"floor":43,"key":"Ornamental Fan"},{"floor":44,"key":"Peace Pipe"},{"floor":49,"key":"Happy Flower"}],"event_choices":[{"event_name":"Bonfire Elementals","player_choice":"BASIC","floor":5,"damage_taken":0},{"event_name":"Transmorgrifier","player_choice":"Transform","floor":14,"damage_taken":0},{"event_name":"The Mausoleum","player_choice":"Yes","floor":20,"damage_taken":0},{"event_name":"WeMeetAgain","player_choice":"Gold","floor":46,"damage_taken":0}],"is_beta":false,"boss_relics":[{"not_picked":["Cursed Key","Astrolabe"],"picked":"Busted Crown"},{"not_picked":["Orrery","Snecko Eye"],"picked":"Fusion Hammer"}],"items_purged_floors":[19,37],"is_endless":false,"potions_floor_spawned":[3,6,8,13,21,27,30,31,33,39,42,44],"killed_by":"Awakened One","ascension_level":1}