{"path_per_floor":["M","M","?","M","M","R","?","R","T","?","M","M","R","$","R","B",null,"M","M","M","?","?","E","R","M","T","M","M","M","M","?","R"],"character_chosen":"IRONCLAD","items_purchased":["Whirlwind","Iron Wave"],"gold_per_floor":[15,27,27,45,63,63,63,63,63,123,134,154,154,34,34,139,139,158,169,183,183,183,215,215,229,229,249,269,282,293,293,293],"floor_reached":33,"campfire_rested":2,"playtime":2728,"current_hp_per_floor":[80,77,77,76,70,70,70,70,70,70,65,71,71,71,71,53,80,59,63,55,55,55,28,52,35,35,18,19,29,18,18,42],"items_purged":[],"gold":293,"play_id":"22fa1aec-56c0-4f7e-b0b8-ebbabb4b56e0","is_prod":false,"is_daily":false,"campfire_rituals":0,"campfire_upgraded":2,"is_hardmode":false,"path_taken":["M","M","?","M","M","R","?","R","T","?","M","M","R","$","R","BOSS","M","M","M","?","?","E","R","M","T","M","?","M","?","?","R","BOSS"],"build_version":"2018-01-18-PROD4","purchased_purges":2,"victory":false,"master_deck":["Strike_R","Strike_R","Strike_R","Strike_R","Strike_R","Defend_R","Defend_R","Defend_R","Defend_R","Bash","Perfected Strike","Flame Barrier","Heavy Blade","Flex","Spot Weakness","Inflame","Blood for Blood","Whirlwind","Iron Wave","Offering","Regret","Pain","Doubt","Warcry","Seeing Red","Seeing Red","Barricade","Disarm","Flex","Seeing Red","Brutality","Body Slam","Pommel Strike","Rampage","Flex"],"max_hp_per_floor":[80,80,80,80,80,80,80,80,80,80,80,80,80,80,80,80,80,80,80,80,80,80,80,80,80,80,80,80,80,80,80,80],"relics":["Burning Blood","Sundial","Ginger","Torii","Shovel","Toxic Egg","Ice Cream","Calling Bell","Matryoshka","Bird Faced Urn","Lantern","Dream Catcher","Charon\u0027s Ashes","Letter Opener","Blood Vial"],"campfire_meditates":0,"card_choices":[{"not_picked":["Armaments","Flex"],"picked":"Perfected Strike"},{"not_picked":["Perfected Strike","Uppercut"],"picked":"Flame Barrier"},{"not_picked":["Flex","Clothesline"],"picked":"Heavy Blade"},{"not_picked":["True Grit","Intimidate"],"picked":"Flex"},{"not_picked":["Twin Strike","Blood for Blood"],"picked":"Spot Weakness"},{"not_picked":["Flame Barrier","Clash"],"picked":"Inflame"},{"not_picked":["Armaments","Rupture"],"picked":"Blood for Blood"},{"not_picked":["Bludgeon","Double Tap"],"picked":"Offering"},{"not_picked":["Flex","Perfected Strike"],"picked":"Warcry"},{"not_picked":["Clothesline","Twin Strike"],"picked":"Seeing Red"},{"not_picked":["Burning Pact","Armaments"],"picked":"Seeing Red"},{"not_picked":["True Grit","Cleave"],"picked":"Disarm"},{"not_picked":["Anger","Sword Boomerang"],"picked":"Flex"},{"not_picked":["Warcry","Dual Wield"],"picked":"Seeing Red"},{"not_picked":["Sword Boomerang","Heavy Blade"],"picked":"Brutality"},{"not_picked":["Burning Pact","Sever Soul"],"picked":"Body Slam"},{"not_picked":["Body Slam","Cleave"],"picked":"Pommel Strike"},{"not_picked":["Shrug It Off","Flex"],"picked":"Rampage"},{"not_picked":["Sword Boomerang","Hemokinesis"],"picked":"Flex"}],"player_experience":20612,"potions_floor_usage":[23,29,29,33,33],"damage_taken":[{"damage":5,"enemies":"Small Slimes","floor":1,"turns":4},{"damage":9,"enemies":"Blue Slaver","floor":2,"turns":4},{"damage":7,"enemies":"2 Louse","floor":4,"turns":2},{"damage":12,"enemies":"Gremlin Gang","floor":5,"turns":5},{"damage":6,"enemies":"Gremlin Nob","floor":10,"turns":3},{"damage":11,"enemies":"Looter","floor":11,"turns":3},{"damage":0,"enemies":"Large Slime","floor":12,"turns":4},{"damage":24,"enemies":"The Guardian","floor":16,"turns":7},{"damage":29,"enemies":"3 Byrds","floor":18,"turns":4},{"damage":4,"enemies":"Spheric Guardian","floor":19,"turns":3},{"damage":16,"enemies":"Snake Plant","floor":20,"turns":3},{"damage":33,"enemies":"Book of Stabbing","floor":23,"turns":4},{"damage":27,"enemies":"3 Cultists","floor":25,"turns":4},{"damage":27,"enemies":"Snecko","floor":27,"turns":6},{"damage":9,"enemies":"Sentry and Sphere","floor":28,"turns":3},{"damage":0,"enemies":"3 Cultists","floor":29,"turns":3},{"damage":21,"enemies":"Snecko","floor":30,"turns":5},{"damage":65,"enemies":"Champ","floor":33,"turns":10}],"event_choices":[{"event_name":"Accursed Blacksmith","player_choice":"Rummage","floor":3,"damage_taken":0},{"event_name":"Fountain of Cleansing","player_choice":"Removed Curse","floor":7,"damage_taken":0},{"event_name":"Dead Adventurer","player_choice":"Searched \u00272\u0027 times","floor":10,"damage_taken":0},{"event_name":"The Mausoleum","player_choice":"Yes","floor":21,"damage_taken":0},{"event_name":"The Library","player_choice":"Read","floor":22,"damage_taken":0},{"event_name":"Back to Basics","player_choice":"Elegance","floor":31,"damage_taken":0}],"boss_relics":[{"not_picked":["Velvet Choker","Orrery"],"picked":"Calling Bell"}],"potions_floor_spawned":[5,11,18,27,30],"seed_played":"-6088242474547505938","killed_by":"Champ","is_trial":false}