{"gold_per_floor":[416,416,304,315,325,325,353,67,67,67,67,67,95,110,110,213,213,232,107,123,123,123,123,141,141],"floor_reached":25,"playtime":986,"items_purged":["Strike_R","Strike_R","Strike_R"],"score":314,"play_id":"f09e5a47-6450-4a5e-a3c4-b9167045f8f9","local_time":"20190110174009","is_ascension_mode":true,"campfire_choices":[{"data":"Bash","floor":6,"key":"SMITH"},{"data":"The Bomb","floor":10,"key":"SMITH"},{"data":"Offering","floor":12,"key":"SMITH"},{"data":"Battle Trance","floor":15,"key":"SMITH"},{"data":"Bludgeon","floor":23,"key":"SMITH"}],"neow_cost":"TEN_PERCENT_HP_LOSS","seed_source_timestamp":932041923739200,"circlet_count":0,"master_deck":["AscendersBane","Strike_R","Strike_R","Defend_R","Defend_R","Defend_R","Bash+1","Shrug It Off","Battle Trance+1","Inflame","Offering+1","The Bomb+1","Disarm","Dropkick","Bludgeon+1"],"relics":["Burning Blood","Old Coin","Singing Bowl","Nunchaku","Omamori","Black Star"],"potions_floor_usage":[16,16,16,24],"damage_taken":[{"damage":8,"enemies":"2 Louse","floor":1,"turns":3},{"damage":0,"enemies":"Small Slimes","floor":4,"turns":4},{"damage":3,"enemies":"Cultist","floor":5,"turns":4},{"damage":8,"enemies":"Gremlin Nob","floor":7,"turns":3},{"damage":25,"enemies":"3 Sentries","floor":13,"turns":4},{"damage":14,"enemies":"Blue Slaver","floor":14,"turns":4},{"damage":22,"enemies":"The Guardian","floor":16,"turns":10},{"damage":28,"enemies":"Spheric Guardian","floor":18,"turns":4},{"damage":18,"enemies":"3 Byrds","floor":20,"turns":3},{"damage":15,"enemies":"Snake Plant","floor":24,"turns":2},{"damage":58,"enemies":"Gremlin Leader","floor":25,"turns":2}],"seed_played":"7968278274361201090","potions_obtained":[{"floor":4,"key":"PowerPotion"},{"floor":13,"key":"Fire Potion"},{"floor":14,"key":"SpeedPotion"},{"floor":18,"key":"EssenceOfSteel"},{"floor":24,"key":"FearPotion"}],"is_trial":false,"path_per_floor":["M","?","$","M","M","R","E","$","T","R","?","R","E","M","R","B",null,"M","$","M","?","?","R","M","E"],"character_chosen":"IRONCLAD","items_purchased":["Battle Trance","The Bomb"],"campfire_rested":0,"item_purchase_floors":[3,8],"current_hp_per_floor":[70,70,70,72,72,72,70,70,70,70,72,72,53,45,45,29,61,41,41,31,56,56,56,49,0],"gold":141,"neow_bonus":"ONE_RARE_RELIC","is_prod":false,"is_daily":false,"chose_seed":false,"campfire_upgraded":5,"win_rate":0,"timestamp":1547160009,"path_taken":["M","?","$","M","M","R","E","$","T","R","?","R","E","?","R","BOSS","M","$","M","?","?","R","M","E"],"build_version":"2019-01-03v4","purchased_purges":3,"victory":false,"max_hp_per_floor":[72,72,72,72,72,72,72,72,72,72,72,72,72,72,72,72,72,74,74,76,76,76,76,78,78],"card_choices":[{"not_picked":["Headbutt","Wild Strike"],"picked":"Shrug It Off","floor":1},{"not_picked":["Perfected Strike","Battle Trance"],"picked":"Pummel","floor":4},{"not_picked":["Iron Wave","Clothesline"],"picked":"Inflame","floor":5},{"not_picked":["Wild Strike","Power Through"],"picked":"Offering","floor":7},{"not_picked":["Dual Wield","Cleave"],"picked":"Disarm","floor":13},{"not_picked":["Flex","Shrug It Off"],"picked":"Dropkick","floor":14},{"not_picked":["Double Tap","Berserk"],"picked":"Bludgeon","floor":16},{"not_picked":["Twin Strike","Cleave","Blood for Blood"],"picked":"Singing Bowl","floor":18},{"not_picked":["Reckless Charge","Battle Trance+1","True Grit"],"picked":"Singing Bowl","floor":20},{"not_picked":["Perfected Strike+1","Warcry","Shockwave"],"picked":"Singing Bowl","floor":24}],"player_experience":1724294,"relics_obtained":[{"floor":7,"key":"Singing Bowl"},{"floor":9,"key":"Nunchaku"},{"floor":13,"key":"Omamori"}],"event_choices":[{"damage_healed":0,"gold_gain":0,"player_choice":"Ignored","damage_taken":0,"max_hp_gain":0,"max_hp_loss":0,"event_name":"Golden Idol","floor":2,"gold_loss":0},{"cards_removed":["Pummel"],"damage_healed":2,"gold_gain":0,"player_choice":"Offered Uncommon","damage_taken":0,"max_hp_gain":0,"max_hp_loss":0,"event_name":"Bonfire Elementals","floor":11,"gold_loss":0},{"damage_healed":25,"gold_gain":0,"player_choice":"Heal","damage_taken":0,"max_hp_gain":0,"max_hp_loss":0,"event_name":"The Library","floor":21,"gold_loss":0},{"cards_removed":["Defend_R"],"damage_healed":0,"gold_gain":0,"player_choice":"Elegance","damage_taken":0,"max_hp_gain":0,"max_hp_loss":0,"event_name":"Back to Basics","floor":22,"gold_loss":0}],"is_beta":false,"boss_relics":[{"not_picked":["Black Blood","Empty Cage"],"picked":"Black Star"}],"items_purged_floors":[3,8,19],"is_endless":false,"potions_floor_spawned":[4,13,14,18,24],"killed_by":"Gremlin Leader","ascension_level":10}