{"path_per_floor":["M","M","M","M","?","R","E","R","T","M","M","$","?","M","R","B",null,"M","M","M"],"character_chosen":"IRONCLAD","items_purchased":[],"gold_per_floor":[113,125,139,151,151,151,179,179,179,192,204,129,152,138,138,240,240,253,272,288],"floor_reached":21,"campfire_rested":0,"playtime":2027,"current_hp_per_floor":[80,80,80,80,80,80,74,74,74,77,80,80,70,71,71,33,80,71,39,24],"items_purged":["Strike_R"],"gold":288,"play_id":"e398cd71-79e0-4505-aa8e-ff194606c0fb","is_prod":false,"is_daily":false,"is_ascension_mode":false,"campfire_upgraded":3,"path_taken":["M","M","M","M","?","R","E","R","T","?","M","?","?","?","R","BOSS","M","M","M","M"],"build_version":"2018-01-25-PROD3","purchased_purges":1,"victory":false,"master_deck":["Strike_R","Strike_R","Strike_R","Strike_R","Defend_R","Defend_R","Defend_R","Defend_R","Bash","Armaments+1","Evolve+1","Wild Strike","Iron Wave","True Grit+1","Headbutt","Sentinel","Wild Strike","Dark Embrace+1","Thunderclap","Immolate","Pain","Parasite","Writhe","Spot Weakness+1","Anger","Demon Form"],"max_hp_per_floor":[80,80,80,80,80,80,80,80,80,80,80,80,80,80,80,80,80,80,80,80],"relics":["Burning Blood","Singing Bowl","Bird Faced Urn","Odd Mushroom","Calling Bell","Mummified Hand","Unceasing Top","Torii"],"card_choices":[{"not_picked":["Perfected Strike","True Grit"],"picked":"Armaments"},{"not_picked":["Shockwave","Intimidate"],"picked":"Evolve"},{"not_picked":["Blood for Blood","True Grit"],"picked":"Wild Strike"},{"not_picked":["Cleave","Anger"],"picked":"Iron Wave"},{"not_picked":["Thunderclap","Rupture"],"picked":"True Grit"},{"not_picked":["Warcry","Burning Pact"],"picked":"Headbutt"},{"not_picked":["Searing Blow","Uppercut"],"picked":"Sentinel"},{"not_picked":["Armaments","Shrug It Off"],"picked":"Wild Strike"},{"not_picked":["Blood for Blood","Thunderclap"],"picked":"Dark Embrace"},{"not_picked":["Clash","Sword Boomerang"],"picked":"Thunderclap"},{"not_picked":["Fiend Fire","Reaper"],"picked":"Immolate"},{"not_picked":["Flame Barrier","Wild Strike"],"picked":"Spot Weakness"},{"not_picked":["Warcry","Armaments"],"picked":"Anger"},{"not_picked":["Wild Strike","Flex"],"picked":"Demon Form"}],"player_experience":318881,"potions_floor_usage":[7,16,18,18],"damage_taken":[{"damage":2,"enemies":"2 Louse","floor":1,"turns":3},{"damage":1,"enemies":"Cultist","floor":2,"turns":3},{"damage":6,"enemies":"Blue Slaver","floor":3,"turns":5},{"damage":3,"enemies":"2 Fungi Beasts","floor":4,"turns":4},{"damage":12,"enemies":"Gremlin Nob","floor":7,"turns":4},{"damage":5,"enemies":"Looter","floor":10,"turns":4},{"damage":5,"enemies":"Large Slime","floor":11,"turns":6},{"damage":16,"enemies":"The Mushroom Lair","floor":13,"turns":5},{"damage":7,"enemies":"Exordium Thugs","floor":14,"turns":4},{"damage":48,"enemies":"The Guardian","floor":16,"turns":9},{"damage":17,"enemies":"Chosen","floor":18,"turns":6},{"damage":42,"enemies":"2 Thieves","floor":19,"turns":5},{"damage":25,"enemies":"Centurion and Healer","floor":20,"turns":7},{"damage":34,"enemies":"Chosen and Byrds","floor":21,"turns":7}],"event_choices":[{"event_name":"Accursed Blacksmith","player_choice":"Forge","floor":5,"damage_taken":0},{"event_name":"Mushrooms","player_choice":"Fought Mushrooms","floor":13,"damage_taken":0}],"boss_relics":[{"not_picked":["Eternal Feather","Astrolabe"],"picked":"Calling Bell"}],"potions_floor_spawned":[1,2,14,16,19],"seed_played":"-7566083059690194700","killed_by":"Chosen and Byrds","ascension_level":0,"is_trial":false}