{"path_per_floor":["M","?","M","M","M","E","R","M","T","M","M","?","R","M","R","B",null,"M","$","M","?","M","?","M","R","T","?","M","R","M","M","R","B",null,"M","M","?","$","$","R","M","R","T","?","R","M","?","M","R","B"],"character_chosen":"IRONCLAD","items_purchased":["Blood Vial","Warcry","Frozen Egg","Evolve"],"gold_per_floor":[119,119,137,152,162,190,190,203,282,296,309,364,364,382,382,482,482,495,117,133,48,67,67,82,82,105,105,121,121,141,152,152,248,248,259,270,0,0,0,0,14,14,37,37,37,54,54,67,67,67],"floor_reached":51,"campfire_rested":1,"playtime":3807,"current_hp_per_floor":[80,80,75,78,72,45,45,39,49,51,54,46,46,49,49,48,90,89,89,81,81,57,87,67,67,73,73,68,68,59,46,74,27,96,91,91,91,91,91,91,76,76,82,82,82,70,70,81,81,35],"items_purged":[],"gold":67,"play_id":"a898a38d-5fcd-44c9-b974-002deb273855","is_prod":false,"is_daily":false,"is_ascension_mode":false,"campfire_upgraded":9,"path_taken":["M","?","M","?","M","E","R","M","T","?","M","?","R","M","R","BOSS","M","$","M","?","?","?","M","R","T","?","?","R","M","M","R","BOSS","M","?","?","?","$","R","?","R","T","?","R","?","?","M","R","BOSS"],"build_version":"2018-01-25-PROD3","purchased_purges":1,"victory":true,"master_deck":["Strike_R+1","Strike_R+1","Strike_R+1","Strike_R+1","Defend_R+1","Defend_R+1","Defend_R+1","Defend_R+1","Demon Form+1","Pommel Strike+1","Inflame","Sword Boomerang+1","Shrug It Off+1","Bloodletting+1","Blood for Blood","Heavy Blade+1","Iron Wave+1","Offering+1","Flex","Warcry+1","Evolve+1","Flex","Power Through+1","Injury","Warcry+1","Flex","Wild Strike+1","Reaper","Parasite"],"max_hp_per_floor":[80,80,80,80,80,80,80,80,90,90,90,90,90,90,90,90,90,90,90,90,90,90,90,90,90,96,96,96,96,96,96,96,96,96,96,96,96,96,96,96,96,96,102,102,102,102,102,102,102,102],"relics":["Burning Blood","War Paint","Pear","Darkstone Periapt","Cursed Key","Blood Vial","Frozen Egg","Bag of Marbles","Bag of Preparation","White Beast Statue","Red Mask","Whetstone"],"card_choices":[{"not_picked":["Brutality","Dropkick"],"picked":"Pommel Strike"},{"not_picked":["True Grit","Clothesline"],"picked":"Inflame"},{"not_picked":["Anger","Body Slam"],"picked":"Sword Boomerang"},{"not_picked":["Thunderclap","Disarm"],"picked":"Shrug It Off"},{"not_picked":["Battle Trance","Intimidate"],"picked":"Bloodletting"},{"not_picked":["Havoc","Reaper"],"picked":"Blood for Blood"},{"not_picked":["Carnage","Pommel Strike"],"picked":"Heavy Blade"},{"not_picked":["Uppercut","Infernal Blade"],"picked":"Iron Wave"},{"not_picked":["Berserk","Dark Embrace"],"picked":"Offering"},{"not_picked":["Wild Strike","Body Slam"],"picked":"Flex"},{"not_picked":["Thunderclap","Pommel Strike"],"picked":"Flex"},{"not_picked":["Combust","Sword Boomerang"],"picked":"Power Through"},{"not_picked":["Perfected Strike","Impervious"],"picked":"Warcry"},{"not_picked":["Clothesline","Dropkick"],"picked":"Flex"},{"not_picked":["Pommel Strike","Twin Strike"],"picked":"Wild Strike"},{"not_picked":["Bludgeon","Offering"],"picked":"Reaper"}],"player_experience":282036,"potions_floor_usage":[8,10,12,16,16,20,22,30,35,41,46,46,48],"damage_taken":[{"damage":3,"enemies":"Small Slimes","floor":1,"turns":4},{"damage":11,"enemies":"Blue Slaver","floor":3,"turns":5},{"damage":3,"enemies":"Jaw Worm","floor":4,"turns":4},{"damage":12,"enemies":"Looter","floor":5,"turns":4},{"damage":33,"enemies":"3 Sentries","floor":6,"turns":6},{"damage":12,"enemies":"2 Fungi Beasts","floor":8,"turns":3},{"damage":4,"enemies":"Gremlin Gang","floor":10,"turns":3},{"damage":3,"enemies":"3 Louse","floor":11,"turns":4},{"damage":14,"enemies":"3 Sentries","floor":12,"turns":7},{"damage":3,"enemies":"2 Fungi Beasts","floor":14,"turns":3},{"damage":7,"enemies":"Slime Boss","floor":16,"turns":6},{"damage":7,"enemies":"Spheric Guardian","floor":18,"turns":3},{"damage":15,"enemies":"Chosen","floor":20,"turns":4},{"damage":32,"enemies":"Snecko","floor":22,"turns":4},{"damage":28,"enemies":"Slaver and Parasite","floor":24,"turns":4},{"damage":13,"enemies":"Centurion and Healer","floor":28,"turns":5},{"damage":17,"enemies":"Snake Plant","floor":30,"turns":3},{"damage":21,"enemies":"Slaver and Parasite","floor":31,"turns":5},{"damage":55,"enemies":"Automaton","floor":33,"turns":8},{"damage":38,"enemies":"3 Darklings","floor":35,"turns":6},{"damage":18,"enemies":"3 Shapes","floor":36,"turns":4},{"damage":26,"enemies":"Sphere and 2 Shapes","floor":41,"turns":4},{"damage":23,"enemies":"3 Darklings","floor":46,"turns":5},{"damage":11,"enemies":"4 Shapes","floor":48,"turns":8},{"damage":76,"enemies":"Awakened One","floor":50,"turns":11}],"event_choices":[{"event_name":"Purifier","player_choice":"One Purge","floor":2,"damage_taken":0},{"event_name":"Dead Adventurer","player_choice":"Searched \u00272\u0027 times","floor":12,"damage_taken":0},{"event_name":"Addict","player_choice":"Obtained Relic","floor":21,"damage_taken":0},{"event_name":"The Library","player_choice":"Heal","floor":23,"damage_taken":0},{"event_name":"Back to Basics","player_choice":"Simplicity","floor":27,"damage_taken":0},{"event_name":"Tomb of Lord Red Mask","player_choice":"Paid","floor":37,"damage_taken":0},{"event_name":"Accursed Blacksmith","player_choice":"Ignore","floor":47,"damage_taken":0}],"boss_relics":[{"not_picked":["Pandora\u0027s Box","Velvet Choker"],"picked":"Cursed Key"},{"not_picked":["Runic Cube","Orrery"],"picked":"White Beast Statue"}],"potions_floor_spawned":[3,4,8,12,14,16,20,24,31,33,35,36,41,46,48],"seed_played":"6408374802182187773","ascension_level":0,"is_trial":false}