{"gold_per_floor":[112,59,59,59,14,39,39,66,66,94,105,32,43,55,55,133,133,147,160,7,7,57,57,68,68,140,140],"floor_reached":27,"playtime":750,"items_purged":[],"score":532,"play_id":"d073f3b9-94fe-4a63-9fd5-99c38a095b32","local_time":"20190501182644","is_ascension_mode":true,"campfire_choices":[{"data":"Spot Weakness","floor":7,"key":"SMITH"},{"data":"Entrench","floor":15,"key":"SMITH"},{"floor":23,"key":"REST"},{"data":"Feed","floor":25,"key":"SMITH"}],"neow_cost":"NONE","seed_source_timestamp":879102958808175,"circlet_count":0,"master_deck":["AscendersBane","Strike_R","Strike_R","Strike_R","Strike_R","Strike_R","Defend_R","Defend_R","Defend_R","Defend_R","Bash+1","Cleave","Anger","Headbutt","Spot Weakness+1","Pommel Strike","Iron Wave","Clothesline","True Grit","Entrench+1","Feed+1","RitualDagger"],"relics":["Burning Blood","NeowsBlessing","Ancient Tea Set","Kunai","FossilizedHelix","Pen Nib","Cursed Key","Omamori","Mercury Hourglass"],"potions_floor_usage":[16,16,27],"damage_taken":[{"damage":0,"enemies":"Small Slimes","floor":1,"turns":1},{"damage":0,"enemies":"3 Sentries","floor":6,"turns":1},{"damage":0,"enemies":"Lagavulin","floor":8,"turns":1},{"damage":0,"enemies":"Gremlin Nob","floor":10,"turns":3},{"damage":0,"enemies":"Cultist","floor":11,"turns":2},{"damage":0,"enemies":"2 Louse","floor":13,"turns":2},{"damage":0,"enemies":"Red Slaver","floor":14,"turns":2},{"damage":4,"enemies":"Slime Boss","floor":16,"turns":9},{"damage":14,"enemies":"3 Byrds","floor":18,"turns":6},{"damage":27,"enemies":"Chosen","floor":19,"turns":8},{"damage":40,"enemies":"Snake Plant","floor":24,"turns":5},{"damage":43,"enemies":"Book of Stabbing","floor":27,"turns":5}],"seed_played":"5603536584145378154","potions_obtained":[{"floor":4,"key":"GamblersBrew"},{"floor":4,"key":"FearPotion"},{"floor":8,"key":"Fire Potion"},{"floor":18,"key":"Swift Potion"}],"is_trial":false,"path_per_floor":["M","$","?","?","$","E","R","E","T","E","M","$","M","M","R","B",null,"M","M","$","?","?","R","M","R","T","E"],"character_chosen":"IRONCLAD","items_purchased":["Anger","Headbutt","Iron Wave","Clothesline","Omamori"],"campfire_rested":1,"item_purchase_floors":[2,5,12,12,20],"current_hp_per_floor":[74,74,74,74,74,75,75,75,75,75,75,75,75,75,75,75,75,70,52,52,46,46,70,39,39,39,0],"gold":140,"neow_bonus":"THREE_ENEMY_KILL","is_prod":false,"is_daily":false,"chose_seed":false,"campfire_upgraded":3,"win_rate":0,"timestamp":1556728004,"path_taken":["M","$","?","?","$","E","R","E","T","E","M","$","M","M","R","BOSS","M","M","$","?","?","R","M","R","T","E"],"build_version":"2019-04-23","purchased_purges":0,"victory":false,"max_hp_per_floor":[75,75,75,75,75,75,75,75,75,75,75,75,75,75,75,75,75,78,81,81,81,81,81,84,84,84,84],"card_choices":[{"not_picked":["Heavy Blade","Armaments"],"picked":"Cleave","floor":1},{"not_picked":["Shockwave","True Grit"],"picked":"Spot Weakness","floor":6},{"not_picked":["Sentinel","Double Tap"],"picked":"Pommel Strike","floor":8},{"not_picked":["Juggernaut","Warcry","Body Slam"],"picked":"SKIP","floor":10},{"not_picked":["Body Slam","Havoc","Burning Pact"],"picked":"SKIP","floor":11},{"not_picked":["Fire Breathing","Warcry"],"picked":"True Grit","floor":13},{"not_picked":["Havoc","Rage"],"picked":"Entrench","floor":14},{"not_picked":["Brutality","Berserk"],"picked":"Feed","floor":16},{"not_picked":["Clothesline","Anger","True Grit"],"picked":"SKIP","floor":18},{"not_picked":["Heavy Blade","Pommel Strike","Dark Embrace"],"picked":"SKIP","floor":19},{"not_picked":["Clash","Twin Strike+1","Warcry"],"picked":"SKIP","floor":24}],"player_experience":1403285,"relics_obtained":[{"floor":6,"key":"Ancient Tea Set"},{"floor":8,"key":"Kunai"},{"floor":9,"key":"FossilizedHelix"},{"floor":10,"key":"Pen Nib"},{"floor":26,"key":"Mercury Hourglass"}],"event_choices":[{"damage_healed":0,"gold_gain":0,"player_choice":"Grow","damage_taken":0,"max_hp_gain":0,"max_hp_loss":0,"event_name":"Living Wall","floor":3,"gold_loss":0,"cards_upgraded":["Bash"]},{"damage_healed":0,"gold_gain":0,"player_choice":"Got Potions","damage_taken":0,"max_hp_gain":0,"max_hp_loss":0,"event_name":"Lab","floor":4,"gold_loss":0},{"damage_healed":0,"gold_gain":0,"player_choice":"Joined the Cult","damage_taken":6,"max_hp_gain":0,"max_hp_loss":0,"event_name":"Nest","floor":21,"gold_loss":0,"cards_obtained":["RitualDagger"]},{"damage_healed":0,"gold_gain":50,"player_choice":"Pray","damage_taken":0,"max_hp_gain":0,"max_hp_loss":0,"event_name":"Golden Shrine","floor":22,"gold_loss":0}],"is_beta":true,"boss_relics":[{"not_picked":["Black Star","Tiny House"],"picked":"Cursed Key"}],"items_purged_floors":[],"is_endless":false,"potions_floor_spawned":[6,8,13,14,18],"killed_by":"Book of Stabbing","ascension_level":15}