{"gold_per_floor":[14,14,14,24,36,36,48,48,48,61,61],"floor_reached":11,"playtime":77004,"items_purged":[],"score":98,"play_id":"f61b574f-b4cf-4553-a422-0fcf0828f2e7","local_time":"20190317155246","is_ascension_mode":true,"campfire_choices":[{"data":"Defragment","floor":6,"key":"SMITH"}],"neow_cost":"NO_GOLD","seed_source_timestamp":257173874532100,"circlet_count":0,"master_deck":["AscendersBane","Strike_B","Strike_B","Strike_B","Defend_B","Defend_B","Defend_B","Defend_B","Zap","Dualcast","Defragment+1","Auto Shields","Coolheaded","Genetic Algorithm","White Noise","Seek"],"relics":["Cracked Core","Calipers","Nunchaku","Matryoshka"],"potions_floor_usage":[7],"damage_taken":[{"damage":6,"enemies":"Cultist","floor":1,"turns":3},{"damage":0,"enemies":"Small Slimes","floor":4,"turns":2},{"damage":4,"enemies":"Jaw Worm","floor":5,"turns":5},{"damage":6,"enemies":"Lots of Slimes","floor":7,"turns":3},{"damage":2,"enemies":"Large Slime","floor":10,"turns":7},{"damage":0,"enemies":"3 Sentries","floor":11,"turns":1}],"seed_played":"4945538201947215572","potions_obtained":[{"floor":1,"key":"LiquidBronze"},{"floor":4,"key":"Explosive Potion"},{"floor":7,"key":"Ancient Potion"},{"floor":8,"key":"Energy Potion"}],"is_trial":false,"path_per_floor":["M","?","?","M","M","R","M","?","T","M","E"],"character_chosen":"DEFECT","items_purchased":[],"campfire_rested":0,"item_purchase_floors":[],"current_hp_per_floor":[62,59,59,59,55,55,49,49,49,47,47],"gold":61,"neow_bonus":"ONE_RARE_RELIC","is_prod":false,"is_daily":false,"chose_seed":false,"campfire_upgraded":1,"win_rate":0,"timestamp":1552852366,"path_taken":["M","?","?","M","M","R","?","?","T","?","E"],"build_version":"2019-01-23","purchased_purges":0,"victory":false,"max_hp_per_floor":[75,75,75,75,75,75,75,75,75,75,75],"card_choices":[{"not_picked":["Ball Lightning","Static Discharge"],"picked":"Defragment","floor":1},{"not_picked":["Barrage","Steam"],"picked":"Coolheaded","floor":4},{"not_picked":["Steam Power","Barrage"],"picked":"Genetic Algorithm","floor":5},{"not_picked":["Gash","Cold Snap"],"picked":"White Noise","floor":7},{"not_picked":["Leap","Tempest"],"picked":"Seek","floor":10}],"player_experience":2468337,"relics_obtained":[{"floor":9,"key":"Matryoshka"}],"event_choices":[{"damage_healed":0,"gold_gain":0,"player_choice":"Success","damage_taken":3,"relics_obtained":["Nunchaku"],"max_hp_gain":0,"max_hp_loss":0,"event_name":"Scrap Ooze","floor":2,"gold_loss":0},{"damage_healed":0,"gold_gain":0,"cards_transformed":["Strike_B"],"player_choice":"Transformed","damage_taken":0,"max_hp_gain":0,"max_hp_loss":0,"event_name":"Transmorgrifier","floor":3,"gold_loss":0,"cards_obtained":["Auto Shields"]},{"damage_healed":0,"gold_gain":0,"player_choice":"Got Potions","damage_taken":0,"max_hp_gain":0,"max_hp_loss":0,"event_name":"Lab","floor":8,"gold_loss":0}],"is_beta":false,"boss_relics":[],"items_purged_floors":[],"is_endless":false,"potions_floor_spawned":[1,4,7],"killed_by":"3 Sentries","ascension_level":10}