{"gold_per_floor":[219,219,233,44,119,119,119,119,119,3,16,34,34],"floor_reached":13,"playtime":385,"items_purged":["Strike_B"],"score":80,"play_id":"ab36f404-ba61-4863-b7b0-db928a670238","local_time":"20181119210506","is_ascension_mode":true,"campfire_choices":[{"data":"Zap","floor":7,"key":"SMITH"}],"neow_cost":"NONE","seed_source_timestamp":362345489683867,"circlet_count":0,"master_deck":["Strike_B","Strike_B","Defend_B","Defend_B","Defend_B","Defend_B","Zap+1","Dualcast","Genetic Algorithm+1","FTL","Loop","Cold Snap","Defragment","Capacitor","Beam Cell"],"relics":["Cracked Core","Question Card"],"potions_floor_usage":[],"damage_taken":[{"damage":2,"enemies":"Jaw Worm","floor":1,"turns":3},{"damage":1,"enemies":"Cultist","floor":3,"turns":4},{"damage":8,"enemies":"Small Slimes","floor":11,"turns":3},{"damage":18,"enemies":"3 Louse","floor":12,"turns":5},{"damage":19,"enemies":"3 Sentries","floor":13,"turns":5}],"seed_played":"-4362620784630979702","potions_obtained":[],"is_trial":false,"path_per_floor":["M","?","M","$","?","?","R","?","T","$","M","M","?"],"character_chosen":"DEFECT","items_purchased":["FTL","Loop","Cold Snap","Defragment"],"campfire_rested":0,"item_purchase_floors":[4,4,10,10],"current_hp_per_floor":[73,73,72,72,61,43,43,43,43,43,35,17,0],"gold":34,"neow_bonus":"HUNDRED_GOLD","is_prod":false,"is_daily":false,"chose_seed":false,"campfire_upgraded":1,"win_rate":0,"timestamp":1542657906,"path_taken":["M","?","M","?","?","?","R","?","T","$","M","?","?"],"build_version":"2018-11-15","purchased_purges":1,"victory":false,"max_hp_per_floor":[75,75,75,75,75,75,75,75,75,75,75,75,75],"card_choices":[{"not_picked":["Compile Driver","Aggregate","Stack"],"picked":"SKIP","floor":1},{"not_picked":["Consume","Rebound"],"picked":"Genetic Algorithm","floor":3},{"not_picked":["Gash","Recycle","Rebound"],"picked":"Capacitor","floor":11},{"not_picked":["Amplify","Stack","Storm"],"picked":"Beam Cell","floor":12}],"player_experience":238561,"relics_obtained":[],"event_choices":[{"cards_removed":["Strike_B"],"damage_healed":0,"gold_gain":0,"player_choice":"Purged","damage_taken":0,"max_hp_gain":0,"max_hp_loss":0,"event_name":"Purifier","floor":2,"gold_loss":0},{"damage_healed":0,"gold_gain":75,"player_choice":"Gather Gold","damage_taken":11,"max_hp_gain":0,"max_hp_loss":0,"event_name":"World of Goop","floor":5,"gold_loss":0},{"damage_healed":0,"gold_gain":0,"player_choice":"Success","damage_taken":18,"relics_obtained":["Question Card"],"max_hp_gain":0,"max_hp_loss":0,"event_name":"Scrap Ooze","floor":6,"gold_loss":0},{"damage_healed":0,"gold_gain":0,"player_choice":"Upgraded","damage_taken":0,"max_hp_gain":0,"max_hp_loss":0,"event_name":"Upgrade Shrine","floor":8,"gold_loss":0,"cards_upgraded":["Genetic Algorithm"]},{"damage_healed":0,"gold_gain":0,"player_choice":"Searched \u00271\u0027 times","damage_taken":0,"max_hp_gain":0,"max_hp_loss":0,"event_name":"Dead Adventurer","floor":13,"gold_loss":0}],"is_beta":true,"boss_relics":[],"items_purged_floors":[4],"is_endless":false,"potions_floor_spawned":[],"killed_by":"3 Sentries","ascension_level":2}