{"gold_per_floor":[117,117,42,52,62,62,72,72,119,133,143,155,173,198,198,198],"floor_reached":16,"playtime":737,"items_purged":["Strike_B"],"score":106,"play_id":"13621a3b-b945-4fb8-937c-0b525bf9a374","local_time":"20180724122111","is_ascension_mode":false,"campfire_choices":[{"data":"Barrage","floor":6,"key":"SMITH"},{"floor":15,"key":"REST"}],"neow_cost":"","seed_source_timestamp":130539086432719,"circlet_count":0,"master_deck":["Strike_B","Strike_B","Strike_B","Defend_B","Defend_B","Defend_B","Defend_B","Zap","Dualcast","Steam","Sweeping Beam","Barrage+1","Creative AI+1","Loop","Steam","FTL","Coolheaded"],"relics":["Cracked Core","Centennial Puzzle","Bag of Preparation","Boot"],"potions_floor_usage":[14,14,16],"damage_taken":[{"damage":3,"enemies":"2 Louse","floor":1,"turns":3},{"damage":0,"enemies":"Jaw Worm","floor":4,"turns":3},{"damage":8,"enemies":"Small Slimes","floor":5,"turns":2},{"damage":3,"enemies":"2 Fungi Beasts","floor":7,"turns":3},{"damage":5,"enemies":"Exordium Thugs","floor":10,"turns":4},{"damage":4,"enemies":"Exordium Wildlife","floor":11,"turns":3},{"damage":6,"enemies":"Red Slaver","floor":12,"turns":4},{"damage":7,"enemies":"Lots of Slimes","floor":13,"turns":4},{"damage":20,"enemies":"Gremlin Nob","floor":14,"turns":5},{"damage":31,"enemies":"Slime Boss","floor":16,"turns":8}],"seed_played":"7187774669437364738","potions_obtained":[{"floor":4,"key":"Strength Potion"},{"floor":13,"key":"PowerPotion"},{"floor":14,"key":"FocusPotion"}],"is_trial":false,"path_per_floor":["M","?","$","M","M","R","M","?","T","M","M","M","M","E","R"],"character_chosen":"DEFECT","items_purchased":[],"campfire_rested":1,"item_purchase_floors":[],"current_hp_per_floor":[72,60,60,60,52,52,49,49,49,44,40,34,27,7,29,0],"gold":198,"neow_bonus":"","is_prod":false,"is_daily":false,"chose_seed":false,"campfire_upgraded":1,"win_rate":0,"timestamp":1532449271,"path_taken":["M","?","$","M","M","R","M","?","T","M","M","?","M","E","R","BOSS"],"build_version":"2018-07-19v2","purchased_purges":1,"victory":false,"max_hp_per_floor":[75,75,75,75,75,75,75,75,75,75,75,75,75,75,75,75],"card_choices":[{"not_picked":["Stack","Reprogram"],"picked":"Steam","floor":1},{"not_picked":["Beam Cell","White Noise"],"picked":"Sweeping Beam","floor":4},{"not_picked":["Go for the Eyes","Hologram"],"picked":"Barrage","floor":5},{"not_picked":["Darkness","Auto Shields"],"picked":"Creative AI","floor":7},{"not_picked":["Beam Cell","Leap"],"picked":"Loop","floor":10},{"not_picked":["Loop","Rebound"],"picked":"Steam","floor":11},{"not_picked":["Stack","Glacier","Beam Cell"],"picked":"SKIP","floor":12},{"not_picked":["Turbo","Rip and Tear"],"picked":"FTL","floor":13},{"not_picked":["Cold Snap","Beam Cell"],"picked":"Coolheaded","floor":14}],"player_experience":469893,"relics_obtained":[{"floor":9,"key":"Bag of Preparation"},{"floor":14,"key":"Boot"}],"event_choices":[{"event_name":"Scrap Ooze","player_choice":"success","floor":2,"damage_taken":12},{"event_name":"Upgrade Shrine","player_choice":"Upgraded","floor":8,"damage_taken":0}],"is_beta":false,"boss_relics":[],"items_purged_floors":[3],"is_endless":false,"potions_floor_spawned":[4,13,14],"killed_by":"Slime Boss","ascension_level":0}