{"gold_per_floor":[117,67,79,93,109,138,138,138,138,138,151,5,180,180,180,180],"floor_reached":16,"playtime":387,"items_purged":[],"score":170,"play_id":"8f351ada-0531-416f-b886-275ee8d075b7","local_time":"20190411232400","is_ascension_mode":true,"campfire_choices":[{"floor":7.0,"key":"REST"},{"data":"1","floor":10.0,"key":"LIFT"},{"floor":15.0,"key":"REST"}],"neow_cost":"PERCENT_DAMAGE","seed_source_timestamp":0,"circlet_count":0,"master_deck":["AscendersBane","Strike_B","Strike_B","Strike_B","Strike_B","Defend_B","Defend_B","Defend_B","Defend_B","Zap","Dualcast","Conserve Battery","Gash","Conserve Battery","Rebound","Thunder Strike","White Noise","Gash"],"special_seed":0,"relics":["Cracked Core","Nunchaku","Bottled Lightning","Girya","Oddly Smooth Stone"],"potions_floor_usage":[],"damage_taken":[{"damage":0.0,"enemies":"Small Slimes","floor":1.0,"turns":3.0},{"damage":0.0,"enemies":"2 Louse","floor":3.0,"turns":2.0},{"damage":1.0,"enemies":"Cultist","floor":4.0,"turns":4.0},{"damage":0.0,"enemies":"Looter","floor":5.0,"turns":4.0},{"damage":74.0,"enemies":"Gremlin Nob","floor":6.0,"turns":6.0},{"damage":9.0,"enemies":"Blue Slaver","floor":11.0,"turns":4.0},{"damage":42,"enemies":"Slime Boss","floor":16,"turns":7}],"seed_played":"6175734468781231728","potions_obtained":[{"floor":3.0,"key":"FairyPotion"},{"floor":6.0,"key":"Ancient Potion"}],"is_trial":false,"path_per_floor":["M","$","M","M","M","E","R","?","T","R","M","$","?","?","R","B"],"character_chosen":"DEFECT","items_purchased":["Gash","Oddly Smooth Stone"],"campfire_rested":2,"item_purchase_floors":[2,12],"current_hp_per_floor":[46,46,46,45,45,2,23,23,23,23,14,14,14,14,35,0],"gold":180,"neow_bonus":"ONE_RARE_RELIC","is_prod":false,"is_daily":false,"chose_seed":false,"campfire_upgraded":0,"win_rate":0,"timestamp":1555039440,"path_taken":["M","$","M","M","M","E","R","?","T","R","M","$","?","?","R","BOSS"],"build_version":"2019-01-23","purchased_purges":0,"victory":false,"max_hp_per_floor":[71,71,71,71,71,71,71,71,71,71,71,71,71,71,71,71],"card_choices":[{"not_picked":["Rebound","Double Energy"],"picked":"Conserve Battery","floor":1.0},{"not_picked":["Steam","Doom and Gloom"],"picked":"Conserve Battery","floor":3.0},{"not_picked":["Leap","Redo"],"picked":"Rebound","floor":4.0},{"not_picked":["Redo","Hologram"],"picked":"Thunder Strike","floor":5.0},{"not_picked":["Ball Lightning","Undo"],"picked":"White Noise","floor":6.0},{"not_picked":["Genetic Algorithm","Sweeping Beam"],"picked":"Gash","floor":11.0}],"player_experience":2690647,"relics_obtained":[{"floor":6.0,"key":"Bottled Lightning"},{"floor":9.0,"key":"Girya"}],"event_choices":[{"damage_healed":0.0,"max_hp_gain":0.0,"max_hp_loss":0.0,"gold_gain":0.0,"event_name":"Golden Wing","player_choice":"Ignored","floor":8.0,"gold_loss":0.0,"damage_taken":0.0},{"damage_healed":0.0,"max_hp_gain":0.0,"max_hp_loss":0.0,"gold_gain":175.0,"event_name":"Liars Game","player_choice":"AGREE","floor":13.0,"gold_loss":0.0,"damage_taken":0.0,"cards_obtained":["Doubt"]},{"cards_removed":["Doubt"],"damage_healed":0.0,"max_hp_gain":0.0,"max_hp_loss":0.0,"gold_gain":0.0,"event_name":"Living Wall","player_choice":"Forget","floor":14.0,"gold_loss":0.0,"damage_taken":0.0}],"is_beta":false,"boss_relics":[],"items_purged_floors":[],"is_endless":false,"potions_floor_spawned":[3,6],"killed_by":"Slime Boss","ascension_level":14}