{"gold_per_floor":[213,213,223,223,46,60,87,87,114,149,149,99,126,145,145,221,221,234,16,12,12,26,54,54,88,88,115,115,143,143,157,157,232,232,247,257,108,108,128,128,128,128,128,128,228,273,3,21,21,21],"floor_reached":51,"playtime":5017,"items_purged":["Strike_R","Strike_R","Dramatic Entrance+1"],"score":1203,"play_id":"7de38b59-aa89-4973-982b-d9600c08242e","local_time":"20190428133347","is_ascension_mode":true,"campfire_choices":[{"data":"Uppercut","floor":8,"key":"SMITH"},{"data":"Bash","floor":11,"key":"SMITH"},{"floor":15,"key":"REST"},{"floor":24,"key":"REST"},{"data":"Seeing Red","floor":28,"key":"SMITH"},{"data":"Armaments","floor":32,"key":"SMITH"},{"floor":40,"key":"REST"},{"data":"Dramatic Entrance","floor":42,"key":"SMITH"},{"data":"Dramatic Entrance","floor":44,"key":"SMITH"},{"data":"Double Tap","floor":49,"key":"SMITH"}],"neow_cost":"NONE","seed_source_timestamp":598040191823671,"circlet_count":0,"master_deck":["AscendersBane","Strike_R","Strike_R","Defend_R","Defend_R","Defend_R","Defend_R","Bash+1","Cleave","Anger","Inflame","Ghostly Armor","Uppercut+1","Ghostly Armor+1","Sword Boomerang","Shrug It Off","Limit Break+1","Seeing Red+1","Bloodletting+1","Flame Barrier+1","Reaper","Rage","Iron Wave","Armaments+1","Double Tap+1","Rage","Sword Boomerang+1","Dramatic Entrance+1","Flash of Steel","Feel No Pain"],"relics":["Burning Blood","Juzu Bracelet","Happy Flower","Centennial Puzzle","Strawberry","Odd Mushroom","Runic Pyramid","Tiny Chest","War Paint","Self Forming Clay","Champion Belt","Dream Catcher","Art of War","Velvet Choker","Oddly Smooth Stone","Potion Belt","Gambling Chip","Ice Cream","Red Skull"],"potions_floor_usage":[10,10,23,27,33,50],"damage_taken":[{"damage":4,"enemies":"2 Louse","floor":1,"turns":4},{"damage":10,"enemies":"Small Slimes","floor":3,"turns":4},{"damage":1,"enemies":"Cultist","floor":6,"turns":3},{"damage":32,"enemies":"Gremlin Nob","floor":7,"turns":4},{"damage":8,"enemies":"3 Sentries","floor":10,"turns":5},{"damage":22,"enemies":"The Mushroom Lair","floor":13,"turns":5},{"damage":7,"enemies":"2 Fungi Beasts","floor":14,"turns":3},{"damage":32,"enemies":"The Guardian","floor":16,"turns":9},{"damage":2,"enemies":"Chosen","floor":18,"turns":4},{"damage":14,"enemies":"2 Thieves","floor":20,"turns":4},{"damage":21,"enemies":"Shelled Parasite and Fungi","floor":22,"turns":4},{"damage":28,"enemies":"Book of Stabbing","floor":23,"turns":5},{"damage":40,"enemies":"Slavers","floor":25,"turns":6},{"damage":7,"enemies":"Book of Stabbing","floor":27,"turns":5},{"damage":79,"enemies":"Gremlin Leader","floor":29,"turns":7},{"damage":10,"enemies":"Centurion and Healer","floor":31,"turns":5},{"damage":3,"enemies":"Champ","floor":33,"turns":12},{"damage":74,"enemies":"3 Darklings","floor":35,"turns":6},{"damage":12,"enemies":"Orb Walker","floor":36,"turns":3},{"damage":10,"enemies":"Jaw Worm Horde","floor":39,"turns":5},{"damage":3,"enemies":"Mind Bloom Boss Battle","floor":45,"turns":6},{"damage":58,"enemies":"2 Orb Walkers","floor":46,"turns":7},{"damage":10,"enemies":"Transient","floor":48,"turns":5},{"damage":66,"enemies":"Donu and Deca","floor":50,"turns":10}],"seed_played":"-7445435646616894237","potions_obtained":[{"floor":1,"key":"EntropicBrew"},{"floor":4,"key":"PowerPotion"},{"floor":4,"key":"PowerPotion"},{"floor":20,"key":"Poison Potion"},{"floor":23,"key":"FairyPotion"},{"floor":25,"key":"Energy Potion"},{"floor":29,"key":"PowerPotion"},{"floor":36,"key":"SkillPotion"},{"floor":45,"key":"Swift Potion"},{"floor":46,"key":"Strength Potion"}],"is_trial":false,"path_per_floor":["M","?","M","?","$","M","E","R","T","E","R","?","?","M","R","B",null,"M","$","M","?","M","E","R","E","T","E","R","E","?","M","R","B",null,"M","M","$","?","M","R","?","R","T","R","?","?","$","M","R","B",null],"character_chosen":"IRONCLAD","items_purchased":["Anger","Inflame","Tiny Chest","Oddly Smooth Stone","Red Skull"],"campfire_rested":3,"item_purchase_floors":[5,5,19,37,47],"current_hp_per_floor":[74,71,67,67,67,72,46,46,46,51,51,51,35,34,60,34,74,78,78,70,70,55,33,59,54,54,65,65,14,43,59,59,77,85,52,46,46,36,39,65,65,65,65,65,86,44,44,61,61,9],"gold":21,"neow_bonus":"HUNDRED_GOLD","is_prod":false,"is_daily":false,"chose_seed":false,"campfire_upgraded":7,"win_rate":0,"timestamp":1556451227,"path_taken":["M","?","M","?","$","M","E","R","T","E","R","?","?","M","R","BOSS","M","$","M","?","M","E","R","E","T","E","R","E","?","M","R","BOSS","M","M","$","?","M","R","?","R","T","R","?","?","$","M","R","BOSS"],"build_version":"2019-04-23","purchased_purges":3,"victory":true,"max_hp_per_floor":[80,80,80,80,80,80,80,80,80,87,87,87,87,87,87,87,87,87,87,87,87,87,87,87,87,87,87,87,87,87,87,87,87,87,87,87,87,87,87,87,87,87,87,87,87,87,87,87,87,87],"card_choices":[{"not_picked":["Evolve","Intimidate"],"picked":"Cleave","floor":1},{"not_picked":["Clothesline","Shrug It Off"],"picked":"Inflame","floor":3},{"not_picked":["Perfected Strike","Searing Blow"],"picked":"Ghostly Armor","floor":6},{"not_picked":["Wild Strike","Thunderclap"],"picked":"Uppercut","floor":7},{"not_picked":["Clash","Dropkick"],"picked":"Ghostly Armor","floor":10},{"not_picked":["Havoc","Anger"],"picked":"Sword Boomerang","floor":13},{"not_picked":["Rampage","Reckless Charge"],"picked":"Shrug It Off","floor":14},{"not_picked":["Barricade","Dark Embrace"],"picked":"Limit Break","floor":16},{"not_picked":["Clash+1","Thunderclap"],"picked":"Seeing Red","floor":18},{"not_picked":["Havoc","Cleave"],"picked":"Bloodletting+1","floor":20},{"not_picked":["Sentinel","Power Through"],"picked":"Flame Barrier","floor":22},{"not_picked":["Headbutt","Pommel Strike"],"picked":"Reaper","floor":23},{"not_picked":["Body Slam","True Grit"],"picked":"Rage","floor":25},{"not_picked":["Juggernaut","Combust"],"picked":"Iron Wave","floor":27},{"not_picked":["Flex","Headbutt"],"picked":"Armaments","floor":29},{"not_picked":["Wild Strike","Anger","Blood for Blood"],"picked":"SKIP","floor":31},{"not_picked":["Fiend Fire","Immolate"],"picked":"Double Tap","floor":33},{"not_picked":["Armaments","Sword Boomerang"],"picked":"Rage","floor":35},{"not_picked":["Pommel Strike+1","Blood for Blood"],"picked":"Sword Boomerang+1","floor":36},{"not_picked":["Mayhem","Impatience"],"picked":"Dramatic Entrance","floor":38},{"not_picked":["Panacea","Impatience"],"picked":"Flash of Steel","floor":38},{"not_picked":["Metamorphosis","Master of Strategy"],"picked":"Dramatic Entrance","floor":38},{"not_picked":["Sword Boomerang","Reckless Charge","Havoc"],"picked":"SKIP","floor":39},{"not_picked":["Pommel Strike","Bloodletting"],"picked":"Feel No Pain","floor":45},{"not_picked":["Whirlwind","Headbutt","Armaments+1"],"picked":"SKIP","floor":48}],"player_experience":1272188,"relics_obtained":[{"floor":7,"key":"Happy Flower"},{"floor":9,"key":"Centennial Puzzle"},{"floor":10,"key":"Strawberry"},{"floor":13,"key":"Odd Mushroom"},{"floor":23,"key":"War Paint"},{"floor":25,"key":"Self Forming Clay"},{"floor":26,"key":"Champion Belt"},{"floor":27,"key":"Dream Catcher"},{"floor":29,"key":"Art of War"},{"floor":43,"key":"Potion Belt"},{"floor":45,"key":"Gambling Chip"},{"floor":46,"key":"Ice Cream"}],"event_choices":[{"damage_healed":0,"gold_gain":0,"player_choice":"Success","damage_taken":3,"relics_obtained":["Juzu Bracelet"],"max_hp_gain":0,"max_hp_loss":0,"event_name":"Scrap Ooze","floor":2,"gold_loss":0},{"damage_healed":0,"gold_gain":0,"player_choice":"Got Potions","damage_taken":0,"max_hp_gain":0,"max_hp_loss":0,"event_name":"Lab","floor":4,"gold_loss":0},{"cards_removed":["Strike_R"],"damage_healed":0,"gold_gain":0,"player_choice":"Card Removal","damage_taken":0,"max_hp_gain":0,"max_hp_loss":0,"event_name":"The Cleric","floor":12,"gold_loss":50},{"damage_healed":0,"gold_gain":0,"player_choice":"Fought Mushrooms","damage_taken":0,"max_hp_gain":0,"max_hp_loss":0,"event_name":"Mushrooms","floor":13,"gold_loss":0},{"damage_healed":0,"gold_gain":0,"player_choice":"Upgraded","damage_taken":0,"max_hp_gain":0,"max_hp_loss":0,"event_name":"Upgrade Shrine","floor":21,"gold_loss":0,"cards_upgraded":["Limit Break"]},{"damage_healed":29,"gold_gain":0,"player_choice":"Heal","damage_taken":0,"max_hp_gain":0,"max_hp_loss":0,"event_name":"The Library","floor":30,"gold_loss":0},{"damage_healed":0,"gold_gain":0,"player_choice":"Memory 3","damage_taken":10,"max_hp_gain":0,"max_hp_loss":0,"event_name":"SensoryStone","floor":38,"gold_loss":0},{"cards_removed":["Inflame"],"damage_healed":0,"gold_gain":0,"player_choice":"Removed Power","damage_taken":0,"max_hp_gain":0,"max_hp_loss":0,"event_name":"Falling","floor":41,"gold_loss":0},{"damage_healed":0,"gold_gain":0,"player_choice":"Fight","damage_taken":0,"max_hp_gain":0,"max_hp_loss":0,"event_name":"MindBloom","floor":45,"gold_loss":0},{"damage_healed":0,"gold_gain":0,"player_choice":"Fight","damage_taken":0,"max_hp_gain":0,"max_hp_loss":0,"event_name":"Mysterious Sphere","floor":46,"gold_loss":0}],"is_beta":true,"boss_relics":[{"not_picked":["Pandora\u0027s Box","Calling Bell"],"picked":"Runic Pyramid"},{"not_picked":["Runic Cube","Runic Dome"],"picked":"Velvet Choker"}],"items_purged_floors":[5,19,47],"is_endless":false,"potions_floor_spawned":[1,6,7,20,23,25,29,36,45,46],"ascension_level":13}