{"gold_per_floor":[113,113,126,25,125,125,151,151,203,203,216,235,250,261,261,337,337,353,278,12,27,27],"floor_reached":22,"playtime":781,"items_purged":[],"score":390,"play_id":"d56ded24-88e3-4091-ae79-014586b17263","local_time":"20190502222715","is_ascension_mode":true,"campfire_choices":[{"data":"Go for the Eyes","floor":6,"key":"SMITH"},{"data":"Hologram","floor":8,"key":"SMITH"},{"data":"Zap","floor":10,"key":"SMITH"},{"data":"Hologram","floor":15,"key":"SMITH"}],"neow_cost":"NONE","seed_source_timestamp":979902678526453,"circlet_count":0,"master_deck":["AscendersBane","Strike_B","Strike_B","Strike_B","Strike_B","Defend_B","Defend_B","Defend_B","Defend_B","Zap+1","Dualcast","Go for the Eyes+1","Gash","Gash","Steam","Hologram+1","Leap","Hologram+1","Go for the Eyes","Machine Learning","Undo","Fusion"],"relics":["Cracked Core","NeowsBlessing","WarpedTongs","Potion Belt","Centennial Puzzle","Sozu","Kunai"],"potions_floor_usage":[16,16,16,18],"damage_taken":[{"damage":0,"enemies":"Jaw Worm","floor":1,"turns":1},{"damage":0,"enemies":"Cultist","floor":3,"turns":1},{"damage":0,"enemies":"Lagavulin","floor":7,"turns":1},{"damage":7,"enemies":"2 Louse","floor":11,"turns":2},{"damage":8,"enemies":"Large Slime","floor":12,"turns":5},{"damage":0,"enemies":"Looter","floor":13,"turns":2},{"damage":8,"enemies":"Exordium Wildlife","floor":14,"turns":4},{"damage":11,"enemies":"Slime Boss","floor":16,"turns":7},{"damage":15,"enemies":"3 Byrds","floor":18,"turns":5},{"damage":16,"enemies":"Shell Parasite","floor":21,"turns":5},{"damage":33,"enemies":"Masked Bandits","floor":22,"turns":3}],"seed_played":"-1186886903897802981","potions_obtained":[{"floor":1,"key":"Dexterity Potion"},{"floor":3,"key":"Strength Potion"},{"floor":14,"key":"Explosive Potion"},{"floor":16,"key":"Explosive Potion"}],"is_trial":false,"path_per_floor":["M","?","M","$","?","R","E","R","T","R","M","M","M","M","R","B",null,"M","?","$","M","?"],"character_chosen":"DEFECT","items_purchased":["Gash","Steam","Kunai"],"campfire_rested":0,"item_purchase_floors":[4,4,20],"current_hp_per_floor":[64,64,64,64,64,64,64,64,64,64,57,49,49,41,41,30,61,46,46,46,30,0],"gold":27,"neow_bonus":"THREE_ENEMY_KILL","is_prod":false,"is_daily":false,"chose_seed":false,"campfire_upgraded":4,"win_rate":0,"timestamp":1556828835,"path_taken":["M","?","?","$","?","R","E","R","T","R","M","M","?","M","R","BOSS","M","?","$","M","?"],"build_version":"2019-04-23","purchased_purges":0,"victory":false,"max_hp_per_floor":[71,71,71,71,71,71,71,71,71,71,71,71,71,71,71,71,71,71,71,71,71,71],"card_choices":[{"not_picked":["Storm","Consume"],"picked":"Go for the Eyes","floor":1},{"not_picked":["FTL","Cold Snap"],"picked":"Gash","floor":3},{"not_picked":["Ball Lightning","Steam Power"],"picked":"Hologram","floor":7},{"not_picked":["Barrage","Rebound"],"picked":"Leap","floor":11},{"not_picked":["Stack","Streamline","Rip and Tear"],"picked":"SKIP","floor":12},{"not_picked":["Recycle","Sunder"],"picked":"Hologram","floor":13},{"not_picked":["Beam Cell","Streamline"],"picked":"Go for the Eyes","floor":14},{"not_picked":["Biased Cognition","Rainbow"],"picked":"Machine Learning","floor":16},{"not_picked":["Barrage","Lockon"],"picked":"Undo","floor":18},{"not_picked":["Reprogram","Leap"],"picked":"Fusion","floor":21}],"player_experience":1447188,"relics_obtained":[{"floor":7,"key":"Potion Belt"},{"floor":9,"key":"Centennial Puzzle"}],"event_choices":[{"damage_healed":0,"gold_gain":0,"player_choice":"Rummage","damage_taken":0,"relics_obtained":["WarpedTongs"],"max_hp_gain":0,"max_hp_loss":0,"event_name":"Accursed Blacksmith","floor":2,"gold_loss":0,"cards_obtained":["Pain"]},{"damage_healed":0,"gold_gain":100,"player_choice":"Gold","damage_taken":0,"max_hp_gain":0,"max_hp_loss":0,"event_name":"Wheel of Change","floor":5,"gold_loss":0},{"cards_removed":["Pain"],"damage_healed":0,"gold_gain":0,"player_choice":"Gave Gold","damage_taken":0,"max_hp_gain":0,"max_hp_loss":0,"event_name":"Beggar","floor":19,"gold_loss":75},{"damage_healed":0,"gold_gain":0,"player_choice":"Fought Bandits","damage_taken":0,"max_hp_gain":0,"max_hp_loss":0,"event_name":"Masked Bandits","floor":22,"gold_loss":0}],"is_beta":true,"boss_relics":[{"not_picked":["Snecko Eye","FrozenCore"],"picked":"Sozu"}],"items_purged_floors":[],"is_endless":false,"potions_floor_spawned":[1,3,14,16,21],"killed_by":"Masked Bandits","ascension_level":17}