{"gold_per_floor":[111,24,24,24,24,63,5,5,5,5,25,56,76,89,89,182,182,200,200,27,43,43,43,77,77,77,77,95,95,115,41,41,134,134,153,153,171,194,194],"floor_reached":39,"playtime":1303,"items_purged":[],"score":867,"play_id":"10cd1fc4-ff46-41c7-88c7-f892bd4a0233","local_time":"20190511114235","is_ascension_mode":true,"campfire_choices":[{"data":"Coolheaded","floor":8,"key":"SMITH"},{"data":"Doom and Gloom","floor":10,"key":"SMITH"},{"data":"Stack","floor":15,"key":"SMITH"},{"floor":23,"key":"REST"},{"floor":25,"key":"REST"},{"floor":27,"key":"REST"},{"floor":32,"key":"REST"}],"neow_cost":"NONE","seed_source_timestamp":1718300228526649,"circlet_count":0,"master_deck":["AscendersBane","Strike_B","Strike_B","Strike_B","Defend_B","Defend_B","Defend_B","Defend_B","Zap+1","Dualcast","Ball Lightning","Ball Lightning","Coolheaded+1","Doom and Gloom+1","Steam","Stack+1","Leap","Loop","Electrodynamics","Steam","White Noise","Beam Cell+1","Compile Driver","Ball Lightning","Conserve Battery","Self Repair","Conserve Battery","Ball Lightning+1","Buffer","Ball Lightning","Go for the Eyes+1","Defragment"],"relics":["Cracked Core","NeowsBlessing","Golden Idol","Ginger","Pen Nib","Sundial","Fusion Hammer","DataDisk","Dream Catcher","The Courier","Sozu","Meat on the Bone"],"potions_floor_usage":[12,16,18,24,33,37],"damage_taken":[{"damage":0,"enemies":"Cultist","floor":1,"turns":1},{"damage":0,"enemies":"3 Sentries","floor":6,"turns":2},{"damage":0,"enemies":"Small Slimes","floor":11,"turns":1},{"damage":47,"enemies":"Gremlin Nob","floor":12,"turns":4},{"damage":7,"enemies":"Jaw Worm","floor":13,"turns":3},{"damage":0,"enemies":"Red Slaver","floor":14,"turns":3},{"damage":12,"enemies":"Hexaghost","floor":16,"turns":9},{"damage":20,"enemies":"3 Byrds","floor":18,"turns":3},{"damage":22,"enemies":"2 Thieves","floor":21,"turns":3},{"damage":21,"enemies":"Slavers","floor":24,"turns":3},{"damage":1,"enemies":"3 Cultists","floor":28,"turns":3},{"damage":20,"enemies":"Snecko","floor":30,"turns":4},{"damage":48,"enemies":"Automaton","floor":33,"turns":8},{"damage":26,"enemies":"Orb Walker","floor":35,"turns":4},{"damage":4,"enemies":"3 Shapes","floor":37,"turns":5},{"damage":13,"enemies":"3 Darklings","floor":38,"turns":3},{"damage":45,"enemies":"2 Orb Walkers","floor":39,"turns":2}],"seed_played":"7040523363621678116","potions_obtained":[{"floor":6,"key":"Fruit Juice"},{"floor":11,"key":"EssenceOfSteel"},{"floor":13,"key":"Weak Potion"},{"floor":14,"key":"AttackPotion"},{"floor":16,"key":"LiquidBronze"},{"floor":18,"key":"SmokeBomb"},{"floor":30,"key":"GamblersBrew"},{"floor":33,"key":"Explosive Potion"}],"is_trial":false,"path_per_floor":["M","$","?","$","?","E","$","R","T","R","M","E","M","M","R","B",null,"M","?","$","M","?","R","E","R","T","R","M","?","M","$","R","B",null,"M","?","M","M","?"],"character_chosen":"DEFECT","items_purchased":["Ball Lightning","Coolheaded","Steam","DataDisk","Self Repair","Conserve Battery"],"campfire_rested":4,"item_purchase_floors":[2,2,7,20,31,31],"current_hp_per_floor":[64,64,64,64,64,64,64,64,64,64,64,22,15,15,15,3,53,33,33,33,11,11,31,10,30,30,50,49,49,29,29,49,8,54,35,35,50,37,0],"gold":194,"neow_bonus":"THREE_ENEMY_KILL","is_prod":false,"is_daily":false,"chose_seed":false,"campfire_upgraded":3,"win_rate":0,"timestamp":1557567755,"path_taken":["M","?","?","$","?","E","$","R","T","R","M","E","M","M","R","BOSS","M","?","$","?","?","R","E","R","T","R","M","?","M","$","R","BOSS","M","?","?","M","?"],"build_version":"2019-05-07","purchased_purges":0,"victory":false,"max_hp_per_floor":[71,71,64,64,64,64,64,64,64,64,64,69,69,69,69,69,69,69,69,69,69,69,69,69,69,69,69,69,69,69,69,69,69,69,69,69,69,69,69],"card_choices":[{"not_picked":["Scrape","Conserve Battery"],"picked":"Ball Lightning","floor":1},{"not_picked":["Gash","Conserve Battery"],"picked":"Doom and Gloom","floor":6},{"not_picked":["Turbo","Meteor Strike"],"picked":"Stack","floor":11},{"not_picked":["Barrage","Turbo","Hologram"],"picked":"SKIP","floor":12},{"not_picked":["White Noise","Meteor Strike"],"picked":"Leap","floor":13},{"not_picked":["Streamline","Consume"],"picked":"Loop","floor":14},{"not_picked":["All For One","Biased Cognition"],"picked":"Electrodynamics","floor":16},{"not_picked":["Hologram","Rebound"],"picked":"Steam","floor":18},{"not_picked":["Gash","Hologram","Scrape"],"picked":"SKIP","floor":21},{"not_picked":["Rebound+1","Amplify"],"picked":"White Noise","floor":24},{"not_picked":["Steam Power+1","Steam"],"picked":"Beam Cell+1","floor":25},{"not_picked":["Turbo","Genetic Algorithm"],"picked":"Compile Driver","floor":27},{"not_picked":["Static Discharge","Leap"],"picked":"Ball Lightning","floor":28},{"not_picked":["Go for the Eyes","Heatsinks"],"picked":"Conserve Battery","floor":30},{"not_picked":["Redo+1","Conserve Battery"],"picked":"Ball Lightning+1","floor":32},{"not_picked":["Fission","Amplify"],"picked":"Buffer","floor":33},{"not_picked":["Streamline+1","Rebound"],"picked":"Ball Lightning","floor":35},{"not_picked":["Chill","Heatsinks"],"picked":"Go for the Eyes+1","floor":37},{"not_picked":["Chaos","Gash+1"],"picked":"Defragment","floor":38}],"player_experience":1775022,"relics_obtained":[{"floor":6,"key":"Ginger"},{"floor":9,"key":"Pen Nib"},{"floor":12,"key":"Sundial"},{"floor":24,"key":"Dream Catcher"},{"floor":26,"key":"The Courier"}],"event_choices":[{"damage_healed":0,"gold_gain":0,"player_choice":"Lose Max HP","damage_taken":0,"relics_obtained":["Golden Idol"],"max_hp_gain":0,"max_hp_loss":7,"event_name":"Golden Idol","floor":3,"gold_loss":0},{"damage_healed":0,"gold_gain":0,"player_choice":"Grow","damage_taken":0,"max_hp_gain":0,"max_hp_loss":0,"event_name":"Living Wall","floor":5,"gold_loss":0,"cards_upgraded":["Zap"]},{"damage_healed":0,"gold_gain":0,"player_choice":"Ignored","damage_taken":0,"max_hp_gain":0,"max_hp_loss":0,"event_name":"N\u0027loth","floor":19,"gold_loss":0},{"cards_removed":["Strike_B"],"damage_healed":0,"gold_gain":0,"player_choice":"Offered Basic","damage_taken":0,"max_hp_gain":0,"max_hp_loss":0,"event_name":"Bonfire Elementals","floor":29,"gold_loss":0},{"damage_healed":0,"gold_gain":0,"player_choice":"Gave Potion","damage_taken":0,"relics_obtained":["Meat on the Bone"],"max_hp_gain":0,"max_hp_loss":0,"event_name":"WeMeetAgain","floor":36,"gold_loss":0},{"damage_healed":0,"gold_gain":0,"player_choice":"Fight","damage_taken":0,"max_hp_gain":0,"max_hp_loss":0,"event_name":"Mysterious Sphere","floor":39,"gold_loss":0}],"is_beta":true,"boss_relics":[{"not_picked":["Empty Cage","Tiny House"],"picked":"Fusion Hammer"},{"not_picked":["Cursed Key","Runic Dome"],"picked":"Sozu"}],"items_purged_floors":[],"is_endless":false,"potions_floor_spawned":[6,11,13,14,16,18,30,33],"killed_by":"2 Orb Walkers","ascension_level":19}