{"gold_per_floor":[368,368,443,459,459,459,470,470,470,484,484,495,9,23,23,119,119,131,131,148,158,22,22,34,34,34,44,55,68,82,82,82,177,177,187,198,198,217,236,236,264,57,57,57,57],"floor_reached":45,"playtime":3032,"items_purged":["Strike_B","Regret","Strike_B"],"score":529,"play_id":"3967f107-a85f-4b1f-81b6-be460ddc3375","local_time":"20181023181125","is_ascension_mode":true,"campfire_choices":[{"floor":6,"key":"REST"},{"data":"Zap","floor":8,"key":"SMITH"},{"data":"Conserve Battery","floor":11,"key":"SMITH"},{"data":"Apotheosis","floor":15,"key":"SMITH"},{"data":"FTL","floor":23,"key":"SMITH"},{"data":"Go for the Eyes","floor":25,"key":"SMITH"},{"floor":32,"key":"REST"},{"floor":40,"key":"REST"}],"neow_cost":"PERCENT_DAMAGE","seed_source_timestamp":90333079327700,"circlet_count":0,"master_deck":["Strike_B+1","Defend_B","Defend_B+1","Defend_B+1","Defend_B","Zap+1","Dualcast+1","Self Repair","Static Discharge","Conserve Battery+1","Auto Shields","Go for the Eyes+1","Apotheosis+1","Hologram","All For One","BootSequence","Hologram","FTL+1","Sweeping Beam","FTL","Compile Driver","Skim+1","Barrage","All For One","Chill+1","Rebound+1","Defragment","Hologram","Swift Strike+1"],"relics":["FrozenCore","War Paint","Mummified Hand","Symbiotic Virus","Nuclear Battery","Blue Candle","Molten Egg 2","Bottled Lightning"],"potions_floor_usage":[18,33,33,33],"damage_taken":[{"damage":0,"enemies":"2 Louse","floor":1,"turns":1},{"damage":7,"enemies":"Small Slimes","floor":4,"turns":3},{"damage":0,"enemies":"Jaw Worm","floor":7,"turns":3},{"damage":14,"enemies":"Blue Slaver","floor":10,"turns":3},{"damage":16,"enemies":"Lots of Slimes","floor":12,"turns":3},{"damage":2,"enemies":"Large Slime","floor":14,"turns":5},{"damage":26,"enemies":"The Guardian","floor":16,"turns":12},{"damage":14,"enemies":"2 Thieves","floor":18,"turns":4},{"damage":2,"enemies":"3 Byrds","floor":20,"turns":6},{"damage":16,"enemies":"3 Cultists","floor":21,"turns":5},{"damage":12,"enemies":"Shelled Parasite and Fungi","floor":24,"turns":8},{"damage":6,"enemies":"Centurion and Healer","floor":27,"turns":5},{"damage":0,"enemies":"3 Cultists","floor":28,"turns":5},{"damage":0,"enemies":"Snecko","floor":29,"turns":5},{"damage":25,"enemies":"Shelled Parasite and Fungi","floor":30,"turns":4},{"damage":39,"enemies":"Collector","floor":33,"turns":9},{"damage":0,"enemies":"Orb Walker","floor":35,"turns":3},{"damage":6,"enemies":"3 Shapes","floor":36,"turns":4},{"damage":34,"enemies":"Jaw Worm Horde","floor":38,"turns":4},{"damage":20,"enemies":"4 Shapes","floor":39,"turns":7},{"damage":20,"enemies":"Reptomancer","floor":41,"turns":12},{"damage":63,"enemies":"Nemesis","floor":45,"turns":6}],"seed_played":"7695234710883988646","potions_obtained":[{"floor":4,"key":"Fire Potion"},{"floor":14,"key":"Explosive Potion"},{"floor":16,"key":"Dexterity Potion"},{"floor":24,"key":"Regen Potion"},{"floor":27,"key":"Poison Potion"},{"floor":29,"key":"PowerPotion"},{"floor":33,"key":"FearPotion"},{"floor":38,"key":"Ancient Potion"},{"floor":41,"key":"Ancient Potion"}],"is_trial":false,"path_per_floor":["M","?","?","M","?","R","M","R","T","M","R","M","$","M","R","B",null,"M","?","M","M","$","R","M","R","T","M","M","M","M","?","R","B",null,"M","M","?","M","M","R","E","$","T","?"],"character_chosen":"DEFECT","items_purchased":["Apotheosis","Symbiotic Virus","FTL","Swift Strike+1"],"campfire_rested":3,"item_purchase_floors":[13,13,22,42],"current_hp_per_floor":[54,39,28,28,28,50,57,57,57,50,50,41,41,49,49,33,75,71,71,75,69,69,69,67,67,67,71,75,75,60,46,70,46,80,80,80,80,56,46,70,60,60,60,60,0],"gold":57,"neow_bonus":"TWO_FIFTY_GOLD","is_prod":false,"is_daily":false,"chose_seed":false,"campfire_upgraded":5,"win_rate":0,"timestamp":1540332685,"path_taken":["M","?","?","?","?","R","M","R","T","M","R","M","?","M","R","BOSS","M","?","?","M","$","R","M","R","T","M","?","M","M","?","R","BOSS","M","?","?","M","M","R","E","$","T","?","E"],"build_version":"2018-10-18","purchased_purges":3,"victory":false,"max_hp_per_floor":[75,75,75,75,75,75,75,75,75,75,75,75,75,75,75,75,75,75,75,75,75,75,75,75,75,75,75,75,75,75,80,80,80,80,80,80,80,80,80,80,80,80,80,80,80],"card_choices":[{"not_picked":["Beam Cell","Go for the Eyes"],"picked":"Self Repair","floor":1},{"not_picked":["Redo","Steam"],"picked":"Static Discharge","floor":4},{"not_picked":["Leap","Barrage"],"picked":"Conserve Battery","floor":7},{"not_picked":["Coolheaded","Rebound"],"picked":"Auto Shields","floor":10},{"not_picked":["Steam Power","Streamline"],"picked":"Go for the Eyes","floor":12},{"not_picked":["Fission","Gash"],"picked":"Hologram","floor":14},{"not_picked":["Core Surge","Reboot"],"picked":"All For One","floor":16},{"not_picked":["Beam Cell+1","Hologram+1"],"picked":"BootSequence","floor":18},{"not_picked":["Lockon","Force Field"],"picked":"Leap+1","floor":20},{"not_picked":["Ball Lightning","Rebound+1"],"picked":"Hologram","floor":21},{"not_picked":["Sunder","Aggregate"],"picked":"Sweeping Beam","floor":24},{"not_picked":["Rainbow","Cold Snap+1"],"picked":"FTL","floor":27},{"not_picked":["Conserve Battery","Chill"],"picked":"Compile Driver","floor":28},{"not_picked":["Ball Lightning","Rip and Tear+1"],"picked":"Skim+1","floor":29},{"not_picked":["Auto Shields","Cold Snap"],"picked":"Barrage","floor":30},{"not_picked":["Multi-Cast","Seek"],"picked":"All For One","floor":33},{"not_picked":["Reinforced Body","Leap"],"picked":"Chill+1","floor":35},{"not_picked":["Coolheaded","Double Energy+1"],"picked":"Rebound+1","floor":36},{"not_picked":["Turbo+1","Redo+1"],"picked":"Defragment","floor":38},{"not_picked":["Go for the Eyes","Ball Lightning"],"picked":"Hologram","floor":39},{"not_picked":["Cold Snap+1","Tempest","Rebound"],"picked":"SKIP","floor":41}],"player_experience":1360212,"relics_obtained":[{"floor":9,"key":"Mummified Hand"},{"floor":26,"key":"Blue Candle"},{"floor":41,"key":"Molten Egg 2"},{"floor":43,"key":"Bottled Lightning"}],"event_choices":[{"damage_healed":0,"gold_gain":0,"player_choice":"Entered Light","damage_taken":15,"max_hp_gain":0,"max_hp_loss":0,"event_name":"Shining Light","floor":2,"gold_loss":0,"cards_upgraded":["Strike_B","Defend_B"]},{"damage_healed":0,"gold_gain":75,"player_choice":"Gather Gold","damage_taken":11,"max_hp_gain":0,"max_hp_loss":0,"event_name":"World of Goop","floor":3,"gold_loss":0},{"damage_healed":0,"gold_gain":0,"player_choice":"Box","damage_taken":0,"relics_obtained":["War Paint"],"max_hp_gain":0,"max_hp_loss":0,"event_name":"Big Fish","floor":5,"gold_loss":0,"cards_obtained":["Regret"]},{"cards_removed":["Strike_B"],"damage_healed":0,"gold_gain":0,"player_choice":"Elegance","damage_taken":0,"max_hp_gain":0,"max_hp_loss":0,"event_name":"Back to Basics","floor":19,"gold_loss":0},{"damage_healed":0,"gold_gain":0,"player_choice":"Shed Blood","damage_taken":19,"max_hp_gain":5,"max_hp_loss":0,"event_name":"Forgotten Altar","floor":31,"gold_loss":0},{"damage_healed":0,"gold_gain":0,"player_choice":"Ignored","damage_taken":0,"max_hp_gain":0,"max_hp_loss":0,"event_name":"Tomb of Lord Red Mask","floor":37,"gold_loss":0},{"cards_removed":["Leap"],"damage_healed":0,"gold_gain":0,"player_choice":"Removed Skill","damage_taken":0,"max_hp_gain":0,"max_hp_loss":0,"event_name":"Falling","floor":44,"gold_loss":0}],"is_beta":false,"boss_relics":[{"not_picked":["Snecko Eye","Pandora\u0027s Box"],"picked":"Nuclear Battery"},{"not_picked":["Runic Pyramid","Lizard Tail"],"picked":"FrozenCore"}],"items_purged_floors":[13,22,42],"is_endless":false,"potions_floor_spawned":[4,14,16,24,27,29,30,33,38,41],"killed_by":"Nemesis","ascension_level":4}