{"gold_per_floor":[112,262,262,51,66,66,101,101,101,116,135,135,163,177,177,255,255,266,23,23,23,85,118,168,168,245,295],"floor_reached":27,"playtime":1121,"items_purged":["Strike_G","Strike_G"],"score":502,"play_id":"88eee303-8ddf-46f3-9b57-d687d54763a0","local_time":"20190504221833","is_ascension_mode":true,"campfire_choices":[{"data":"Footwork","floor":8,"key":"SMITH"},{"data":"Caltrops","floor":12,"key":"SMITH"},{"floor":15,"key":"REST"},{"floor":25,"key":"REST"}],"neow_cost":"NONE","seed_source_timestamp":1151840981856342,"circlet_count":0,"master_deck":["AscendersBane","Defend_G+1","Defend_G+1","Defend_G+1","Defend_G+1","Defend_G+1","Strike_G+1","Strike_G+1","Strike_G+1","Survivor+1","Neutralize","Cloak And Dagger","Doubt","Caltrops+1","Footwork+1","Dodge and Roll+1","Caltrops","PiercingWail+1","Blur+1","Adrenaline+1","PiercingWail+1","Noxious Fumes","Backflip+1","Deflect+1","Adrenaline+1"],"relics":["Ring of the Snake","NeowsBlessing","Blue Candle","Tiny Chest","Bag of Preparation","Toxic Egg 2","Unceasing Top","Philosopher\u0027s Stone","SsserpentHead","Potion Belt","Enchiridion","The Courier"],"potions_floor_usage":[16,16,27,27],"damage_taken":[{"damage":0,"enemies":"Small Slimes","floor":1,"turns":1},{"damage":0,"enemies":"2 Louse","floor":5,"turns":1},{"damage":0,"enemies":"Lagavulin","floor":7,"turns":1},{"damage":3,"enemies":"Jaw Worm","floor":10,"turns":7},{"damage":1,"enemies":"2 Fungi Beasts","floor":11,"turns":6},{"damage":25,"enemies":"3 Sentries","floor":13,"turns":10},{"damage":0,"enemies":"3 Louse","floor":14,"turns":3},{"damage":16,"enemies":"Hexaghost","floor":16,"turns":11},{"damage":8,"enemies":"3 Byrds","floor":18,"turns":4},{"damage":3,"enemies":"Spheric Guardian","floor":22,"turns":6},{"damage":3,"enemies":"Book of Stabbing","floor":23,"turns":5},{"damage":2,"enemies":"Colosseum Slavers","floor":27,"turns":5},{"damage":41,"enemies":"Colosseum Nobs","floor":27,"turns":4}],"seed_played":"-147691592504321877","potions_obtained":[{"floor":5,"key":"PowerPotion"},{"floor":11,"key":"Strength Potion"},{"floor":16,"key":"Ancient Potion"},{"floor":18,"key":"PowerPotion"},{"floor":23,"key":"Block Potion"}],"is_trial":false,"path_per_floor":["M","?","?","$","M","?","E","R","T","M","M","R","E","M","R","B",null,"M","$","?","?","M","E","?","R","T","?"],"character_chosen":"THE_SILENT","items_purchased":["Tiny Chest","Noxious Fumes","Backflip+1"],"campfire_rested":2,"item_purchase_floors":[4,19,19],"current_hp_per_floor":[59,59,54,54,54,34,34,34,34,31,30,30,5,5,24,8,52,44,44,44,44,41,38,17,36,36,0],"gold":295,"neow_bonus":"THREE_ENEMY_KILL","is_prod":false,"is_daily":false,"chose_seed":false,"campfire_upgraded":2,"win_rate":0,"timestamp":1557001113,"path_taken":["M","?","?","$","?","?","E","R","T","M","M","R","E","M","R","BOSS","M","$","?","?","?","E","?","R","T","?"],"build_version":"2019-04-23","purchased_purges":2,"victory":false,"max_hp_per_floor":[66,66,66,66,66,66,66,66,66,66,66,66,66,66,66,66,66,66,66,66,66,66,66,66,66,66,66],"card_choices":[{"not_picked":["Flying Knee","Outmaneuver"],"picked":"Cloak And Dagger","floor":1},{"not_picked":["Bane","Dagger Spray"],"picked":"Caltrops","floor":5},{"not_picked":["Sucker Punch","Well Laid Plans"],"picked":"Footwork","floor":7},{"not_picked":["Riddle With Holes","All Out Attack"],"picked":"Dodge and Roll+1","floor":10},{"not_picked":["Dagger Throw","Quick Slash"],"picked":"Caltrops","floor":11},{"not_picked":["Wraith Form v2","Outmaneuver+1"],"picked":"PiercingWail+1","floor":13},{"not_picked":["Outmaneuver+1","Deflect+1"],"picked":"Blur+1","floor":14},{"not_picked":["Venomology+1","Wraith Form v2"],"picked":"Adrenaline+1","floor":16},{"not_picked":["Expertise+1","Bane"],"picked":"PiercingWail+1","floor":18},{"not_picked":["Deadly Poison+1","Infinite Blades+1"],"picked":"Deflect+1","floor":22},{"not_picked":["Dash","Dagger Spray+1"],"picked":"Adrenaline+1","floor":23}],"player_experience":1506190,"relics_obtained":[{"floor":7,"key":"Bag of Preparation"},{"floor":9,"key":"Toxic Egg 2"},{"floor":13,"key":"Unceasing Top"},{"floor":23,"key":"Potion Belt"},{"floor":24,"key":"Enchiridion"},{"floor":26,"key":"The Courier"}],"event_choices":[{"damage_healed":0,"gold_gain":150,"player_choice":"AGREE","damage_taken":0,"max_hp_gain":0,"max_hp_loss":0,"event_name":"Liars Game","floor":2,"gold_loss":0,"cards_obtained":["Doubt"]},{"damage_healed":0,"gold_gain":0,"player_choice":"Success","damage_taken":5,"relics_obtained":["Blue Candle"],"max_hp_gain":0,"max_hp_loss":0,"event_name":"Scrap Ooze","floor":3,"gold_loss":0},{"damage_healed":0,"gold_gain":0,"player_choice":"Entered Light","damage_taken":20,"max_hp_gain":0,"max_hp_loss":0,"event_name":"Shining Light","floor":6,"gold_loss":0,"cards_upgraded":["Survivor","Strike_G"]},{"damage_healed":0,"gold_gain":0,"player_choice":"Simplicity","damage_taken":0,"max_hp_gain":0,"max_hp_loss":0,"event_name":"Back to Basics","floor":20,"gold_loss":0,"cards_upgraded":["Defend_G","Defend_G","Defend_G","Defend_G","Defend_G","Strike_G","Strike_G"]},{"damage_healed":0,"gold_gain":0,"player_choice":"Trade","damage_taken":0,"relics_obtained":["SsserpentHead"],"max_hp_gain":0,"max_hp_loss":0,"event_name":"FaceTrader","floor":21,"gold_loss":0},{"damage_healed":0,"gold_gain":0,"player_choice":"Obtained Book","damage_taken":21,"max_hp_gain":0,"max_hp_loss":0,"event_name":"Cursed Tome","floor":24,"gold_loss":0},{"damage_healed":0,"gold_gain":0,"player_choice":"Fight","damage_taken":0,"max_hp_gain":0,"max_hp_loss":0,"event_name":"Colosseum","floor":27,"gold_loss":0},{"damage_healed":0,"gold_gain":0,"player_choice":"Fought Nobs","damage_taken":0,"max_hp_gain":0,"max_hp_loss":0,"event_name":"Colosseum","floor":27,"gold_loss":0}],"is_beta":true,"boss_relics":[{"not_picked":["Astrolabe","Pandora\u0027s Box"],"picked":"Philosopher\u0027s Stone"}],"items_purged_floors":[4,19],"is_endless":false,"potions_floor_spawned":[5,11,16,18,23,27],"killed_by":"Colosseum Nobs","ascension_level":18}