{"gold_per_floor":[109,109,119,136,59,59,89,89,89,89,100,100,100,114,114,185,185,196,196,196,207,16,16,30,30,112,131,148,148,148,159,159,234,234,252,271,196,214,229,229,229],"floor_reached":41,"playtime":1902,"items_purged":["Strike_B"],"score":691,"play_id":"05a876a6-32bf-4ac9-99f5-06c297f7fd16","local_time":"20190427182404","is_ascension_mode":true,"campfire_choices":[{"data":"Streamline","floor":6.0,"key":"SMITH"},{"data":"Scrape","floor":8.0,"key":"SMITH"},{"data":"Sweeping Beam","floor":12.0,"key":"SMITH"},{"data":"Beam Cell","floor":15.0,"key":"SMITH"},{"floor":23.0,"key":"REST"},{"floor":29.0,"key":"REST"},{"data":"Buffer","floor":32.0,"key":"SMITH"},{"floor":40.0,"key":"REST"}],"neow_cost":"NONE","seed_source_timestamp":0,"circlet_count":0,"master_deck":["AscendersBane","Strike_B","Strike_B","Defend_B","Defend_B+1","Defend_B","Defend_B","Zap","Dualcast+1","Gash+1","Reinforced Body","Streamline+1","Scrape+1","Leap","Sweeping Beam+1","Beam Cell+1","All For One","Gash","Reinforced Body+1","BootSequence","Necronomicurse","Scrape+1","Buffer+1","FTL+1","All For One","Hologram+1","Self Repair+1","Conserve Battery"],"special_seed":0,"relics":["Cracked Core","War Paint","Du-Vu Doll","Pear","Nuclear Battery","Letter Opener","Medical Kit","Necronomicon","Darkstone Periapt","Eternal Feather"],"potions_floor_usage":[41],"damage_taken":[{"damage":0.0,"enemies":"2 Louse","floor":1.0,"turns":2.0},{"damage":8.0,"enemies":"Small Slimes","floor":3.0,"turns":2.0},{"damage":0.0,"enemies":"Cultist","floor":4.0,"turns":4.0},{"damage":23.0,"enemies":"Lagavulin","floor":7.0,"turns":8.0},{"damage":4.0,"enemies":"Exordium Wildlife","floor":11.0,"turns":4.0},{"damage":0.0,"enemies":"Looter","floor":14.0,"turns":2.0},{"damage":27.0,"enemies":"The Guardian","floor":16.0,"turns":9.0},{"damage":13.0,"enemies":"Spheric Guardian","floor":18.0,"turns":4.0},{"damage":8.0,"enemies":"3 Byrds","floor":21.0,"turns":4.0},{"damage":2.0,"enemies":"Snecko","floor":24.0,"turns":5.0},{"damage":7.0,"enemies":"Cultist and Chosen","floor":27.0,"turns":4.0},{"damage":0.0,"enemies":"Snake Plant","floor":28.0,"turns":3.0},{"damage":3.0,"enemies":"3 Cultists","floor":31.0,"turns":6.0},{"damage":37.0,"enemies":"Automaton","floor":33.0,"turns":9.0},{"damage":0.0,"enemies":"Orb Walker","floor":35.0,"turns":1.0},{"damage":22.0,"enemies":"3 Darklings","floor":36.0,"turns":5.0},{"damage":0.0,"enemies":"Jaw Worm Horde","floor":38.0,"turns":3.0},{"damage":10.0,"enemies":"4 Shapes","floor":39.0,"turns":2.0},{"damage":88,"enemies":"Reptomancer","floor":41,"turns":6}],"seed_played":"-7768508070625607220","potions_obtained":[{"floor":4.0,"key":"PowerPotion"},{"floor":7.0,"key":"Block Potion"},{"floor":14.0,"key":"Poison Potion"},{"floor":24.0,"key":"FairyPotion"},{"floor":27.0,"key":"SpeedPotion"},{"floor":33.0,"key":"Swift Potion"},{"floor":35.0,"key":"SpeedPotion"},{"floor":38.0,"key":"SneckoOil"}],"is_trial":false,"path_per_floor":["M","?","M","M","$","R","E","R","T","?","M","R","?","M","R","B",null,"M","?","?","M","$","R","M","?","T","M","M","R","?","M","R","B",null,"M","M","$","M","M","R","E"],"character_chosen":"DEFECT","items_purchased":["Scrape","Medical Kit"],"campfire_rested":3,"item_purchase_floors":[5,22],"current_hp_per_floor":[64,64,56,56,56,56,33,33,43,43,39,39,32,32,32,5,62,49,49,49,41,41,65,63,42,42,35,35,59,59,56,56,19,66,66,44,44,54,44,81,0],"gold":229,"neow_bonus":"RANDOM_COMMON_RELIC","is_prod":false,"is_daily":false,"chose_seed":false,"campfire_upgraded":5,"win_rate":0,"timestamp":1556403844,"path_taken":["M","?","M","M","$","R","E","R","T","?","M","R","?","M","R","BOSS","BOSS","M","?","?","M","$","R","M","?","T","M","M","R","?","?","R","BOSS","M","M","$","M","M","R","E"],"build_version":"2019-01-23","purchased_purges":1,"victory":false,"max_hp_per_floor":[71,71,71,71,71,71,71,71,81,81,81,81,81,81,81,81,81,81,81,81,81,81,81,81,81,81,81,81,81,81,81,81,81,81,81,81,81,81,81,81,81],"card_choices":[{"not_picked":["Redo","Hologram"],"picked":"Gash","floor":1.0},{"not_picked":["Compile Driver","Force Field"],"picked":"Reinforced Body","floor":3.0},{"not_picked":["Undo","Defragment"],"picked":"Streamline","floor":4.0},{"not_picked":["Rebound","Compile Driver"],"picked":"Leap","floor":7.0},{"not_picked":["Hello World","Conserve Battery"],"picked":"Sweeping Beam","floor":11.0},{"not_picked":["Hologram","Leap"],"picked":"Beam Cell","floor":14.0},{"not_picked":["Hyperbeam","Electrodynamics"],"picked":"All For One","floor":16.0},{"not_picked":["Streamline","Coolheaded"],"picked":"Gash","floor":18.0},{"not_picked":["Genetic Algorithm","Steam Power"],"picked":"Reinforced Body+1","floor":21.0},{"not_picked":["Hello World","Genetic Algorithm+1"],"picked":"BootSequence","floor":24.0},{"not_picked":["Tempest","Leap"],"picked":"Scrape+1","floor":27.0},{"not_picked":["Hello World+1","Rip and Tear"],"picked":"Buffer","floor":28.0},{"not_picked":["Reprogram","Cold Snap"],"picked":"FTL+1","floor":31.0},{"not_picked":["Thunder Strike","Meteor Strike"],"picked":"All For One","floor":33.0},{"not_picked":["Steam Power","Stack+1"],"picked":"Hologram+1","floor":35.0},{"not_picked":["Steam Power+1","Redo"],"picked":"Self Repair+1","floor":36.0},{"not_picked":["Tempest+1","Coolheaded"],"picked":"Conserve Battery","floor":38.0},{"not_picked":["Stack+1","Ball Lightning","Hello World"],"picked":"SKIP","floor":39.0}],"player_experience":2853200,"relics_obtained":[{"floor":7.0,"key":"Du-Vu Doll"},{"floor":9.0,"key":"Pear"},{"floor":25.0,"key":"Necronomicon"},{"floor":26.0,"key":"Darkstone Periapt"}],"event_choices":[{"damage_healed":0.0,"max_hp_gain":0.0,"max_hp_loss":0.0,"gold_gain":0.0,"event_name":"Golden Idol","player_choice":"Ignored","floor":2.0,"gold_loss":0.0,"damage_taken":0.0},{"damage_healed":0.0,"max_hp_gain":0.0,"max_hp_loss":0.0,"gold_gain":0.0,"event_name":"Living Wall","player_choice":"Grow","floor":10.0,"gold_loss":0.0,"damage_taken":0.0,"cards_upgraded":["Gash"]},{"cards_removed":["Strike_B"],"damage_healed":0.0,"max_hp_gain":0.0,"max_hp_loss":0.0,"gold_gain":0.0,"event_name":"Golden Wing","player_choice":"Card Removal","floor":13.0,"gold_loss":0.0,"damage_taken":7.0},{"damage_healed":0.0,"max_hp_gain":0.0,"max_hp_loss":0.0,"gold_gain":0.0,"event_name":"Ghosts","player_choice":"Ignored","floor":19.0,"gold_loss":0.0,"damage_taken":0.0},{"damage_healed":0.0,"max_hp_gain":0.0,"max_hp_loss":0.0,"gold_gain":0.0,"event_name":"The Mausoleum","player_choice":"Opened","floor":20.0,"gold_loss":0.0,"damage_taken":0.0,"relics_obtained":["Letter Opener"],"cards_obtained":["Writhe"]},{"damage_healed":0.0,"max_hp_gain":0.0,"max_hp_loss":0.0,"gold_gain":0.0,"event_name":"Cursed Tome","player_choice":"Obtained Book","floor":25.0,"gold_loss":0.0,"damage_taken":21.0},{"cards_removed":["Writhe"],"damage_healed":0.0,"max_hp_gain":0.0,"max_hp_loss":0.0,"gold_gain":0.0,"event_name":"Purifier","player_choice":"Purged","floor":30.0,"gold_loss":0.0,"damage_taken":0.0}],"is_beta":false,"boss_relics":[{"not_picked":["Fusion Hammer","White Beast Statue"],"picked":"Nuclear Battery"},{"not_picked":["Inserter","Runic Pyramid"],"picked":"Eternal Feather"}],"items_purged_floors":[37],"is_endless":false,"potions_floor_spawned":[4,7,14,24,27,33,35,38,39],"killed_by":"Reptomancer","ascension_level":15}