{"path_per_floor":["M","M","M","M","$","E","M","E","T","R","M","R","E","M","R","B",null,"M","M","$","M","M"],"character_chosen":"IRONCLAD","items_purchased":["Finesse","Art of War","Metallicize"],"gold_per_floor":[110,122,141,160,71,97,108,143,143,143,163,163,190,206,206,306,306,318,333,35,50,63],"floor_reached":23,"campfire_rested":1,"playtime":2399,"current_hp_per_floor":[75,70,63,47,47,44,31,22,22,22,20,46,29,35,35,15,87,87,51,51,38,16],"items_purged":["Strike_R"],"gold":63,"play_id":"4ef4dd23-3f36-41eb-b0e4-d3b94a93c026","is_prod":false,"is_daily":false,"is_ascension_mode":true,"campfire_upgraded":2,"path_taken":["M","M","M","M","$","E","M","E","T","R","M","R","E","M","R","BOSS","M","M","?","M","M","E"],"build_version":"2018-02-01-PROD3","purchased_purges":1,"victory":false,"master_deck":["Strike_R","Strike_R","Strike_R","Strike_R","Defend_R","Defend_R","Defend_R","Defend_R","Bash","Juggernaut+1","Evolve+1","Pommel Strike","Headbutt","Iron Wave","Finesse","Dropkick","Iron Wave","Thunderclap","Shrug It Off","Battle Trance","Iron Wave","Immolate","Whirlwind+1","Power Through","Metallicize","Body Slam","True Grit"],"max_hp_per_floor":[80,80,80,80,80,87,87,87,87,87,87,87,87,87,87,87,87,87,87,87,87,87],"relics":["Burning Blood","Strawberry","Gremlin Horn","Frozen Eye","Matryoshka","Mark of Pain","Art of War"],"card_choices":[{"not_picked":["Exhume","Inflame"],"picked":"Evolve"},{"not_picked":["Armaments","Disarm"],"picked":"Pommel Strike"},{"not_picked":["Cleave","Armaments"],"picked":"Headbutt"},{"not_picked":["Flex","Entrench"],"picked":"Iron Wave"},{"not_picked":["Sever Soul","Hemokinesis"],"picked":"Dropkick"},{"not_picked":["Warcry","Rampage"],"picked":"Iron Wave"},{"not_picked":["Burning Pact","Exhume"],"picked":"Thunderclap"},{"not_picked":["Havoc","Clash"],"picked":"Shrug It Off"},{"not_picked":["Anger","Armaments"],"picked":"Battle Trance"},{"not_picked":["Pommel Strike","Anger"],"picked":"Iron Wave"},{"not_picked":["Demon Form","Limit Break"],"picked":"Immolate"},{"not_picked":["Infernal Blade","Second Wind"],"picked":"Whirlwind"},{"not_picked":["Metallicize","Feel No Pain"],"picked":"Power Through"},{"not_picked":["Sword Boomerang","Entrench"],"picked":"Body Slam"},{"not_picked":["Armaments","Infernal Blade"],"picked":"True Grit"}],"player_experience":467945,"potions_floor_usage":[4,6,7,14,16,21,22],"damage_taken":[{"damage":11,"enemies":"Blue Slaver","floor":1,"turns":6},{"damage":11,"enemies":"Cultist","floor":2,"turns":4},{"damage":13,"enemies":"Jaw Worm","floor":3,"turns":4},{"damage":22,"enemies":"Exordium Thugs","floor":4,"turns":3},{"damage":31,"enemies":"Lagavulin","floor":6,"turns":7},{"damage":19,"enemies":"3 Louse","floor":7,"turns":5},{"damage":15,"enemies":"Gremlin Nob","floor":8,"turns":4},{"damage":8,"enemies":"Lots of Slimes","floor":11,"turns":2},{"damage":23,"enemies":"Lagavulin","floor":13,"turns":6},{"damage":0,"enemies":"Exordium Wildlife","floor":14,"turns":2},{"damage":26,"enemies":"Slime Boss","floor":16,"turns":11},{"damage":0,"enemies":"3 Byrds","floor":18,"turns":4},{"damage":42,"enemies":"Shell Parasite","floor":19,"turns":7},{"damage":31,"enemies":"Snecko","floor":21,"turns":5},{"damage":28,"enemies":"Cultist and Chosen","floor":22,"turns":6},{"damage":21,"enemies":"Slavers","floor":23,"turns":1}],"event_choices":[],"boss_relics":[{"not_picked":["Calling Bell","Runic Pyramid"],"picked":"Mark of Pain"}],"potions_floor_spawned":[3,4,6,11,13,19,21],"seed_played":"6916402635370534490","killed_by":"Slavers","ascension_level":4,"is_trial":false}