{"gold_per_floor":[117,117,135,13,25,25,25,25,25,37,48,48,48,75,75,148,148,161,161,161,161,35,35],"floor_reached":23,"playtime":871,"items_purged":["Strike_B","Decay"],"score":301,"play_id":"c7f04d85-03f2-4f53-92e7-5ad9e6a9d4a1","local_time":"20190422124908","is_ascension_mode":true,"campfire_choices":[{"data":"Fusion","floor":6.0,"key":"SMITH"},{"data":"Defragment","floor":8.0,"key":"SMITH"},{"data":"Streamline","floor":12.0,"key":"SMITH"},{"floor":15.0,"key":"REST"}],"neow_cost":"TEN_PERCENT_HP_LOSS","seed_source_timestamp":0,"circlet_count":0,"master_deck":["AscendersBane","Strike_B","Strike_B","Defend_B","Defend_B","Defend_B","Defend_B","Zap","Dualcast","Sweeping Beam","Fusion+1","Streamline+1","Defragment+1","Conserve Battery","Rainbow","Creative AI","Leap+1","Streamline"],"special_seed":0,"relics":["Cracked Core","Torii","Pear","Odd Mushroom","Inserter","MutagenicStrength"],"potions_floor_usage":[16,16],"damage_taken":[{"damage":12.0,"enemies":"Jaw Worm","floor":1.0,"turns":3.0},{"damage":1.0,"enemies":"Small Slimes","floor":3.0,"turns":3.0},{"damage":1.0,"enemies":"Cultist","floor":5.0,"turns":4.0},{"damage":8.0,"enemies":"Red Slaver","floor":10.0,"turns":4.0},{"damage":21.0,"enemies":"Large Slime","floor":11.0,"turns":7.0},{"damage":12.0,"enemies":"The Mushroom Lair","floor":14.0,"turns":4.0},{"damage":33,"enemies":"Slime Boss","floor":16,"turns":11},{"damage":47,"enemies":"3 Byrds","floor":18,"turns":6},{"damage":14,"enemies":"Book of Stabbing","floor":23,"turns":3}],"seed_played":"-174696089543198765","potions_obtained":[{"floor":3.0,"key":"EntropicBrew"},{"floor":10.0,"key":"LiquidBronze"},{"floor":18,"key":"FearPotion"}],"is_trial":false,"path_per_floor":["M","?","M","$","M","R","?","R","T","M","M","R","$","?","R","B",null,"M","?","?","?","$","E"],"character_chosen":"DEFECT","items_purchased":["Streamline","Streamline"],"campfire_rested":1,"item_purchase_floors":[4,22],"current_hp_per_floor":[52,45,44,44,43,43,43,43,53,45,24,24,24,12,34,1,56,9,9,9,9,9,0],"gold":35,"neow_bonus":"ONE_RARE_RELIC","is_prod":false,"is_daily":false,"chose_seed":false,"campfire_upgraded":3,"win_rate":0,"timestamp":1555951748,"path_taken":["M","?","M","$","M","R","?","R","T","?","M","R","?","?","R","BOSS","M","?","?","?","$","E"],"build_version":"2019-01-23","purchased_purges":2,"victory":false,"max_hp_per_floor":[64,64,64,64,64,64,64,64,74,74,74,74,74,74,74,74,74,74,74,74,74,74,74],"card_choices":[{"not_picked":["Stack","Rebound"],"picked":"Sweeping Beam","floor":1.0},{"not_picked":["Beam Cell","Tempest"],"picked":"Fusion","floor":3.0},{"not_picked":["White Noise","Tempest"],"picked":"Defragment","floor":5.0},{"not_picked":["Sweeping Beam","Stack","Redo"],"picked":"SKIP","floor":10.0},{"not_picked":["Heatsinks","Gash"],"picked":"Conserve Battery","floor":11.0},{"not_picked":["Steam","Redo"],"picked":"Rainbow","floor":14.0},{"not_picked":["Reboot","Amplify"],"picked":"Creative AI","floor":16},{"not_picked":["Coolheaded","Turbo"],"picked":"Leap+1","floor":18}],"player_experience":2790954,"relics_obtained":[{"floor":9.0,"key":"Pear"},{"floor":14.0,"key":"Odd Mushroom"}],"event_choices":[{"cards_removed":["Strike_B"],"damage_healed":0.0,"max_hp_gain":0.0,"max_hp_loss":0.0,"gold_gain":0.0,"event_name":"Golden Wing","player_choice":"Card Removal","floor":2.0,"gold_loss":0.0,"damage_taken":7.0},{"damage_healed":0.0,"max_hp_gain":0.0,"max_hp_loss":0.0,"gold_gain":0.0,"event_name":"Wheel of Change","player_choice":"Cursed","floor":7.0,"gold_loss":0.0,"damage_taken":0.0,"cards_obtained":["Decay"]},{"damage_healed":0.0,"max_hp_gain":0.0,"max_hp_loss":0.0,"gold_gain":0.0,"event_name":"Mushrooms","player_choice":"Fought Mushrooms","floor":14.0,"gold_loss":0.0,"damage_taken":0.0},{"damage_healed":0,"gold_gain":0,"player_choice":"Inject Mutagens","damage_taken":0,"relics_obtained":["MutagenicStrength"],"max_hp_gain":0,"max_hp_loss":0,"event_name":"Drug Dealer","floor":19,"gold_loss":0},{"damage_healed":0,"gold_gain":0,"player_choice":"Smashed Altar","damage_taken":0,"max_hp_gain":0,"max_hp_loss":0,"event_name":"Forgotten Altar","floor":20,"gold_loss":0,"cards_obtained":["Decay"]},{"cards_removed":["Decay"],"damage_healed":0,"gold_gain":0,"player_choice":"Purged","damage_taken":0,"max_hp_gain":0,"max_hp_loss":0,"event_name":"Purifier","floor":21,"gold_loss":0}],"is_beta":false,"boss_relics":[{"not_picked":["Philosopher\u0027s Stone","Busted Crown"],"picked":"Inserter"}],"items_purged_floors":[4,22],"is_endless":false,"potions_floor_spawned":[3,10,11,18],"killed_by":"Book of Stabbing","ascension_level":14}