{"gold_per_floor":[109,184,184,202,217,251,268,137,137,149,149],"floor_reached":11,"playtime":4055,"items_purged":["Strike_R"],"score":143,"play_id":"419c92dd-d9d2-48b0-aa5a-d9ef00e56fee","local_time":"20190504213121","is_ascension_mode":true,"campfire_choices":[],"neow_cost":"NONE","seed_source_timestamp":1146071250706331,"circlet_count":0,"master_deck":["AscendersBane","Strike_R","Strike_R","Strike_R","Strike_R","Defend_R","Defend_R","Defend_R","Defend_R","Bash","Rampage","Clothesline","Thunderclap","Demon Form","Pommel Strike","Heavy Blade"],"relics":["Burning Blood","NeowsBlessing","Ginger","Ornamental Fan","Dead Branch"],"potions_floor_usage":[10,11],"damage_taken":[{"damage":0,"enemies":"Jaw Worm","floor":1,"turns":1},{"damage":0,"enemies":"2 Louse","floor":4,"turns":1},{"damage":0,"enemies":"Cultist","floor":5,"turns":1},{"damage":57,"enemies":"3 Sentries","floor":6,"turns":12},{"damage":8,"enemies":"Red Slaver","floor":7,"turns":5},{"damage":9,"enemies":"Exordium Thugs","floor":10,"turns":4},{"damage":19,"enemies":"Gremlin Gang","floor":11,"turns":2}],"seed_played":"-6165512593664814598","potions_obtained":[{"floor":1,"key":"Swift Potion"},{"floor":6,"key":"Poison Potion"},{"floor":10,"key":"Dexterity Potion"}],"is_trial":false,"path_per_floor":["M","?","?","M","M","E","M","$","T","M","M"],"character_chosen":"IRONCLAD","items_purchased":["Pommel Strike"],"campfire_rested":0,"item_purchase_floors":[8],"current_hp_per_floor":[74,63,63,69,75,24,22,22,22,19,0],"gold":149,"neow_bonus":"THREE_ENEMY_KILL","is_prod":false,"is_daily":false,"chose_seed":false,"campfire_upgraded":0,"win_rate":0,"timestamp":1556998281,"path_taken":["M","?","?","M","?","E","M","?","T","?","?"],"build_version":"2019-04-23","purchased_purges":1,"victory":false,"max_hp_per_floor":[75,75,75,75,75,75,75,75,75,75,75],"card_choices":[{"not_picked":["Perfected Strike","Power Through"],"picked":"Rampage","floor":1},{"not_picked":["Sword Boomerang","Hemokinesis"],"picked":"Clothesline","floor":4},{"not_picked":["Cleave","Anger"],"picked":"Thunderclap","floor":5},{"not_picked":["Ghostly Armor","Power Through"],"picked":"Demon Form","floor":6},{"not_picked":["Flex","Hemokinesis","Body Slam"],"picked":"SKIP","floor":7},{"not_picked":["Dropkick","Clothesline"],"picked":"Heavy Blade","floor":10}],"player_experience":1500453,"relics_obtained":[{"floor":6,"key":"Ornamental Fan"},{"floor":9,"key":"Dead Branch"}],"event_choices":[{"damage_healed":0,"gold_gain":75,"player_choice":"Gather Gold","damage_taken":11,"max_hp_gain":0,"max_hp_loss":0,"event_name":"World of Goop","floor":2,"gold_loss":0},{"damage_healed":0,"gold_gain":0,"player_choice":"Gave Potion","damage_taken":0,"relics_obtained":["Ginger"],"max_hp_gain":0,"max_hp_loss":0,"event_name":"WeMeetAgain","floor":3,"gold_loss":0}],"is_beta":true,"boss_relics":[],"items_purged_floors":[8],"is_endless":false,"potions_floor_spawned":[1,6,10],"killed_by":"Gremlin Gang","ascension_level":18}