{"path_per_floor":["M","$","M","?","M","E","R","$","T","?","M","R","E","?","R","B",null,"M","M","$","?","M","R","E","M","T","R","M","$","?","E","R","B",null,"M","M","$","?","M","R","M","R","T","R","E","$"],"character_chosen":"IRONCLAD","items_purchased":["Apotheosis","Omamori","Gremlin Horn","Anger","Ghostly Armor","Bottled Tornado","Seeing Red"],"gold_per_floor":[365,21,41,41,58,92,92,17,17,192,211,211,246,246,246,349,349,366,379,6,6,22,22,52,63,63,63,83,33,33,364,364,467,467,487,503,53,53,71,71,85,85,85,85,116,66],"floor_reached":47,"campfire_rested":5,"playtime":3219,"current_hp_per_floor":[71,71,72,72,70,51,51,51,58,58,51,74,63,63,63,60,83,71,34,34,34,32,60,54,55,55,55,60,60,60,35,66,35,105,105,68,68,68,30,61,59,59,59,90,59,59],"items_purged":["Strike_R","Strike_R","Strike_R","Defend_R","Strike_R"],"gold":66,"play_id":"a91e22a2-dcca-4ef5-a13d-2f1aba18f60e","is_prod":false,"is_daily":false,"is_ascension_mode":true,"campfire_upgraded":1,"path_taken":["M","$","M","?","M","E","R","?","T","?","M","R","E","?","R","BOSS","M","M","$","?","M","R","E","M","T","R","M","$","?","E","R","BOSS","M","?","$","?","M","R","?","R","T","R","E","$","M"],"build_version":"2018-02-01-PROD3","purchased_purges":8,"victory":false,"master_deck":["Defend_R","Defend_R","Defend_R","Bash","Iron Wave","Apotheosis+1","Heavy Blade","Flex","Feed","Thunderclap","Spot Weakness","Brutality","Flex","Anger","Shrug It Off","Flex","Disarm","Heavy Blade+1","Limit Break","Whirlwind+1","Shrug It Off+1","Ghostly Armor","Seeing Red","Limit Break","Seeing Red"],"max_hp_per_floor":[72,72,72,72,72,72,72,72,79,79,79,79,83,83,83,83,83,87,91,91,91,94,94,98,102,102,102,105,105,105,105,105,105,105,105,105,105,105,105,105,105,105,105,105,108,108],"relics":["Black Blood","Omamori","Ornamental Fan","Strawberry","Girya","Question Card","Gremlin Horn","Happy Flower","Smiling Mask","Old Coin","Bottled Tornado","Mummified Hand","Unceasing Top"],"card_choices":[{"not_picked":["Shrug It Off","Warcry"],"picked":"Iron Wave"},{"not_picked":["Anger","Disarm"],"picked":"Heavy Blade"},{"not_picked":["Anger","True Grit"],"picked":"Flex"},{"not_picked":["Sentinel","Disarm"],"picked":"Feed"},{"not_picked":["Ghostly Armor","Combust"],"picked":"Thunderclap"},{"not_picked":["Wild Strike","True Grit"],"picked":"Spot Weakness"},{"not_picked":["Immolate","Berserk"],"picked":"Brutality"},{"not_picked":["Sentinel","Armaments","Pommel Strike"],"picked":"Flex"},{"not_picked":["Sever Soul","Clash","Anger"],"picked":"Shrug It Off"},{"not_picked":["Hemokinesis","Wild Strike","Cleave"],"picked":"Flex"},{"not_picked":["Iron Wave","Inflame","Brutality"],"picked":"Disarm"},{"not_picked":["Armaments","Fire Breathing","Flex"],"picked":"Heavy Blade"},{"not_picked":["Reaper","Offering","Brutality"],"picked":"Limit Break"},{"not_picked":["Warcry","Body Slam","Dual Wield"],"picked":"Whirlwind"},{"not_picked":["Pommel Strike","Flex","Heavy Blade"],"picked":"Shrug It Off"},{"not_picked":["Heavy Blade","Sword Boomerang","Body Slam"],"picked":"Seeing Red"}],"player_experience":393125,"potions_floor_usage":[22,24,24,25,28,36,45,47],"damage_taken":[{"damage":7,"enemies":"Small Slimes","floor":1,"turns":5},{"damage":1,"enemies":"Cultist","floor":3,"turns":3},{"damage":8,"enemies":"2 Louse","floor":5,"turns":3},{"damage":25,"enemies":"Gremlin Nob","floor":6,"turns":4},{"damage":13,"enemies":"Looter","floor":11,"turns":4},{"damage":21,"enemies":"Lagavulin","floor":13,"turns":5},{"damage":9,"enemies":"Slime Boss","floor":16,"turns":5},{"damage":22,"enemies":"Shell Parasite","floor":18,"turns":5},{"damage":47,"enemies":"Chosen","floor":19,"turns":6},{"damage":11,"enemies":"3 Cultists","floor":22,"turns":4},{"damage":16,"enemies":"Slavers","floor":24,"turns":5},{"damage":9,"enemies":"Centurion and Healer","floor":25,"turns":6},{"damage":4,"enemies":"Chosen and Byrds","floor":28,"turns":4},{"damage":31,"enemies":"Gremlin Leader","floor":31,"turns":5},{"damage":37,"enemies":"Collector","floor":33,"turns":8},{"damage":8,"enemies":"3 Shapes","floor":35,"turns":2},{"damage":53,"enemies":"3 Darklings","floor":36,"turns":5},{"damage":48,"enemies":"Sphere and 2 Shapes","floor":39,"turns":6},{"damage":12,"enemies":"Maw","floor":41,"turns":5},{"damage":44,"enemies":"2 Orb Walkers","floor":45,"turns":3},{"damage":59,"enemies":"3 Darklings","floor":47,"turns":4}],"event_choices":[{"event_name":"The Cleric","player_choice":"Leave","floor":4,"damage_taken":0},{"event_name":"Liars Game","player_choice":"agreed","floor":10,"damage_taken":0},{"event_name":"Living Wall","player_choice":"Forget","floor":14,"damage_taken":0},{"event_name":"Vampires","player_choice":"Ignored","floor":21,"damage_taken":0},{"event_name":"Drug Dealer","player_choice":"Ignored","floor":30,"damage_taken":0},{"event_name":"Duplicator","player_choice":"One dupe","floor":38,"damage_taken":0}],"boss_relics":[{"not_picked":["Orrery","Runic Dome"],"picked":"Question Card"},{"not_picked":["Tiny House","Velvet Choker"],"picked":"Black Blood"}],"potions_floor_spawned":[1,6,18,24,25,35,39,45],"seed_played":"-701571152166936475","killed_by":"3 Darklings","ascension_level":2,"is_trial":false}