{"gold_per_floor":[119,135,147,147,14,14,25,43,43,62,62,82,96,125,125,199,199,218,230,243,513,531,531,550,577,624,624,658,658,692,717,717,717],"floor_reached":33,"playtime":1754,"items_purged":["Strike_B"],"score":655,"play_id":"647fb3ec-85d8-4fa0-9f5b-b8331521b3dd","local_time":"20190509220424","is_ascension_mode":true,"campfire_choices":[{"data":"Leap","floor":6,"key":"SMITH"},{"data":"Self Repair","floor":11,"key":"SMITH"},{"data":"Doom and Gloom","floor":15,"key":"SMITH"},{"data":"Self Repair","floor":23,"key":"SMITH"},{"floor":27,"key":"REST"},{"floor":29,"key":"REST"},{"data":"Biased Cognition","floor":32,"key":"SMITH"}],"neow_cost":"PERCENT_DAMAGE","seed_source_timestamp":1582359495103588,"circlet_count":0,"master_deck":["AscendersBane","Strike_B","Strike_B","Defend_B","Defend_B","Defend_B","Defend_B","Zap","Dualcast","Leap+1","Ball Lightning","Loop","Compile Driver","Cold Snap","Self Repair+1","Self Repair+1","Ball Lightning","Doom and Gloom+1","Compile Driver","Biased Cognition+1","Sweeping Beam+1","Stack","Ball Lightning","Glacier","Biased Cognition","Conserve Battery","Conserve Battery"],"relics":["Cracked Core","Dead Branch","DataDisk","Ancient Tea Set","Velvet Choker","Shuriken","Blood Vial","Oddly Smooth Stone","The Courier","Red Mask"],"potions_floor_usage":[8,13,13,14,16,22,25,25,28,31],"damage_taken":[{"damage":7,"enemies":"Small Slimes","floor":1,"turns":3},{"damage":0,"enemies":"Cultist","floor":2,"turns":3},{"damage":7,"enemies":"Jaw Worm","floor":3,"turns":3},{"damage":14,"enemies":"Lots of Slimes","floor":7,"turns":3},{"damage":0,"enemies":"Gremlin Gang","floor":8,"turns":2},{"damage":2,"enemies":"2 Fungi Beasts","floor":10,"turns":3},{"damage":0,"enemies":"Large Slime","floor":12,"turns":4},{"damage":1,"enemies":"Lots of Slimes","floor":13,"turns":4},{"damage":32,"enemies":"Gremlin Nob","floor":14,"turns":4},{"damage":44,"enemies":"Hexaghost","floor":16,"turns":8},{"damage":12,"enemies":"Spheric Guardian","floor":18,"turns":4},{"damage":12,"enemies":"3 Byrds","floor":19,"turns":4},{"damage":17,"enemies":"Cultist and Chosen","floor":20,"turns":6},{"damage":15,"enemies":"Centurion and Healer","floor":22,"turns":7},{"damage":13,"enemies":"Snecko","floor":24,"turns":3},{"damage":34,"enemies":"Slavers","floor":25,"turns":4},{"damage":30,"enemies":"Book of Stabbing","floor":28,"turns":4},{"damage":0,"enemies":"Gremlin Leader","floor":30,"turns":5},{"damage":11,"enemies":"Masked Bandits","floor":31,"turns":3},{"damage":89,"enemies":"Automaton","floor":33,"turns":10}],"seed_played":"1292829597158643475","potions_obtained":[{"floor":1,"key":"SpeedPotion"},{"floor":3,"key":"PowerPotion"},{"floor":12,"key":"AttackPotion"},{"floor":13,"key":"Regen Potion"},{"floor":14,"key":"PowerPotion"},{"floor":20,"key":"Swift Potion"},{"floor":22,"key":"FocusPotion"},{"floor":24,"key":"FearPotion"},{"floor":25,"key":"Strength Potion"},{"floor":30,"key":"SteroidPotion"}],"is_trial":false,"path_per_floor":["M","M","M","?","$","R","M","M","T","M","R","M","M","E","R","B",null,"M","M","M","?","M","R","M","E","T","R","E","R","E","?","R","B"],"character_chosen":"DEFECT","items_purchased":["Compile Driver"],"campfire_rested":2,"item_purchase_floors":[5],"current_hp_per_floor":[39,39,32,32,32,32,18,18,18,23,23,40,56,53,53,16,57,62,67,60,32,34,34,41,27,27,48,30,51,71,70,70,0],"gold":717,"neow_bonus":"ONE_RARE_RELIC","is_prod":false,"is_daily":false,"chose_seed":false,"campfire_upgraded":5,"win_rate":0,"timestamp":1557432264,"path_taken":["M","M","M","?","?","R","M","?","T","M","R","M","M","E","R","BOSS","M","M","?","?","?","R","?","E","T","R","E","R","E","?","R","BOSS"],"build_version":"2019-05-07","purchased_purges":1,"victory":false,"max_hp_per_floor":[71,71,71,71,71,71,71,71,71,71,71,71,71,71,71,71,71,71,71,71,71,71,71,71,71,71,71,71,71,71,71,71,71],"card_choices":[{"not_picked":["Rebound","Barrage"],"picked":"Leap","floor":1},{"not_picked":["Stack","Cold Snap"],"picked":"Ball Lightning","floor":2},{"not_picked":["Beam Cell","Stack"],"picked":"Loop","floor":3},{"not_picked":["Redo","Leap"],"picked":"Cold Snap","floor":7},{"not_picked":["Consume","Double Energy"],"picked":"Self Repair","floor":8},{"not_picked":["Chaos","Stack"],"picked":"Self Repair","floor":10},{"not_picked":["Redo","BootSequence"],"picked":"Ball Lightning","floor":12},{"not_picked":["Barrage","Compile Driver"],"picked":"Doom and Gloom","floor":13},{"not_picked":["Loop","Chill"],"picked":"Compile Driver","floor":14},{"not_picked":["Machine Learning","Electrodynamics"],"picked":"Biased Cognition","floor":16},{"not_picked":["Hologram","Redo","Barrage"],"picked":"SKIP","floor":18},{"not_picked":["Ball Lightning","Beam Cell"],"picked":"Sweeping Beam+1","floor":19},{"not_picked":["Streamline","Force Field"],"picked":"Stack","floor":20},{"not_picked":["Compile Driver","Force Field"],"picked":"Ball Lightning","floor":22},{"not_picked":["Force Field","Beam Cell","Genetic Algorithm"],"picked":"SKIP","floor":24},{"not_picked":["Aggregate","Steam Power"],"picked":"Glacier","floor":25},{"not_picked":["Chill","White Noise"],"picked":"Biased Cognition","floor":28},{"not_picked":["Cold Snap","Steam Power"],"picked":"Conserve Battery","floor":30},{"not_picked":["Hello World+1","Leap"],"picked":"Conserve Battery","floor":31}],"player_experience":1685583,"relics_obtained":[{"floor":9,"key":"DataDisk"},{"floor":14,"key":"Ancient Tea Set"},{"floor":25,"key":"Shuriken"},{"floor":26,"key":"Blood Vial"},{"floor":28,"key":"Oddly Smooth Stone"},{"floor":30,"key":"The Courier"},{"floor":31,"key":"Red Mask"}],"event_choices":[{"cards_removed":["Strike_B"],"damage_healed":0,"gold_gain":0,"player_choice":"Purged","damage_taken":0,"max_hp_gain":0,"max_hp_loss":0,"event_name":"Purifier","floor":4,"gold_loss":0},{"damage_healed":0,"gold_gain":270,"player_choice":"GOLD GOLD GOLD ","damage_taken":28,"max_hp_gain":0,"max_hp_loss":0,"event_name":"Knowing Skull","floor":21,"potions_obtained":[],"gold_loss":0,"cards_obtained":[]},{"damage_healed":0,"gold_gain":0,"player_choice":"Fought Bandits","damage_taken":0,"max_hp_gain":0,"max_hp_loss":0,"event_name":"Masked Bandits","floor":31,"gold_loss":0}],"is_beta":true,"boss_relics":[{"not_picked":["Pandora\u0027s Box","Busted Crown"],"picked":"Velvet Choker"}],"items_purged_floors":[5],"is_endless":false,"potions_floor_spawned":[1,3,12,13,14,20,22,24,25,30],"killed_by":"Automaton","ascension_level":19}