{"gold_per_floor":[116,133,133,145,164,164,184,184,184,184,184,201,201],"floor_reached":13,"playtime":546,"items_purged":[],"score":146,"play_id":"099f2b7e-d51c-4014-ae82-9cabfe2532a4","local_time":"20190506184019","is_ascension_mode":true,"campfire_choices":[{"data":"Footwork","floor":6,"key":"SMITH"},{"data":"Footwork","floor":8,"key":"SMITH"},{"data":"Dodge and Roll","floor":11,"key":"SMITH"}],"neow_cost":"NONE","seed_source_timestamp":1312122550583947,"circlet_count":0,"master_deck":["AscendersBane","Defend_G","Defend_G","Defend_G","Defend_G","Defend_G+1","Strike_G","Strike_G","Strike_G","Strike_G","Strike_G","Survivor","Neutralize+1","Footwork+1","Backflip","Footwork+1","Dodge and Roll+1","Dagger Spray","Cloak And Dagger"],"relics":["Ring of the Snake","Ice Cream"],"potions_floor_usage":[13],"damage_taken":[{"damage":2,"enemies":"Jaw Worm","floor":1,"turns":7},{"damage":0,"enemies":"Cultist","floor":2,"turns":4},{"damage":0,"enemies":"2 Louse","floor":4,"turns":4},{"damage":6,"enemies":"Blue Slaver","floor":5,"turns":7},{"damage":3,"enemies":"2 Fungi Beasts","floor":7,"turns":7},{"damage":28,"enemies":"Gremlin Gang","floor":12,"turns":7},{"damage":17,"enemies":"Lagavulin","floor":13,"turns":14}],"seed_played":"-2788764717771073147","potions_obtained":[{"floor":1,"key":"SpeedPotion"},{"floor":3,"key":"Strength Potion"}],"is_trial":false,"path_per_floor":["M","M","?","M","M","R","M","R","T","?","R","M","E"],"character_chosen":"THE_SILENT","items_purchased":[],"campfire_rested":0,"item_purchase_floors":[],"current_hp_per_floor":[63,63,63,63,57,57,54,54,54,32,32,4,0],"gold":201,"neow_bonus":"TEN_PERCENT_HP_BONUS","is_prod":false,"is_daily":false,"chose_seed":false,"campfire_upgraded":3,"win_rate":0,"timestamp":1557160819,"path_taken":["M","M","?","M","M","R","?","R","T","?","R","M","E"],"build_version":"2019-04-23","purchased_purges":0,"victory":false,"max_hp_per_floor":[72,72,72,72,72,72,72,72,72,72,72,72,72],"card_choices":[{"not_picked":["Underhanded Strike","Cloak And Dagger"],"picked":"Footwork","floor":1},{"not_picked":["Slice","Deflect"],"picked":"Backflip","floor":2},{"not_picked":["Infinite Blades","Outmaneuver"],"picked":"Footwork","floor":4},{"not_picked":["Backflip","Blade Dance"],"picked":"Dodge and Roll","floor":5},{"not_picked":["Masterful Stab","Acrobatics"],"picked":"Dagger Spray","floor":7},{"not_picked":["Underhanded Strike","Expertise"],"picked":"Cloak And Dagger","floor":12}],"player_experience":1542755,"relics_obtained":[{"floor":9,"key":"Ice Cream"}],"event_choices":[{"damage_healed":0,"gold_gain":0,"player_choice":"Got Potions","damage_taken":0,"max_hp_gain":0,"max_hp_loss":0,"event_name":"Lab","floor":3,"gold_loss":0},{"damage_healed":0,"gold_gain":0,"player_choice":"Entered Light","damage_taken":22,"max_hp_gain":0,"max_hp_loss":0,"event_name":"Shining Light","floor":10,"gold_loss":0,"cards_upgraded":["Defend_G","Neutralize"]}],"is_beta":true,"boss_relics":[],"items_purged_floors":[],"is_endless":false,"potions_floor_spawned":[1,7,12],"killed_by":"Lagavulin","ascension_level":18}