{"gold_per_floor":[10,10,10,29,48,73,73,32,32,32,67,77,92,109,109,181,181,199,199,210,210,210,210,243,255,255,270,300,300,300,326,326,401,401,419,432,160,160,177,205,205,205,205,223,241,241,275,295,295,295],"floor_reached":51,"playtime":1927,"items_purged":["Strike_R"],"score":1541,"play_id":"0f3f03c0-e264-4b3f-b6f0-350c7104b8a7","local_time":"20190512162808","is_ascension_mode":true,"campfire_choices":[{"data":"Clothesline","floor":7,"key":"SMITH"},{"data":"Inflame","floor":10,"key":"SMITH"},{"data":"Combust","floor":15,"key":"SMITH"},{"data":"Demon Form","floor":23,"key":"SMITH"},{"data":"Shockwave","floor":29,"key":"SMITH"},{"data":"Shrug It Off","floor":32,"key":"SMITH"},{"data":"Immolate","floor":46,"key":"SMITH"},{"data":"Uppercut","floor":49,"key":"SMITH"}],"neow_cost":"NO_GOLD","seed_source_timestamp":1821202234262059,"circlet_count":0,"master_deck":["AscendersBane","Strike_R","Strike_R","Strike_R","Strike_R","Defend_R","Defend_R","Defend_R","Defend_R","Bash+1","Reaper","Anger","Ghostly Armor","Clothesline+1","Shrug It Off+1","Inflame+1","Combust+1","Heavy Blade+1","Shockwave+1","Demon Form+1","Sword Boomerang+1","Necronomicurse","Double Tap","Dropkick","RitualDagger","Immolate+1","Shrug It Off","Dark Shackles","Bandage Up","Thunderclap","Uppercut+1"],"relics":["Burning Blood","Peace Pipe","Blue Candle","Pen Nib","Sozu","MutagenicStrength","Necronomicon","Torii","Sundial","Darkstone Periapt","Oddly Smooth Stone","Coffee Dripper","Orichalcum","FaceOfCleric","Smiling Mask","Mango","Dodecahedron"],"potions_floor_usage":[6,11,16,28],"damage_taken":[{"damage":24,"enemies":"Small Slimes","floor":1,"turns":4},{"damage":2,"enemies":"Jaw Worm","floor":4,"turns":3},{"damage":1,"enemies":"Cultist","floor":5,"turns":4},{"damage":37,"enemies":"Lagavulin","floor":6,"turns":9},{"damage":32,"enemies":"3 Sentries","floor":11,"turns":9},{"damage":21,"enemies":"3 Louse","floor":12,"turns":4},{"damage":0,"enemies":"Looter","floor":13,"turns":3},{"damage":25,"enemies":"Red Slaver","floor":14,"turns":4},{"damage":35,"enemies":"Hexaghost","floor":16,"turns":8},{"damage":23,"enemies":"3 Byrds","floor":18,"turns":4},{"damage":18,"enemies":"2 Thieves","floor":20,"turns":4},{"damage":52,"enemies":"Slavers","floor":24,"turns":4},{"damage":10,"enemies":"Centurion and Healer","floor":25,"turns":5},{"damage":0,"enemies":"Cultist and Chosen","floor":27,"turns":3},{"damage":12,"enemies":"Book of Stabbing","floor":28,"turns":4},{"damage":2,"enemies":"Gremlin Leader","floor":31,"turns":5},{"damage":11,"enemies":"Champ","floor":33,"turns":8},{"damage":28,"enemies":"3 Darklings","floor":35,"turns":5},{"damage":0,"enemies":"Orb Walker","floor":36,"turns":1},{"damage":24,"enemies":"Transient","floor":39,"turns":6},{"damage":35,"enemies":"Reptomancer","floor":40,"turns":4},{"damage":10,"enemies":"Writhing Mass","floor":44,"turns":4},{"damage":29,"enemies":"Jaw Worm Horde","floor":45,"turns":4},{"damage":1,"enemies":"Nemesis","floor":47,"turns":3},{"damage":8,"enemies":"Maw","floor":48,"turns":6},{"damage":56,"enemies":"Donu and Deca","floor":50,"turns":8}],"seed_played":"-2158813779481771293","potions_obtained":[{"floor":1,"key":"Energy Potion"},{"floor":5,"key":"Regen Potion"},{"floor":11,"key":"LiquidBronze"},{"floor":16,"key":"PowerPotion"}],"is_trial":false,"path_per_floor":["M","?","?","M","M","E","R","$","T","R","E","M","M","M","R","B",null,"M","?","M","?","?","R","E","M","T","M","E","R","?","E","R","B",null,"M","M","$","?","M","E","?","?","T","M","M","R","E","M","R","B",null],"character_chosen":"IRONCLAD","items_purchased":["Inflame","Shrug It Off","Orichalcum"],"campfire_rested":0,"item_purchase_floors":[8,37,37],"current_hp_per_floor":[57,57,57,65,75,44,44,44,44,44,54,60,66,55,55,47,68,71,71,74,53,53,53,32,68,68,75,69,69,63,75,75,70,74,75,75,75,75,76,48,48,38,52,49,31,31,37,60,60,35],"gold":295,"neow_bonus":"THREE_RARE_CARDS","is_prod":false,"is_daily":false,"chose_seed":false,"campfire_upgraded":8,"win_rate":0,"timestamp":1557671288,"path_taken":["M","?","?","M","M","E","R","$","T","R","E","M","?","M","R","BOSS","M","?","M","?","?","R","E","M","T","?","E","R","?","E","R","BOSS","M","M","$","?","?","E","?","?","T","M","M","R","E","M","R","BOSS"],"build_version":"2019-05-07","purchased_purges":1,"victory":true,"max_hp_per_floor":[75,75,75,75,75,75,75,75,75,75,75,75,75,75,75,75,75,75,75,75,75,75,75,75,75,75,75,75,75,75,75,75,75,75,75,75,75,75,76,77,77,77,91,92,93,93,94,95,95,96],"card_choices":[{"not_picked":["Brutality","Fiend Fire"],"picked":"Reaper","floor":0},{"not_picked":["Fire Breathing","Blood for Blood"],"picked":"Anger","floor":1},{"not_picked":["Wild Strike","Bloodletting","Heavy Blade"],"picked":"SKIP","floor":4},{"not_picked":["Headbutt","Wild Strike"],"picked":"Clothesline","floor":5},{"not_picked":["True Grit","Clothesline"],"picked":"Shrug It Off","floor":6},{"not_picked":["Fire Breathing","Pommel Strike"],"picked":"Combust","floor":11},{"not_picked":["Pommel Strike","Wild Strike","Cleave"],"picked":"SKIP","floor":12},{"not_picked":["Reckless Charge","Entrench"],"picked":"Heavy Blade","floor":13},{"not_picked":["Second Wind","Sword Boomerang"],"picked":"Shockwave","floor":14},{"not_picked":["Brutality","Exhume"],"picked":"Demon Form","floor":16},{"not_picked":["Headbutt","Havoc","Clothesline"],"picked":"SKIP","floor":18},{"not_picked":["Warcry","Searing Blow+1"],"picked":"Sword Boomerang+1","floor":20},{"not_picked":["Dark Embrace","Rage","Double Tap"],"picked":"SKIP","floor":24},{"not_picked":["Dark Embrace","Rage"],"picked":"Double Tap","floor":24},{"not_picked":["Armaments","Wild Strike+1","Rupture"],"picked":"SKIP","floor":25},{"not_picked":["Blood for Blood","Carnage","Twin Strike+1"],"picked":"SKIP","floor":27},{"not_picked":["Second Wind","Rampage"],"picked":"Dropkick","floor":28},{"not_picked":["Power Through","Wild Strike","Body Slam"],"picked":"SKIP","floor":31},{"not_picked":["Barricade","Exhume"],"picked":"Immolate","floor":33},{"not_picked":["Rage","Warcry+1","Anger"],"picked":"SKIP","floor":35},{"not_picked":["Flame Barrier","Anger+1","True Grit"],"picked":"SKIP","floor":36},{"not_picked":["Havoc","Hemokinesis","Sever Soul"],"picked":"SKIP","floor":39},{"not_picked":["Shrug It Off","Fire Breathing","Power Through"],"picked":"SKIP","floor":40},{"not_picked":["Swift Strike","Magnetism"],"picked":"Dark Shackles","floor":42},{"not_picked":["PanicButton","Forethought"],"picked":"Bandage Up","floor":42},{"not_picked":["Thunderclap","Sword Boomerang","Rupture"],"picked":"SKIP","floor":44},{"not_picked":["Sword Boomerang","Rupture"],"picked":"Thunderclap","floor":44},{"not_picked":["Shrug It Off","Havoc","Inflame"],"picked":"SKIP","floor":45},{"not_picked":["Dropkick","Reckless Charge"],"picked":"Uppercut","floor":47},{"not_picked":["Pommel Strike","Double Tap","Spot Weakness"],"picked":"SKIP","floor":48}],"player_experience":1849274,"relics_obtained":[{"floor":6,"key":"Peace Pipe"},{"floor":9,"key":"Blue Candle"},{"floor":11,"key":"Pen Nib"},{"floor":21,"key":"Necronomicon"},{"floor":24,"key":"Torii"},{"floor":26,"key":"Sundial"},{"floor":28,"key":"Darkstone Periapt"},{"floor":31,"key":"Oddly Smooth Stone"},{"floor":40,"key":"Smiling Mask"},{"floor":43,"key":"Mango"},{"floor":47,"key":"Dodecahedron"}],"event_choices":[{"damage_healed":0,"gold_gain":0,"player_choice":"Grow","damage_taken":0,"max_hp_gain":0,"max_hp_loss":0,"event_name":"Living Wall","floor":2,"gold_loss":0,"cards_upgraded":["Bash"]},{"damage_healed":0,"gold_gain":0,"player_choice":"1 cards matched","damage_taken":0,"max_hp_gain":0,"max_hp_loss":0,"event_name":"Match and Keep!","floor":3,"gold_loss":0,"cards_obtained":["Ghostly Armor"]},{"damage_healed":0,"gold_gain":0,"player_choice":"Inject Mutagens","damage_taken":0,"relics_obtained":["MutagenicStrength"],"max_hp_gain":0,"max_hp_loss":0,"event_name":"Drug Dealer","floor":19,"gold_loss":0},{"damage_healed":0,"gold_gain":0,"player_choice":"Obtained Book","damage_taken":21,"max_hp_gain":0,"max_hp_loss":0,"event_name":"Cursed Tome","floor":21,"gold_loss":0},{"damage_healed":0,"gold_gain":0,"player_choice":"Forge","damage_taken":0,"max_hp_gain":0,"max_hp_loss":0,"event_name":"Accursed Blacksmith","floor":22,"gold_loss":0,"cards_upgraded":["Heavy Blade"]},{"damage_healed":0,"gold_gain":0,"player_choice":"Joined the Cult","damage_taken":6,"max_hp_gain":0,"max_hp_loss":0,"event_name":"Nest","floor":30,"gold_loss":0,"cards_obtained":["RitualDagger"]},{"damage_healed":0,"gold_gain":0,"player_choice":"Trade","damage_taken":0,"relics_obtained":["FaceOfCleric"],"max_hp_gain":0,"max_hp_loss":0,"event_name":"FaceTrader","floor":38,"gold_loss":0},{"damage_healed":0,"gold_gain":0,"player_choice":"Ignored","damage_taken":0,"max_hp_gain":0,"max_hp_loss":0,"event_name":"Tomb of Lord Red Mask","floor":41,"gold_loss":0},{"damage_healed":0,"gold_gain":0,"player_choice":"Memory 3","damage_taken":10,"max_hp_gain":0,"max_hp_loss":0,"event_name":"SensoryStone","floor":42,"gold_loss":0}],"is_beta":true,"boss_relics":[{"not_picked":["Black Star","Cursed Key"],"picked":"Sozu"},{"not_picked":["Orrery","Velvet Choker"],"picked":"Coffee Dripper"}],"items_purged_floors":[37],"is_endless":false,"potions_floor_spawned":[1,5,11,16,20,25,31,33,36,39,47,48],"ascension_level":19}