{"gold_per_floor":[119,194,205,205,221,221,221,241,265,284,302,313,313,323,323,420,420,431,356,369,381,381,381,393,393,393,411,169,183,234,250,250,250],"floor_reached":33,"playtime":2135,"items_purged":[],"score":473,"play_id":"1b975980-caca-48e9-b035-20ff3a98b347","local_time":"20190104181227","is_ascension_mode":true,"campfire_choices":[{"data":"Corruption","floor":6,"key":"SMITH"},{"data":"Juggernaut","floor":13,"key":"SMITH"},{"floor":15,"key":"REST"},{"floor":23,"key":"REST"},{"data":"Body Slam","floor":25,"key":"SMITH"},{"floor":32,"key":"REST"}],"neow_cost":"NONE","seed_source_timestamp":414450068656200,"circlet_count":0,"master_deck":["AscendersBane","Strike_R","Strike_R","Strike_R","Defend_R","Defend_R","Defend_R","Defend_R","Bash","Blind","Rage+1","Corruption+1","Feel No Pain","Inflame","Juggernaut+1","Seeing Red","Battle Trance","Body Slam+1","Exhume","Sword Boomerang+1","Body Slam","Havoc","Anger+1","Pommel Strike+1","HandOfGreed","Feel No Pain","Intimidate+1","Entrench"],"relics":["Burning Blood","Regal Pillow","Snecko Eye","Mercury Hourglass","Bag of Marbles"],"potions_floor_usage":[14,16,16,30,33,33,33],"damage_taken":[{"damage":1,"enemies":"2 Louse","floor":1,"turns":3},{"damage":8,"enemies":"Small Slimes","floor":3,"turns":4},{"damage":7,"enemies":"Jaw Worm","floor":5,"turns":6},{"damage":13,"enemies":"Exordium Thugs","floor":8,"turns":7},{"damage":32,"enemies":"Lots of Slimes","floor":10,"turns":6},{"damage":0,"enemies":"Large Slime","floor":11,"turns":5},{"damage":12,"enemies":"Exordium Wildlife","floor":12,"turns":5},{"damage":10,"enemies":"Lots of Slimes","floor":14,"turns":5},{"damage":0,"enemies":"Slime Boss","floor":16,"turns":6},{"damage":46,"enemies":"Spheric Guardian","floor":18,"turns":6},{"damage":18,"enemies":"2 Thieves","floor":20,"turns":3},{"damage":19,"enemies":"Cultist and Chosen","floor":21,"turns":5},{"damage":0,"enemies":"Centurion and Healer","floor":24,"turns":6},{"damage":0,"enemies":"Snake Plant","floor":27,"turns":2},{"damage":13,"enemies":"Snecko","floor":29,"turns":3},{"damage":35,"enemies":"Slavers","floor":30,"turns":3},{"damage":9,"enemies":"Centurion and Healer","floor":31,"turns":4},{"damage":99,"enemies":"Automaton","floor":33,"turns":6}],"seed_played":"-8151461632061320562","potions_obtained":[{"floor":3,"key":"Energy Potion"},{"floor":8,"key":"SpeedPotion"},{"floor":11,"key":"Fire Potion"},{"floor":14,"key":"Swift Potion"},{"floor":16,"key":"Dexterity Potion"},{"floor":18,"key":"Ancient Potion"},{"floor":20,"key":"Weak Potion"},{"floor":30,"key":"EssenceOfSteel"}],"is_trial":false,"path_per_floor":["M","?","M","?","M","R","?","M","T","M","M","M","R","M","R","B",null,"M","?","M","M","?","R","M","R","T","M","$","M","E","M","R","B"],"character_chosen":"IRONCLAD","items_purchased":["HandOfGreed","Feel No Pain"],"campfire_rested":3,"item_purchase_floors":[28,28],"current_hp_per_floor":[77,66,64,64,63,63,63,56,56,30,36,30,30,26,65,71,78,38,38,26,13,13,52,58,58,58,64,64,57,28,25,64,0],"gold":250,"neow_bonus":"RANDOM_COLORLESS","is_prod":false,"is_daily":false,"chose_seed":false,"campfire_upgraded":3,"win_rate":0,"timestamp":1546643547,"path_taken":["M","?","M","?","M","R","?","M","T","?","M","?","R","M","R","BOSS","M","?","M","M","?","R","M","R","T","?","$","M","E","M","R","BOSS"],"build_version":"2019-01-03v4","purchased_purges":0,"victory":false,"max_hp_per_floor":[80,80,80,80,80,80,80,80,80,80,80,80,80,80,80,80,80,80,80,80,80,80,80,80,80,80,80,80,80,80,80,80,80],"card_choices":[{"not_picked":["Flex","Carnage"],"picked":"Rage","floor":1},{"not_picked":["Iron Wave","Battle Trance"],"picked":"Corruption","floor":3},{"not_picked":["Anger","Sword Boomerang"],"picked":"Feel No Pain","floor":5},{"not_picked":["Thunderclap","Blood for Blood"],"picked":"Inflame","floor":8},{"not_picked":["Inflame","Wild Strike"],"picked":"Juggernaut","floor":10},{"not_picked":["Searing Blow","Anger"],"picked":"Seeing Red","floor":11},{"not_picked":["Heavy Blade","Dropkick"],"picked":"Battle Trance","floor":12},{"not_picked":["Armaments","Shrug It Off"],"picked":"Body Slam","floor":14},{"not_picked":["Brutality","Reaper"],"picked":"Exhume","floor":16},{"not_picked":["Perfected Strike+1","Inflame"],"picked":"Sword Boomerang+1","floor":18},{"not_picked":["Pommel Strike","Clash"],"picked":"Body Slam","floor":20},{"not_picked":["Combust","Headbutt+1"],"picked":"Havoc","floor":21},{"not_picked":["Sword Boomerang","Flame Barrier"],"picked":"Anger+1","floor":24},{"not_picked":["Body Slam","Rupture+1"],"picked":"Pommel Strike+1","floor":27},{"not_picked":["Thunderclap","Fire Breathing","Whirlwind"],"picked":"SKIP","floor":29},{"not_picked":["Flex+1","Rampage+1"],"picked":"Intimidate+1","floor":30},{"not_picked":["Sever Soul","Searing Blow"],"picked":"Entrench","floor":31}],"player_experience":1674577,"relics_obtained":[{"floor":9,"key":"Regal Pillow"},{"floor":26,"key":"Mercury Hourglass"},{"floor":30,"key":"Bag of Marbles"}],"event_choices":[{"damage_healed":0,"gold_gain":75,"player_choice":"Gather Gold","damage_taken":11,"max_hp_gain":0,"max_hp_loss":0,"event_name":"World of Goop","floor":2,"gold_loss":0},{"damage_healed":0,"gold_gain":0,"player_choice":"Grow","damage_taken":0,"max_hp_gain":0,"max_hp_loss":0,"event_name":"Living Wall","floor":4,"gold_loss":0,"cards_upgraded":["Rage"]},{"cards_removed":["Strike_R"],"damage_healed":0,"gold_gain":0,"player_choice":"Purged","damage_taken":0,"max_hp_gain":0,"max_hp_loss":0,"event_name":"Purifier","floor":7,"gold_loss":0},{"cards_removed":["Strike_R"],"damage_healed":0,"gold_gain":0,"player_choice":"Gave Gold","damage_taken":0,"max_hp_gain":0,"max_hp_loss":0,"event_name":"Beggar","floor":19,"gold_loss":75},{"damage_healed":0,"gold_gain":0,"player_choice":"Leave","damage_taken":0,"max_hp_gain":0,"max_hp_loss":0,"event_name":"FaceTrader","floor":22,"gold_loss":0}],"is_beta":false,"boss_relics":[{"not_picked":["Ectoplasm","Fusion Hammer"],"picked":"Snecko Eye"}],"items_purged_floors":[],"is_endless":false,"potions_floor_spawned":[3,8,11,14,16,18,20,21,30],"killed_by":"Automaton","ascension_level":10}