{"gold_per_floor":[112,37,52,62,62,62,90,104,185,185,185,212,236,259,271,387,399,424,436,461,473,501,513,551,563,625,670,682,18,18,37,37,138,138,148,158,158,178,78,106,106,151,151,151,251,266,266,13,13,13],"floor_reached":51,"playtime":3235,"items_purged":["Pain","Strike_R"],"score":1087,"play_id":"12c5a178-0a45-4522-908b-f85dd4a4608f","local_time":"20190103235921","is_ascension_mode":true,"campfire_choices":[{"data":"Double Tap","floor":6,"key":"SMITH"},{"data":"Armaments","floor":10,"key":"SMITH"},{"floor":15,"key":"REST"},{"floor":23,"key":"REST"},{"floor":25,"key":"REST"},{"floor":28,"key":"REST"},{"floor":32,"key":"REST"},{"data":"Discovery","floor":41,"key":"SMITH"},{"data":"Rampage","floor":44,"key":"SMITH"},{"data":"1","floor":49,"key":"LIFT"}],"neow_cost":"CURSE","seed_source_timestamp":347745426216400,"circlet_count":0,"master_deck":["Strike_R","Strike_R","Defend_R","Defend_R","Defend_R","Bash","Double Tap+1","Armaments+1","Pommel Strike","Metallicize","Demon Form","Rampage+1","Offering","Flame Barrier","Heavy Blade","Reaper","Thunderclap+1","RitualDagger","Heavy Blade+1","Ghostly Armor+1","Pommel Strike+1","Metallicize","Discovery+1","Evolve","Bludgeon","Double Tap+1","Armaments+1","Shockwave+1","Feel No Pain+1","Battle Trance+1","Flex+1","Infernal Blade+1","Pommel Strike+1","Magnetism","Jack Of All Trades+1","Apotheosis+1","Flex+1"],"relics":["Burning Blood","Gambling Chip","Mummified Hand","MawBank","Sozu","MutagenicStrength","Dream Catcher","Lantern","Question Card","Ornamental Fan","Meat on the Bone","Toxic Egg 2","Lizard Tail","Boot","Champion Belt","Blue Candle","Girya","Toolbox"],"potions_floor_usage":[12,16,50,50],"damage_taken":[{"damage":13,"enemies":"Jaw Worm","floor":1,"turns":5},{"damage":3,"enemies":"Small Slimes","floor":3,"turns":4},{"damage":1,"enemies":"Cultist","floor":4,"turns":3},{"damage":40,"enemies":"3 Sentries","floor":7,"turns":9},{"damage":7,"enemies":"Large Slime","floor":8,"turns":7},{"damage":35,"enemies":"Gremlin Nob","floor":12,"turns":4},{"damage":1,"enemies":"2 Fungi Beasts","floor":13,"turns":4},{"damage":8,"enemies":"Exordium Wildlife","floor":14,"turns":6},{"damage":24,"enemies":"The Guardian","floor":16,"turns":9},{"damage":6,"enemies":"Spheric Guardian","floor":18,"turns":3},{"damage":15,"enemies":"2 Thieves","floor":20,"turns":2},{"damage":34,"enemies":"Centurion and Healer","floor":22,"turns":6},{"damage":49,"enemies":"Gremlin Leader","floor":24,"turns":5},{"damage":33,"enemies":"Book of Stabbing","floor":27,"turns":5},{"damage":3,"enemies":"Chosen and Byrds","floor":31,"turns":5},{"damage":64,"enemies":"Automaton","floor":33,"turns":10},{"damage":17,"enemies":"3 Shapes","floor":35,"turns":6},{"damage":47,"enemies":"3 Darklings","floor":36,"turns":6},{"damage":23,"enemies":"Spire Growth","floor":38,"turns":5},{"damage":62,"enemies":"Giant Head","floor":40,"turns":8},{"damage":18,"enemies":"2 Orb Walkers","floor":42,"turns":4},{"damage":6,"enemies":"Mind Bloom Boss Battle","floor":45,"turns":5},{"damage":24,"enemies":"Transient","floor":46,"turns":5},{"damage":34,"enemies":"Time Eater","floor":50,"turns":6}],"seed_played":"-9121548288894539465","potions_obtained":[{"floor":3,"key":"SpeedPotion"},{"floor":4,"key":"PowerPotion"},{"floor":14,"key":"FearPotion"},{"floor":16,"key":"FearPotion"}],"is_trial":false,"path_per_floor":["M","$","M","M","?","R","E","M","T","R","?","E","M","M","R","B",null,"M","?","M","?","M","R","E","R","T","E","R","$","T","M","R","B",null,"M","M","?","M","$","E","R","?","T","R","?","M","?","$","R","B",null],"character_chosen":"IRONCLAD","items_purchased":["Ornamental Fan","Meat on the Bone","Discovery","Evolve","Toolbox","Flex+1"],"campfire_rested":5,"item_purchase_floors":[29,29,29,29,48,48],"current_hp_per_floor":[65,65,68,73,73,73,39,38,38,38,38,9,14,12,36,18,65,65,59,50,50,26,50,29,53,53,33,57,57,57,60,80,50,73,62,37,37,32,32,52,52,64,64,64,80,80,70,70,70,52],"gold":13,"neow_bonus":"THREE_RARE_CARDS","is_prod":false,"is_daily":false,"chose_seed":false,"campfire_upgraded":4,"win_rate":0,"timestamp":1546577961,"path_taken":["M","$","M","M","?","R","E","M","T","R","?","E","?","M","R","BOSS","M","?","M","?","M","R","E","R","T","E","R","?","?","M","R","BOSS","M","M","?","M","$","E","R","?","T","R","?","M","?","$","R","BOSS"],"build_version":"2019-01-03","purchased_purges":2,"victory":true,"max_hp_per_floor":[80,80,80,80,80,80,80,80,80,80,80,80,80,80,80,80,80,80,80,80,80,80,80,80,80,80,80,80,80,80,80,80,80,80,80,80,80,80,80,80,80,80,80,80,80,80,80,80,80,80],"card_choices":[{"not_picked":["Fiend Fire","Brutality"],"picked":"Double Tap","floor":0},{"not_picked":["Havoc","Inflame"],"picked":"Armaments","floor":1},{"not_picked":["Twin Strike","Perfected Strike"],"picked":"Pommel Strike","floor":3},{"not_picked":["Havoc","Blood for Blood"],"picked":"Metallicize","floor":4},{"not_picked":["Blood for Blood","Combust","Bloodletting"],"picked":"SKIP","floor":7},{"not_picked":["Headbutt","Brutality"],"picked":"Rampage","floor":8},{"not_picked":["Armaments","Pommel Strike"],"picked":"Offering","floor":12},{"not_picked":["Armaments","Bloodletting"],"picked":"Flame Barrier","floor":13},{"not_picked":["Pommel Strike","Perfected Strike"],"picked":"Heavy Blade","floor":14},{"not_picked":["Bludgeon","Juggernaut"],"picked":"Reaper","floor":16},{"not_picked":["Cleave","Twin Strike"],"picked":"Thunderclap+1","floor":18},{"not_picked":["Reckless Charge","Thunderclap","Perfected Strike"],"picked":"SKIP","floor":20},{"not_picked":["Sword Boomerang","Pommel Strike+1"],"picked":"Heavy Blade+1","floor":22},{"not_picked":["Sentinel","True Grit"],"picked":"Ghostly Armor+1","floor":24},{"not_picked":["Offering","Uppercut"],"picked":"Pommel Strike+1","floor":25},{"not_picked":["Havoc","Perfected Strike","Heavy Blade"],"picked":"SKIP","floor":27},{"not_picked":["Perfected Strike","Intimidate+1","Corruption"],"picked":"Metallicize","floor":28},{"not_picked":["Havoc+1","Perfected Strike","Fire Breathing","Clash+1"],"picked":"SKIP","floor":31},{"not_picked":["Shrug It Off+1","Perfected Strike+1","Shockwave+1"],"picked":"Bludgeon","floor":32},{"not_picked":["Juggernaut","Feed","Bludgeon"],"picked":"Double Tap+1","floor":33},{"not_picked":["Power Through+1","Anger","Dual Wield+1"],"picked":"Armaments+1","floor":35},{"not_picked":["Sword Boomerang+1","Body Slam","Armaments+1"],"picked":"Shockwave+1","floor":36},{"not_picked":["Carnage","Cleave+1","Anger+1"],"picked":"Feel No Pain+1","floor":38},{"not_picked":["Headbutt","Perfected Strike+1","Power Through+1"],"picked":"Battle Trance+1","floor":40},{"not_picked":["Headbutt+1","Cleave","Wild Strike+1"],"picked":"Flex+1","floor":42},{"not_picked":["Evolve+1","Flex+1","Intimidate+1"],"picked":"Infernal Blade+1","floor":45},{"not_picked":["Fire Breathing","Shockwave+1","Wild Strike+1"],"picked":"Pommel Strike+1","floor":46},{"not_picked":["The Bomb+1","Swift Strike","Panacea+1"],"picked":"Magnetism","floor":47},{"not_picked":["Deep Breath+1","HandOfGreed","Forethought+1"],"picked":"Jack Of All Trades+1","floor":47},{"not_picked":["Mayhem","The Bomb+1","Thinking Ahead+1"],"picked":"Apotheosis+1","floor":47}],"player_experience":1666099,"relics_obtained":[{"floor":7,"key":"Gambling Chip"},{"floor":9,"key":"Mummified Hand"},{"floor":12,"key":"MawBank"},{"floor":24,"key":"Dream Catcher"},{"floor":26,"key":"Lantern"},{"floor":27,"key":"Question Card"},{"floor":30,"key":"Toxic Egg 2"},{"floor":40,"key":"Boot"},{"floor":42,"key":"Champion Belt"},{"floor":43,"key":"Blue Candle"},{"floor":45,"key":"Girya"}],"event_choices":[{"damage_healed":0,"gold_gain":0,"cards_transformed":["Strike_R"],"player_choice":"Change","damage_taken":0,"max_hp_gain":0,"max_hp_loss":0,"event_name":"Living Wall","floor":5,"gold_loss":0,"cards_obtained":["Demon Form"]},{"cards_removed":["Defend_R"],"damage_healed":0,"gold_gain":0,"player_choice":"Offered Basic","damage_taken":0,"max_hp_gain":0,"max_hp_loss":0,"event_name":"Bonfire Elementals","floor":11,"gold_loss":0},{"damage_healed":0,"gold_gain":0,"player_choice":"Joined the Cult","damage_taken":6,"max_hp_gain":0,"max_hp_loss":0,"event_name":"Nest","floor":19,"gold_loss":0,"cards_obtained":["RitualDagger"]},{"damage_healed":0,"gold_gain":0,"player_choice":"Inject Mutagens","damage_taken":0,"relics_obtained":["MutagenicStrength"],"max_hp_gain":0,"max_hp_loss":0,"event_name":"Drug Dealer","floor":21,"gold_loss":0},{"cards_removed":["Strike_R"],"damage_healed":0,"gold_gain":0,"player_choice":"Removed Attack","damage_taken":0,"max_hp_gain":0,"max_hp_loss":0,"event_name":"Falling","floor":37,"gold_loss":0},{"damage_healed":0,"gold_gain":0,"player_choice":"Fight","damage_taken":0,"max_hp_gain":0,"max_hp_loss":0,"event_name":"Mysterious Sphere","floor":42,"gold_loss":0},{"damage_healed":0,"gold_gain":0,"player_choice":"Fight","damage_taken":0,"max_hp_gain":0,"max_hp_loss":0,"event_name":"MindBloom","floor":45,"gold_loss":0},{"damage_healed":0,"gold_gain":0,"player_choice":"Memory 3","damage_taken":10,"max_hp_gain":0,"max_hp_loss":0,"event_name":"SensoryStone","floor":47,"gold_loss":0}],"is_beta":false,"boss_relics":[{"not_picked":["Ectoplasm","Tiny House"],"picked":"Sozu"},{"not_picked":["Fusion Hammer","Orrery"],"picked":"Lizard Tail"}],"items_purged_floors":[2,39],"is_endless":false,"potions_floor_spawned":[3,4,14,16,18,24,31,35,42,46],"ascension_level":9}