{"gold_per_floor":[119,133,133,153,303,337,337,366,366,366,392,407,407,417,417,417],"floor_reached":16,"playtime":1312,"items_purged":[],"score":265,"play_id":"d99a7989-87be-4155-a8ca-3b1ff91719eb","local_time":"20190512180747","is_ascension_mode":true,"campfire_choices":[{"floor":7,"key":"REST"},{"data":"Sunder","floor":10,"key":"SMITH"},{"data":"Stack","floor":13,"key":"SMITH"},{"data":"Go for the Eyes","floor":15,"key":"SMITH"}],"neow_cost":"NONE","seed_source_timestamp":1827804924209108,"circlet_count":0,"master_deck":["AscendersBane","Strike_B","Strike_B","Strike_B","Strike_B","Defend_B","Defend_B","Defend_B","Defend_B","Zap","Dualcast","Dramatic Entrance","BootSequence","Sunder+1","Compile Driver","Doubt","Fusion","Chill","Stack+1","Go for the Eyes+1"],"relics":["Cracked Core","Regal Pillow","Mango","Meat on the Bone","Strawberry"],"potions_floor_usage":[6,8,16,16],"damage_taken":[{"damage":9,"enemies":"Jaw Worm","floor":1,"turns":3},{"damage":0,"enemies":"Small Slimes","floor":2,"turns":2},{"damage":1,"enemies":"2 Louse","floor":4,"turns":2},{"damage":56,"enemies":"Gremlin Nob","floor":6,"turns":5},{"damage":20,"enemies":"3 Sentries","floor":8,"turns":7},{"damage":23,"enemies":"Lagavulin","floor":11,"turns":6},{"damage":0,"enemies":"Lots of Slimes","floor":12,"turns":2},{"damage":9,"enemies":"Large Slime","floor":14,"turns":4},{"damage":47,"enemies":"Hexaghost","floor":16,"turns":9}],"seed_played":"2857417449256889132","potions_obtained":[{"floor":2,"key":"Strength Potion"},{"floor":6,"key":"GamblersBrew"},{"floor":11,"key":"Weak Potion"},{"floor":12,"key":"PowerPotion"}],"is_trial":false,"path_per_floor":["M","M","?","M","?","E","R","E","T","R","E","M","R","M","R","B"],"character_chosen":"DEFECT","items_purchased":[],"campfire_rested":1,"item_purchase_floors":[],"current_hp_per_floor":[55,55,60,59,59,3,40,34,34,34,30,42,42,45,45,0],"gold":417,"neow_bonus":"RANDOM_COLORLESS","is_prod":false,"is_daily":false,"chose_seed":false,"campfire_upgraded":3,"win_rate":0,"timestamp":1557677267,"path_taken":["M","M","?","M","?","E","R","E","T","R","E","M","R","M","R","BOSS"],"build_version":"2019-05-07","purchased_purges":0,"victory":false,"max_hp_per_floor":[71,71,76,76,76,76,76,90,90,90,97,97,97,97,97,97],"card_choices":[{"not_picked":["Reprogram","Fusion"],"picked":"BootSequence","floor":1},{"not_picked":["Redo","Leap"],"picked":"Sunder","floor":2},{"not_picked":["Coolheaded","Storm"],"picked":"Compile Driver","floor":4},{"not_picked":["Scrape","Seek"],"picked":"Fusion","floor":6},{"not_picked":["Multi-Cast","Consume"],"picked":"Chill","floor":8},{"not_picked":["Hello World","Cold Snap"],"picked":"Stack","floor":11},{"not_picked":["BootSequence","Turbo","Chaos"],"picked":"SKIP","floor":12},{"not_picked":["Chaos","Turbo"],"picked":"Go for the Eyes","floor":14}],"player_experience":1854235,"relics_obtained":[{"floor":6,"key":"Regal Pillow"},{"floor":8,"key":"Mango"},{"floor":9,"key":"Meat on the Bone"},{"floor":11,"key":"Strawberry"}],"event_choices":[{"damage_healed":0,"gold_gain":0,"player_choice":"Donut","damage_taken":0,"max_hp_gain":5,"max_hp_loss":0,"event_name":"Big Fish","floor":3,"gold_loss":0},{"damage_healed":0,"gold_gain":150,"player_choice":"AGREE","damage_taken":0,"max_hp_gain":0,"max_hp_loss":0,"event_name":"Liars Game","floor":5,"gold_loss":0,"cards_obtained":["Doubt"]}],"is_beta":true,"boss_relics":[],"items_purged_floors":[],"is_endless":false,"potions_floor_spawned":[2,6,11,12],"killed_by":"Hexaghost","ascension_level":20}