{"gold_per_floor":[112,42,42,42,62,93,103,103,103,121,151,168,168,183,183,262,262,282,300,300],"floor_reached":20,"playtime":857,"items_purged":[],"score":369,"play_id":"5eb272d5-9de8-4f79-bfb2-ce667e66606c","local_time":"20190501122237","is_ascension_mode":true,"campfire_choices":[{"data":"Bash","floor":8,"key":"SMITH"},{"data":"Clothesline","floor":13,"key":"SMITH"},{"data":"Clothesline","floor":15,"key":"SMITH"}],"neow_cost":"NONE","seed_source_timestamp":857148921794773,"circlet_count":0,"master_deck":["AscendersBane","Strike_R","Strike_R","Strike_R","Strike_R","Strike_R","Defend_R","Defend_R","Defend_R","Defend_R","Bash+1","Clothesline+1","Seeing Red","Bloodletting","Disarm","Corruption","Iron Wave","Battle Trance+1","Disarm+1","Clothesline+1","Disarm+1","Impervious+1","Juggernaut"],"relics":["Burning Blood","NeowsBlessing","Blue Candle","Toxic Egg 2","Gambling Chip","Cursed Key"],"potions_floor_usage":[11,12,16,18],"damage_taken":[{"damage":0,"enemies":"Small Slimes","floor":1,"turns":1},{"damage":0,"enemies":"Cultist","floor":5,"turns":1},{"damage":0,"enemies":"3 Sentries","floor":6,"turns":2},{"damage":12,"enemies":"2 Louse","floor":7,"turns":2},{"damage":8,"enemies":"2 Fungi Beasts","floor":10,"turns":4},{"damage":35,"enemies":"Gremlin Nob","floor":11,"turns":5},{"damage":0,"enemies":"Gremlin Gang","floor":12,"turns":3},{"damage":5,"enemies":"Looter","floor":14,"turns":4},{"damage":34,"enemies":"The Guardian","floor":16,"turns":12},{"damage":30,"enemies":"2 Thieves","floor":18,"turns":5},{"damage":8,"enemies":"3 Byrds","floor":19,"turns":8},{"damage":42,"enemies":"Masked Bandits","floor":20,"turns":4}],"seed_played":"-5072952667205103614","potions_obtained":[{"floor":5,"key":"Energy Potion"},{"floor":10,"key":"AttackPotion"},{"floor":11,"key":"Explosive Potion"},{"floor":12,"key":"Swift Potion"},{"floor":14,"key":"LiquidBronze"},{"floor":18,"key":"Swift Potion"}],"is_trial":false,"path_per_floor":["M","$","?","?","M","E","M","R","T","M","E","M","R","M","R","B",null,"M","M","?"],"character_chosen":"IRONCLAD","items_purchased":["Seeing Red"],"campfire_rested":0,"item_purchase_floors":[2],"current_hp_per_floor":[74,74,79,79,80,80,74,74,74,72,43,49,49,50,50,22,66,42,40,0],"gold":300,"neow_bonus":"THREE_ENEMY_KILL","is_prod":false,"is_daily":false,"chose_seed":false,"campfire_upgraded":3,"win_rate":0,"timestamp":1556706157,"path_taken":["M","$","?","?","M","E","M","R","T","?","E","M","R","M","R","BOSS","M","M","?"],"build_version":"2019-04-23","purchased_purges":0,"victory":false,"max_hp_per_floor":[75,75,80,80,80,80,80,80,80,80,80,80,80,80,80,80,80,80,80,80],"card_choices":[{"not_picked":["Wild Strike","Shrug It Off"],"picked":"Clothesline","floor":1},{"not_picked":["Clothesline","Pummel"],"picked":"Disarm","floor":5},{"not_picked":["Blood for Blood","Clothesline"],"picked":"Corruption","floor":6},{"not_picked":["Shrug It Off","Bludgeon"],"picked":"Iron Wave","floor":7},{"not_picked":["Havoc+1","Disarm+1"],"picked":"Battle Trance+1","floor":10},{"not_picked":["True Grit+1","Warcry+1"],"picked":"Disarm+1","floor":11},{"not_picked":["Berserk","Perfected Strike"],"picked":"Clothesline","floor":12},{"not_picked":["Clothesline","Anger"],"picked":"Disarm+1","floor":14},{"not_picked":["Dark Embrace","Brutality"],"picked":"Impervious+1","floor":16},{"not_picked":["Perfected Strike","Sword Boomerang","Rage+1"],"picked":"SKIP","floor":18},{"not_picked":["Twin Strike+1","Heavy Blade"],"picked":"Juggernaut","floor":19}],"player_experience":1386584,"relics_obtained":[{"floor":6,"key":"Blue Candle"},{"floor":9,"key":"Toxic Egg 2"},{"floor":11,"key":"Gambling Chip"}],"event_choices":[{"damage_healed":0,"gold_gain":0,"player_choice":"Donut","damage_taken":0,"max_hp_gain":5,"max_hp_loss":0,"event_name":"Big Fish","floor":3,"gold_loss":0},{"damage_healed":0,"gold_gain":0,"player_choice":"1 cards matched","damage_taken":0,"max_hp_gain":0,"max_hp_loss":0,"event_name":"Match and Keep!","floor":4,"gold_loss":0,"cards_obtained":["Bloodletting"]},{"damage_healed":0,"gold_gain":0,"player_choice":"Fought Bandits","damage_taken":0,"max_hp_gain":0,"max_hp_loss":0,"event_name":"Masked Bandits","floor":20,"gold_loss":0}],"is_beta":true,"boss_relics":[{"not_picked":["Coffee Dripper","Sozu"],"picked":"Cursed Key"}],"items_purged_floors":[],"is_endless":false,"potions_floor_spawned":[5,10,11,12,14,18],"killed_by":"Masked Bandits","ascension_level":15}