{"gold_per_floor":[113,124,137,148,73,102,114,157,193,236,264,302,314,326],"floor_reached":14,"playtime":1119,"items_purged":["Strike_B"],"score":144,"play_id":"888223c3-e95c-44f1-a74a-87b1c0183848","local_time":"20190424122534","is_ascension_mode":true,"campfire_choices":[{"floor":7,"key":"REST"}],"neow_cost":"NONE","seed_source_timestamp":252264554191326,"circlet_count":0,"master_deck":["Strike_B","Strike_B","Strike_B","Defend_B","Defend_B","Defend_B","Defend_B","Zap","Dualcast","Cold Snap","Barrage","Fusion","Streamline","Hologram","Streamline","Ball Lightning","Fission+1","Auto Shields"],"relics":["Cracked Core","MawBank","Boot","DataDisk","Potion Belt","Strawberry"],"potions_floor_usage":[12],"damage_taken":[{"damage":1,"enemies":"Cultist","floor":1,"turns":3},{"damage":7,"enemies":"Jaw Worm","floor":2,"turns":4},{"damage":8,"enemies":"2 Louse","floor":3,"turns":2},{"damage":1,"enemies":"Exordium Wildlife","floor":4,"turns":4},{"damage":33,"enemies":"Gremlin Nob","floor":6,"turns":4},{"damage":18,"enemies":"Lagavulin","floor":8,"turns":6},{"damage":11,"enemies":"3 Sentries","floor":10,"turns":6},{"damage":5,"enemies":"Blue Slaver","floor":11,"turns":3},{"damage":20,"enemies":"Lagavulin","floor":12,"turns":5},{"damage":11,"enemies":"Lots of Slimes","floor":14,"turns":2}],"seed_played":"7455629972563449999","potions_obtained":[{"floor":2,"key":"Ancient Potion"},{"floor":10,"key":"Dexterity Potion"},{"floor":11,"key":"FocusPotion"},{"floor":12,"key":"LiquidBronze"}],"is_trial":false,"path_per_floor":["M","M","M","M","$","E","R","E","T","E","M","E","?","M"],"character_chosen":"DEFECT","items_purchased":[],"campfire_rested":1,"item_purchase_floors":[],"current_hp_per_floor":[81,74,66,65,65,32,56,38,38,27,22,9,9,0],"gold":326,"neow_bonus":"TEN_PERCENT_HP_BONUS","is_prod":false,"is_daily":false,"chose_seed":false,"campfire_upgraded":0,"win_rate":0,"timestamp":1556101534,"path_taken":["M","M","M","M","$","E","R","E","T","E","M","E","?","M"],"build_version":"2019-04-23","purchased_purges":1,"victory":false,"max_hp_per_floor":[82,82,82,82,82,82,82,82,82,82,82,89,89,89],"card_choices":[{"not_picked":["Steam","Hologram"],"picked":"Cold Snap","floor":1},{"not_picked":["Stack","Leap"],"picked":"Barrage","floor":2},{"not_picked":["Rebound","White Noise"],"picked":"Fusion","floor":3},{"not_picked":["Heatsinks","Tempest"],"picked":"Streamline","floor":4},{"not_picked":["Chaos","Heatsinks"],"picked":"Hologram","floor":6},{"not_picked":["Cold Snap","Steam Power"],"picked":"Streamline","floor":8},{"not_picked":["Go for the Eyes","Defragment"],"picked":"Ball Lightning","floor":10},{"not_picked":["Steam Power","Steam"],"picked":"Fission","floor":11},{"not_picked":["Streamline","Gash"],"picked":"Auto Shields","floor":12}],"player_experience":1184700,"relics_obtained":[{"floor":6,"key":"MawBank"},{"floor":8,"key":"Boot"},{"floor":9,"key":"DataDisk"},{"floor":10,"key":"Potion Belt"},{"floor":12,"key":"Strawberry"}],"event_choices":[{"damage_healed":0,"gold_gain":0,"player_choice":"Upgraded","damage_taken":0,"max_hp_gain":0,"max_hp_loss":0,"event_name":"Upgrade Shrine","floor":13,"gold_loss":0,"cards_upgraded":["Fission"]}],"is_beta":true,"boss_relics":[],"items_purged_floors":[5],"is_endless":false,"potions_floor_spawned":[2,10,11,12],"killed_by":"Lots of Slimes","ascension_level":4}