{"gold_per_floor":[114,127,127,77,91,126,126,161,161,161],"floor_reached":10,"playtime":297,"items_purged":[],"score":122,"play_id":"e4717446-0f25-403d-8bfd-91737c114889","local_time":"20190429134525","is_ascension_mode":true,"campfire_choices":[{"floor":7,"key":"RECALL"}],"neow_cost":"NONE","seed_source_timestamp":689877309407678,"circlet_count":0,"master_deck":["AscendersBane","Strike_B","Strike_B","Strike_B","Strike_B","Defend_B","Defend_B","Defend_B","Defend_B+1","Zap+1","Dualcast","Genetic Algorithm+1","Sunder","Conserve Battery","Beam Cell","Conserve Battery","Hologram"],"relics":["Cracked Core","Strawberry","Pantograph","War Paint"],"potions_floor_usage":[10],"damage_taken":[{"damage":1,"enemies":"Cultist","floor":1,"turns":3},{"damage":7,"enemies":"2 Louse","floor":2,"turns":4},{"damage":12,"enemies":"Jaw Worm","floor":5,"turns":3},{"damage":30,"enemies":"Gremlin Nob","floor":6,"turns":4},{"damage":23,"enemies":"3 Sentries","floor":8,"turns":8},{"damage":4,"enemies":"Large Slime","floor":10,"turns":1}],"seed_played":"7890098595129210698","potions_obtained":[{"floor":1,"key":"FearPotion"},{"floor":2,"key":"SpeedPotion"}],"is_trial":false,"path_per_floor":["M","M","?","$","M","E","R","E","T","M"],"character_chosen":"DEFECT","items_purchased":["Conserve Battery"],"campfire_rested":0,"item_purchase_floors":[4],"current_hp_per_floor":[67,60,60,60,48,25,25,2,2,0],"gold":161,"neow_bonus":"UPGRADE_CARD","is_prod":false,"is_daily":false,"chose_seed":false,"campfire_upgraded":0,"win_rate":0,"timestamp":1556538325,"path_taken":["M","M","?","?","M","E","R","E","T","M"],"build_version":"2019-04-23","purchased_purges":0,"victory":false,"max_hp_per_floor":[75,75,75,75,75,82,82,82,82,82],"card_choices":[{"not_picked":["FTL","Static Discharge"],"picked":"Genetic Algorithm","floor":1},{"not_picked":["Rebound","Streamline","Recycle"],"picked":"SKIP","floor":2},{"not_picked":["Static Discharge","Sunder"],"picked":"Beam Cell","floor":5},{"not_picked":["Reprogram","Melter"],"picked":"Conserve Battery","floor":6},{"not_picked":["Rebound","Reinforced Body"],"picked":"Hologram","floor":8}],"player_experience":1314551,"relics_obtained":[{"floor":6,"key":"Strawberry"},{"floor":8,"key":"Pantograph"},{"floor":9,"key":"War Paint"}],"event_choices":[{"damage_healed":0,"gold_gain":0,"player_choice":"1 cards matched","damage_taken":0,"max_hp_gain":0,"max_hp_loss":0,"event_name":"Match and Keep!","floor":3,"gold_loss":0,"cards_obtained":["Sunder"]}],"is_beta":true,"boss_relics":[],"items_purged_floors":[],"is_endless":false,"potions_floor_spawned":[1,2,5],"killed_by":"Large Slime","ascension_level":12}