{"gold_per_floor":[113,37,55,55,73,73,107,107,188,188],"floor_reached":10,"playtime":326,"items_purged":[],"score":125,"play_id":"23b0c4b7-9554-4645-9f6b-25106c4e9baa","local_time":"20190507212835","is_ascension_mode":true,"campfire_choices":[{"data":"Caltrops","floor":6,"key":"SMITH"}],"neow_cost":"NONE","seed_source_timestamp":1408838892837482,"circlet_count":0,"master_deck":["AscendersBane","Defend_G","Defend_G","Defend_G","Defend_G","Defend_G","Strike_G","Strike_G","Strike_G","Strike_G","Strike_G","Survivor","Neutralize","Dagger Spray","Caltrops+1","Flying Knee","Pain","Calculated Gamble","Sucker Punch"],"relics":["Ring of the Snake","Pen Nib","WarpedTongs","Vajra","Tiny Chest"],"potions_floor_usage":[10],"damage_taken":[{"damage":1,"enemies":"Jaw Worm","floor":1,"turns":6},{"damage":1,"enemies":"Cultist","floor":3,"turns":4},{"damage":1,"enemies":"2 Louse","floor":5,"turns":3},{"damage":30,"enemies":"3 Sentries","floor":7,"turns":7},{"damage":13,"enemies":"Lots of Slimes","floor":10,"turns":2}],"seed_played":"-6589729780063486226","potions_obtained":[{"floor":3,"key":"Swift Potion"},{"floor":5,"key":"GamblersBrew"},{"floor":7,"key":"Strength Potion"}],"is_trial":false,"path_per_floor":["M","$","M","?","M","R","E","?","T","M"],"character_chosen":"THE_SILENT","items_purchased":["Caltrops"],"campfire_rested":0,"item_purchase_floors":[2],"current_hp_per_floor":[58,58,57,57,56,56,26,8,8,0],"gold":188,"neow_bonus":"RANDOM_COMMON_RELIC","is_prod":false,"is_daily":false,"chose_seed":false,"campfire_upgraded":1,"win_rate":0,"timestamp":1557257315,"path_taken":["M","$","M","?","?","R","E","?","T","M"],"build_version":"2019-04-23","purchased_purges":0,"victory":false,"max_hp_per_floor":[66,66,66,66,66,66,66,66,66,66],"card_choices":[{"not_picked":["Flying Knee","Deadly Poison"],"picked":"Dagger Spray","floor":1},{"not_picked":["Poisoned Stab","Outmaneuver"],"picked":"Flying Knee","floor":3},{"not_picked":["Storm of Steel","Accuracy"],"picked":"Calculated Gamble","floor":5},{"not_picked":["Masterful Stab","Concentrate"],"picked":"Sucker Punch","floor":7}],"player_experience":1578407,"relics_obtained":[{"floor":7,"key":"Vajra"},{"floor":9,"key":"Tiny Chest"}],"event_choices":[{"damage_healed":0,"gold_gain":0,"player_choice":"Rummage","damage_taken":0,"relics_obtained":["WarpedTongs"],"max_hp_gain":0,"max_hp_loss":0,"event_name":"Accursed Blacksmith","floor":4,"gold_loss":0,"cards_obtained":["Pain"]},{"damage_healed":0,"gold_gain":0,"player_choice":"Fled","damage_taken":18,"max_hp_gain":0,"max_hp_loss":0,"event_name":"Scrap Ooze","floor":8,"gold_loss":0}],"is_beta":true,"boss_relics":[],"items_purged_floors":[],"is_endless":false,"potions_floor_spawned":[3,5,7],"killed_by":"Lots of Slimes","ascension_level":18}