{"gold_per_floor":[111,122,122,139,139,139,157,192,192,192,192],"floor_reached":11,"playtime":310,"items_purged":[],"score":139,"play_id":"78eb4526-6850-4c72-969e-c26cbfe72bb5","local_time":"20190506134934","is_ascension_mode":true,"campfire_choices":[{"data":"Conserve Battery","floor":6,"key":"SMITH"}],"neow_cost":"NONE","seed_source_timestamp":1294914049498976,"circlet_count":0,"master_deck":["AscendersBane","Strike_B","Strike_B","Strike_B","Strike_B","Defend_B","Defend_B","Defend_B","Defend_B","Zap","Dualcast","Meteor Strike","Ball Lightning","FTL","Conserve Battery+1","Go for the Eyes+1"],"relics":["Cracked Core","Vajra","Question Card","Omamori"],"potions_floor_usage":[11],"damage_taken":[{"damage":4,"enemies":"Jaw Worm","floor":1,"turns":4},{"damage":4,"enemies":"Small Slimes","floor":2,"turns":3},{"damage":3,"enemies":"2 Louse","floor":4,"turns":2},{"damage":4,"enemies":"Red Slaver","floor":7,"turns":3},{"damage":35,"enemies":"Lagavulin","floor":8,"turns":8},{"damage":11,"enemies":"Gremlin Nob","floor":11,"turns":2}],"seed_played":"-4063151064078029116","potions_obtained":[{"floor":8,"key":"FearPotion"}],"is_trial":false,"path_per_floor":["M","M","?","M","?","R","M","E","T","?","E"],"character_chosen":"DEFECT","items_purchased":[],"campfire_rested":0,"item_purchase_floors":[],"current_hp_per_floor":[60,56,61,58,47,47,43,8,8,8,0],"gold":192,"neow_bonus":"ONE_RANDOM_RARE_CARD","is_prod":false,"is_daily":false,"chose_seed":false,"campfire_upgraded":1,"win_rate":0,"timestamp":1557143374,"path_taken":["M","M","?","M","?","R","M","E","T","?","E"],"build_version":"2019-04-23","purchased_purges":0,"victory":false,"max_hp_per_floor":[71,71,76,76,76,76,76,76,76,76,76],"card_choices":[{"not_picked":["Streamline","Capacitor"],"picked":"Ball Lightning","floor":1},{"not_picked":["Turbo","Ball Lightning"],"picked":"FTL","floor":2},{"not_picked":["Consume","Cold Snap"],"picked":"Conserve Battery","floor":4},{"not_picked":["Scrape","Beam Cell"],"picked":"Go for the Eyes","floor":7},{"not_picked":["Static Discharge","Hello World","Force Field"],"picked":"SKIP","floor":8}],"player_experience":1541270,"relics_obtained":[{"floor":8,"key":"Question Card"},{"floor":9,"key":"Omamori"}],"event_choices":[{"damage_healed":0,"gold_gain":0,"player_choice":"Donut","damage_taken":0,"max_hp_gain":5,"max_hp_loss":0,"event_name":"Big Fish","floor":3,"gold_loss":0},{"damage_healed":0,"gold_gain":0,"player_choice":"Success","damage_taken":11,"relics_obtained":["Vajra"],"max_hp_gain":0,"max_hp_loss":0,"event_name":"Scrap Ooze","floor":5,"gold_loss":0},{"damage_healed":0,"gold_gain":0,"player_choice":"Upgraded","damage_taken":0,"max_hp_gain":0,"max_hp_loss":0,"event_name":"Upgrade Shrine","floor":10,"gold_loss":0,"cards_upgraded":["Go for the Eyes"]}],"is_beta":true,"boss_relics":[],"items_purged_floors":[],"is_endless":false,"potions_floor_spawned":[8],"killed_by":"Gremlin Nob","ascension_level":18}