{"gold_per_floor":[114,134,134,144,160,160,195,210,210,210,78,78,3,3,3,3],"floor_reached":16,"playtime":536,"items_purged":["Strike_R"],"score":185,"play_id":"15d47b70-a755-45bf-b681-43dc7a95f0f6","local_time":"20190503150434","is_ascension_mode":true,"campfire_choices":[{"data":"Bash","floor":6,"key":"SMITH"},{"data":"True Grit","floor":12,"key":"SMITH"},{"floor":15,"key":"REST"}],"neow_cost":"NONE","seed_source_timestamp":1039987741583897,"circlet_count":0,"master_deck":["AscendersBane","Strike_R","Strike_R+1","Strike_R","Defend_R","Defend_R+1","Defend_R","Defend_R","Bash+1","Shrug It Off","Cleave","Reaper","Flame Barrier","Clothesline","Shrug It Off","Ghostly Armor","Iron Wave","Armaments","True Grit+1"],"relics":["Burning Blood","Lantern","Regal Pillow","Prayer Wheel"],"potions_floor_usage":[7],"damage_taken":[{"damage":4,"enemies":"Small Slimes","floor":1,"turns":4},{"damage":6,"enemies":"Cultist","floor":2,"turns":4},{"damage":14,"enemies":"Jaw Worm","floor":4,"turns":6},{"damage":15,"enemies":"Looter","floor":5,"turns":5},{"damage":52,"enemies":"3 Sentries","floor":7,"turns":12},{"damage":0,"enemies":"2 Fungi Beasts","floor":8,"turns":3},{"damage":60,"enemies":"Slime Boss","floor":16,"turns":9}],"seed_played":"-8553527041903723300","potions_obtained":[{"floor":5,"key":"BloodPotion"},{"floor":8,"key":"LiquidBronze"}],"is_trial":false,"path_per_floor":["M","M","?","M","M","R","E","M","T","?","$","R","$","?","R","B"],"character_chosen":"IRONCLAD","items_purchased":["Iron Wave","Armaments","True Grit"],"campfire_rested":1,"item_purchase_floors":[11,11,11],"current_hp_per_floor":[70,70,70,66,63,63,32,38,38,15,15,15,15,15,52,0],"gold":3,"neow_bonus":"RANDOM_COMMON_RELIC","is_prod":false,"is_daily":false,"chose_seed":false,"campfire_upgraded":2,"win_rate":0,"timestamp":1556888674,"path_taken":["M","M","?","M","?","R","E","M","T","?","$","R","$","?","R","BOSS"],"build_version":"2019-04-23","purchased_purges":1,"victory":false,"max_hp_per_floor":[75,75,75,75,75,75,75,75,75,75,75,75,75,75,75,75],"card_choices":[{"not_picked":["Wild Strike","Clothesline"],"picked":"Shrug It Off","floor":1},{"not_picked":["Infernal Blade","True Grit"],"picked":"Cleave","floor":2},{"not_picked":["Perfected Strike","Dropkick"],"picked":"Flame Barrier","floor":4},{"not_picked":["Anger","Wild Strike"],"picked":"Clothesline","floor":5},{"not_picked":["Headbutt","Ghostly Armor"],"picked":"Shrug It Off","floor":7},{"not_picked":["Pummel","Reckless Charge"],"picked":"Ghostly Armor","floor":8}],"player_experience":1459881,"relics_obtained":[{"floor":7,"key":"Regal Pillow"},{"floor":9,"key":"Prayer Wheel"}],"event_choices":[{"damage_healed":0,"gold_gain":0,"cards_transformed":["Strike_R"],"player_choice":"Transformed","damage_taken":0,"max_hp_gain":0,"max_hp_loss":0,"event_name":"Transmorgrifier","floor":3,"gold_loss":0,"cards_obtained":["Reaper"]},{"damage_healed":0,"gold_gain":0,"player_choice":"Entered Light","damage_taken":23,"max_hp_gain":0,"max_hp_loss":0,"event_name":"Shining Light","floor":10,"gold_loss":0,"cards_upgraded":["Strike_R","Defend_R"]},{"damage_healed":0,"gold_gain":0,"player_choice":"Searched \u00270\u0027 times","damage_taken":0,"max_hp_gain":0,"max_hp_loss":0,"event_name":"Dead Adventurer","floor":14,"gold_loss":0}],"is_beta":true,"boss_relics":[],"items_purged_floors":[13],"is_endless":false,"potions_floor_spawned":[5,8],"killed_by":"Slime Boss","ascension_level":17}