{"gold_per_floor":[113,129,54,65,65,108,127,127,180,80,100,100,28,53,53,179,179,200,299,314,189,189,189,0,0,0,44,59,72,72],"floor_reached":30,"playtime":1157,"items_purged":["Strike_R","Strike_R","Strike_R"],"score":344,"play_id":"44d8db95-c82c-4947-8123-5e60e1182c1c","local_time":"20180925223720","is_ascension_mode":true,"campfire_choices":[{"data":"Armaments","floor":8,"key":"SMITH"},{"floor":12,"key":"REST"},{"data":"Flex","floor":15,"key":"SMITH"},{"floor":23,"key":"REST"},{"data":"Infernal Blade","floor":25,"key":"SMITH"}],"neow_cost":"NONE","seed_source_timestamp":599769862258799,"circlet_count":0,"master_deck":["Strike_R","Strike_R","Defend_R","Defend_R","Defend_R","Defend_R","Bash","Dark Embrace","Whirlwind+1","Armaments+1","Flex+1","Infernal Blade+1","Shrug It Off","Offering","Heavy Blade+1","Limit Break","Uppercut+1","Panache","Double Tap","Bludgeon","Offering"],"relics":["Burning Blood","Golden Idol","Ancient Tea Set","Tiny Chest","Nloth\u0027s Gift","Omamori","Whetstone"],"potions_floor_usage":[6],"damage_taken":[{"damage":11,"enemies":"2 Louse","floor":1,"turns":3},{"damage":10,"enemies":"Small Slimes","floor":2,"turns":2},{"damage":1,"enemies":"Cultist","floor":4,"turns":3},{"damage":18,"enemies":"Gremlin Nob","floor":6,"turns":3},{"damage":0,"enemies":"3 Louse","floor":7,"turns":2},{"damage":13,"enemies":"Exordium Thugs","floor":11,"turns":4},{"damage":11,"enemies":"Large Slime","floor":14,"turns":2},{"damage":43,"enemies":"The Guardian","floor":16,"turns":10},{"damage":37,"enemies":"Chosen","floor":18,"turns":7},{"damage":12,"enemies":"Spheric Guardian","floor":20,"turns":3},{"damage":6,"enemies":"Gremlin Leader","floor":27,"turns":4},{"damage":27,"enemies":"3 Cultists","floor":28,"turns":4},{"damage":17,"enemies":"Snake Plant","floor":29,"turns":3},{"damage":35,"enemies":"Cultist and Chosen","floor":30,"turns":5}],"seed_played":"-7458837900707901207","potions_obtained":[{"floor":2,"key":"LiquidBronze"},{"floor":4,"key":"AttackPotion"},{"floor":11,"key":"Regen Potion"},{"floor":18,"key":"SneckoOil"},{"floor":28,"key":"Regen Potion"}],"is_trial":false,"path_per_floor":["M","M","$","M","?","E","M","R","T","$","M","R","$","M","R","B",null,"M","?","M","$","?","R","$","R","T","E","M","M"],"character_chosen":"IRONCLAD","items_purchased":["Offering","Panache"],"campfire_rested":2,"item_purchase_floors":[13,24],"current_hp_per_floor":[75,71,71,76,56,44,50,50,50,50,43,67,67,65,65,28,69,38,38,32,32,32,56,56,56,56,56,35,24,0],"gold":72,"neow_bonus":"ONE_RANDOM_RARE_CARD","is_prod":false,"is_daily":false,"chose_seed":false,"campfire_upgraded":3,"win_rate":0,"timestamp":1537929440,"path_taken":["M","M","$","M","?","E","M","R","T","$","M","R","?","M","R","BOSS","M","?","?","$","?","R","?","R","T","E","M","M","M"],"build_version":"2018-09-20","purchased_purges":3,"victory":false,"max_hp_per_floor":[80,80,80,80,80,80,80,80,80,80,80,80,80,83,83,83,83,83,83,83,83,83,83,83,83,83,83,83,83,83],"card_choices":[{"not_picked":["Warcry","Anger"],"picked":"Whirlwind","floor":1},{"not_picked":["Anger","Battle Trance"],"picked":"Armaments","floor":2},{"not_picked":["Intimidate","Feel No Pain"],"picked":"Flex","floor":4},{"not_picked":["Headbutt","Iron Wave"],"picked":"Infernal Blade","floor":6},{"not_picked":["Clothesline","Warcry"],"picked":"Shrug It Off","floor":7},{"not_picked":["Twin Strike","Hemokinesis","Clothesline"],"picked":"SKIP","floor":11},{"not_picked":["Reckless Charge","Sword Boomerang"],"picked":"Heavy Blade","floor":14},{"not_picked":["Berserk","Juggernaut"],"picked":"Limit Break","floor":16},{"not_picked":["Wild Strike","Twin Strike","Iron Wave"],"picked":"SKIP","floor":18},{"not_picked":["Headbutt","Dual Wield+1"],"picked":"Uppercut+1","floor":20},{"not_picked":["Headbutt+1","Twin Strike+1"],"picked":"Double Tap","floor":27},{"not_picked":["Perfected Strike","Iron Wave"],"picked":"Bludgeon","floor":28},{"not_picked":["Heavy Blade","Cleave"],"picked":"Offering","floor":29}],"player_experience":906412,"relics_obtained":[{"floor":6,"key":"Ancient Tea Set"},{"floor":9,"key":"Tiny Chest"},{"floor":26,"key":"Omamori"},{"floor":27,"key":"Whetstone"}],"event_choices":[{"event_name":"Golden Idol","player_choice":"Take Damage","floor":5,"damage_taken":0},{"event_name":"Nest","player_choice":"Stole From Cult","floor":19,"damage_taken":0},{"event_name":"N\u0027loth","player_choice":"Traded a White Beast Statue","floor":22,"damage_taken":0}],"is_beta":false,"boss_relics":[{"not_picked":["Runic Dome","Runic Pyramid"],"picked":"White Beast Statue"}],"items_purged_floors":[3,10,21],"is_endless":false,"potions_floor_spawned":[2,4,11,18,20,28],"killed_by":"Cultist and Chosen","ascension_level":5}