{"gold_per_floor":[110,130,130,142,142,167,178,178,178,190,190,201,201,212,212,212],"floor_reached":16,"playtime":1770,"items_purged":[],"score":208,"play_id":"35cafcf5-a609-4b64-9acf-4946367d3aec","local_time":"20190512215644","is_ascension_mode":true,"campfire_choices":[{"floor":8,"key":"REST"},{"floor":11,"key":"REST"},{"floor":13,"key":"REST"},{"data":"Leap","floor":15,"key":"SMITH"}],"neow_cost":"NONE","seed_source_timestamp":1841083474745254,"circlet_count":0,"master_deck":["AscendersBane","Strike_B","Strike_B","Strike_B","Strike_B","Defend_B","Defend_B","Defend_B","Defend_B","Zap","Dualcast","Coolheaded","Capacitor","Compile Driver","Stack","Cold Snap","Coolheaded","Go for the Eyes","Leap+1"],"relics":["Cracked Core","NeowsBlessing","Vajra","Ginger","Singing Bowl"],"potions_floor_usage":[6,7,16],"damage_taken":[{"damage":0,"enemies":"Cultist","floor":1,"turns":1},{"damage":0,"enemies":"Jaw Worm","floor":2,"turns":1},{"damage":0,"enemies":"Small Slimes","floor":4,"turns":1},{"damage":60,"enemies":"Lagavulin","floor":6,"turns":9},{"damage":7,"enemies":"Exordium Wildlife","floor":7,"turns":7},{"damage":9,"enemies":"Looter","floor":10,"turns":4},{"damage":16,"enemies":"Exordium Thugs","floor":12,"turns":8},{"damage":0,"enemies":"Large Slime","floor":14,"turns":5},{"damage":61,"enemies":"Slime Boss","floor":16,"turns":9}],"seed_played":"1750482369303267326","potions_obtained":[{"floor":4,"key":"EssenceOfSteel"},{"floor":6,"key":"Fruit Juice"},{"floor":7,"key":"SkillPotion"},{"floor":12,"key":"Regen Potion"}],"is_trial":false,"path_per_floor":["M","M","?","M","?","E","M","R","T","M","R","M","R","M","R","B"],"character_chosen":"DEFECT","items_purchased":[],"campfire_rested":3,"item_purchase_floors":[],"current_hp_per_floor":[64,64,69,69,64,4,2,26,26,17,41,25,49,49,49,0],"gold":212,"neow_bonus":"THREE_ENEMY_KILL","is_prod":false,"is_daily":false,"chose_seed":false,"campfire_upgraded":1,"win_rate":0,"timestamp":1557691004,"path_taken":["M","?","?","M","?","E","M","R","T","M","R","M","R","?","R","BOSS"],"build_version":"2019-05-07","purchased_purges":0,"victory":false,"max_hp_per_floor":[71,71,76,76,76,76,81,81,81,81,81,81,81,81,81,81],"card_choices":[{"not_picked":["Beam Cell","Scrape"],"picked":"Coolheaded","floor":1},{"not_picked":["Hologram","Auto Shields"],"picked":"Capacitor","floor":2},{"not_picked":["Barrage","Rebound"],"picked":"Compile Driver","floor":4},{"not_picked":["Storm","Beam Cell"],"picked":"Stack","floor":6},{"not_picked":["Capacitor","Skim"],"picked":"Cold Snap","floor":7},{"not_picked":["Barrage","Go for the Eyes"],"picked":"Coolheaded","floor":10},{"not_picked":["Redo","Gash"],"picked":"Go for the Eyes","floor":12},{"not_picked":["Auto Shields","Compile Driver"],"picked":"Leap","floor":14}],"player_experience":1865030,"relics_obtained":[{"floor":6,"key":"Ginger"},{"floor":9,"key":"Singing Bowl"}],"event_choices":[{"damage_healed":0,"gold_gain":0,"player_choice":"Donut","damage_taken":0,"max_hp_gain":5,"max_hp_loss":0,"event_name":"Big Fish","floor":3,"gold_loss":0},{"damage_healed":0,"gold_gain":0,"player_choice":"Success","damage_taken":5,"relics_obtained":["Vajra"],"max_hp_gain":0,"max_hp_loss":0,"event_name":"Scrap Ooze","floor":5,"gold_loss":0}],"is_beta":true,"boss_relics":[],"items_purged_floors":[],"is_endless":false,"potions_floor_spawned":[4,6,7,12],"killed_by":"Slime Boss","ascension_level":20}