{"gold_per_floor":[111,131,56,131,149,149,165,176,176,176,196,196,161,180,180,282,282,294,294,310,20,33,33,33],"floor_reached":24,"playtime":1022,"items_purged":[],"score":266,"play_id":"c55031ee-764c-4bda-b3de-e747215b0d70","local_time":"20190314003659","is_ascension_mode":true,"campfire_choices":[{"data":"Dualcast","floor":6,"key":"SMITH"},{"floor":10,"key":"REST"},{"floor":12,"key":"REST"},{"data":"Loop","floor":15,"key":"SMITH"},{"floor":23,"key":"REST"}],"neow_cost":"NONE","seed_source_timestamp":20071955697300,"circlet_count":0,"master_deck":["Strike_B","Strike_B","Strike_B","Strike_B","Defend_B","Defend_B","Defend_B","Defend_B","Zap","Dualcast+1","Coolheaded","Capacitor","Leap","Melter","Tempest","Loop+1","Genetic Algorithm","Conserve Battery","Cold Snap","Electrodynamics","Self Repair","Electrodynamics","Fusion+1","Bandage Up","Sunder+1"],"relics":["Cracked Core","Singing Bowl","Inserter","Chemical X"],"potions_floor_usage":[8,22],"damage_taken":[{"damage":11,"enemies":"2 Louse","floor":1,"turns":3},{"damage":6,"enemies":"Cultist","floor":2,"turns":4},{"damage":2,"enemies":"Jaw Worm","floor":5,"turns":6},{"damage":9,"enemies":"Large Slime","floor":7,"turns":9},{"damage":26,"enemies":"Exordium Thugs","floor":8,"turns":4},{"damage":16,"enemies":"3 Louse","floor":11,"turns":3},{"damage":5,"enemies":"Looter","floor":14,"turns":3},{"damage":39,"enemies":"Hexaghost","floor":16,"turns":15},{"damage":10,"enemies":"Shell Parasite","floor":18,"turns":7},{"damage":40,"enemies":"Chosen","floor":20,"turns":7},{"damage":12,"enemies":"Centurion and Healer","floor":22,"turns":5},{"damage":46,"enemies":"Book of Stabbing","floor":24,"turns":5}],"seed_played":"6713520690795089778","potions_obtained":[{"floor":1,"key":"SpeedPotion"},{"floor":5,"key":"PowerPotion"},{"floor":8,"key":"GamblersBrew"},{"floor":16,"key":"SpeedPotion"},{"floor":18,"key":"Strength Potion"}],"is_trial":false,"path_per_floor":["M","M","$","?","M","R","M","M","T","R","M","R","?","M","R","B",null,"M","?","M","$","M","R","E"],"character_chosen":"DEFECT","items_purchased":["Melter","Chemical X","Bandage Up"],"campfire_rested":3,"item_purchase_floors":[3,21,21],"current_hp_per_floor":[57,51,51,44,42,42,33,7,7,29,13,35,53,48,48,9,59,49,49,16,16,15,37,0],"gold":33,"neow_bonus":"THREE_CARDS","is_prod":false,"is_daily":false,"chose_seed":false,"campfire_upgraded":2,"win_rate":0,"timestamp":1552538219,"path_taken":["M","M","$","?","M","R","?","M","T","R","M","R","?","M","R","BOSS","M","?","M","$","M","R","E"],"build_version":"2019-01-23","purchased_purges":0,"victory":false,"max_hp_per_floor":[75,75,75,75,75,75,75,75,75,75,75,75,75,75,75,75,75,75,75,75,75,75,75,75],"card_choices":[{"not_picked":["Beam Cell","Steam"],"picked":"Coolheaded","floor":0},{"not_picked":["Doom and Gloom","Heatsinks"],"picked":"Capacitor","floor":1},{"not_picked":["Steam","Rip and Tear"],"picked":"Leap","floor":2},{"not_picked":["Leap","Melter"],"picked":"Tempest","floor":5},{"not_picked":["Double Energy","Leap"],"picked":"Loop","floor":7},{"not_picked":["Stack","Turbo"],"picked":"Genetic Algorithm","floor":8},{"not_picked":["Hello World","Steam"],"picked":"Conserve Battery","floor":11},{"not_picked":["Steam","Streamline"],"picked":"Cold Snap","floor":14},{"not_picked":["Hyperbeam","Reboot"],"picked":"Electrodynamics","floor":16},{"not_picked":["BootSequence+1","Gash"],"picked":"Self Repair","floor":18},{"not_picked":["Scrape+1","Sweeping Beam"],"picked":"Fusion+1","floor":20},{"not_picked":["Rebound","Beam Cell"],"picked":"Sunder+1","floor":22}],"player_experience":2415892,"relics_obtained":[{"floor":9,"key":"Singing Bowl"}],"event_choices":[{"damage_healed":0,"gold_gain":75,"player_choice":"Touch","damage_taken":7,"max_hp_gain":0,"max_hp_loss":0,"event_name":"FaceTrader","floor":4,"gold_loss":0},{"damage_healed":18,"gold_gain":0,"player_choice":"Healed","damage_taken":0,"max_hp_gain":0,"max_hp_loss":0,"event_name":"The Cleric","floor":13,"gold_loss":35},{"damage_healed":0,"gold_gain":0,"player_choice":"Copied","damage_taken":0,"max_hp_gain":0,"max_hp_loss":0,"event_name":"Duplicator","floor":19,"gold_loss":0,"cards_obtained":["Electrodynamics"]}],"is_beta":false,"boss_relics":[{"not_picked":["Orrery","Sozu"],"picked":"Inserter"}],"items_purged_floors":[],"is_endless":false,"potions_floor_spawned":[1,5,8,16,18],"killed_by":"Book of Stabbing","ascension_level":8}