{"gold_per_floor":[111,125,135,90,90,90,90,130,130,305,323,31,47,65,65,189,189,212,255,255,355,27,27,37,37,62,62,62,62,78,104,104,204,204,214,12,32,254,76,76,76,106,106,132,143,19,19,31,31,31],"floor_reached":51,"playtime":3224,"items_purged":["Doubt"],"score":1154,"play_id":"d786772c-f6ac-435a-a6f1-0b079fc0f7a8","local_time":"20190419223845","is_ascension_mode":true,"campfire_choices":[{"data":"Noxious Fumes","floor":6.0,"key":"SMITH"},{"floor":15.0,"key":"REST"},{"floor":23.0,"key":"REST"},{"floor":25.0,"key":"DIG"},{"floor":27.0,"key":"DIG"},{"floor":32.0,"key":"REST"},{"data":"Leg Sweep","floor":40.0,"key":"SMITH"},{"floor":49.0,"key":"REST"}],"neow_cost":"NONE","seed_source_timestamp":15479360979600,"circlet_count":0,"master_deck":["AscendersBane","Defend_G","Defend_G","Defend_G","Defend_G","Defend_G","Strike_G","Strike_G","Survivor","Neutralize","Noxious Fumes+1","Sucker Punch","PiercingWail","Cloak And Dagger","Corpse Explosion","Leg Sweep+1","Backstab","Die Die Die","Dagger Spray","Poisoned Stab+1","Crippling Poison","Well Laid Plans","Leg Sweep","Dash+1","Blade Dance+1","Tools of the Trade","Escape Plan+1","Catalyst+1","All Out Attack+1","Catalyst","Slice+1","Cloak And Dagger","Sucker Punch+1","Heel Hook+1","Finisher+1","Blade Dance+1"],"special_seed":0,"relics":["Ring of the Snake","Bloody Idol","Shuriken","Shovel","Gremlin Horn","Anchor","Bag of Marbles","WristBlade","Red Mask","Calipers","Molten Egg 2","Paper Crane","Omamori","Snake Skull","Ginger","Vajra","Astrolabe","Membership Card","FossilizedHelix","Mango","Letter Opener","Centennial Puzzle","TwistedFunnel"],"potions_floor_usage":[50,50],"damage_taken":[{"damage":0.0,"enemies":"Cultist","floor":1.0,"turns":5.0},{"damage":4.0,"enemies":"Jaw Worm","floor":2.0,"turns":5.0},{"damage":2.0,"enemies":"2 Louse","floor":3.0,"turns":4.0},{"damage":10.0,"enemies":"Looter","floor":4.0,"turns":5.0},{"damage":19.0,"enemies":"3 Sentries","floor":8.0,"turns":8.0},{"damage":4.0,"enemies":"Blue Slaver","floor":11.0,"turns":4.0},{"damage":1.0,"enemies":"Large Slime","floor":13.0,"turns":5.0},{"damage":0.0,"enemies":"2 Fungi Beasts","floor":14.0,"turns":2.0},{"damage":24.0,"enemies":"The Guardian","floor":16.0,"turns":14.0},{"damage":2.0,"enemies":"2 Thieves","floor":18.0,"turns":5.0},{"damage":0.0,"enemies":"Masked Bandits","floor":19.0,"turns":1.0},{"damage":0.0,"enemies":"Colosseum Slavers","floor":21.0,"turns":1.0},{"damage":13.0,"enemies":"Colosseum Nobs","floor":21.0,"turns":3.0},{"damage":0.0,"enemies":"Spheric Guardian","floor":24.0,"turns":3.0},{"damage":14.0,"enemies":"Centurion and Healer","floor":30.0,"turns":3.0},{"damage":28.0,"enemies":"Gremlin Leader","floor":31.0,"turns":6.0},{"damage":43.0,"enemies":"Collector","floor":33.0,"turns":7.0},{"damage":0.0,"enemies":"3 Shapes","floor":35.0,"turns":2.0},{"damage":6.0,"enemies":"Orb Walker","floor":37.0,"turns":3.0},{"damage":14.0,"enemies":"Reptomancer","floor":42.0,"turns":7.0},{"damage":27.0,"enemies":"Giant Head","floor":44.0,"turns":8.0},{"damage":6.0,"enemies":"Maw","floor":45.0,"turns":7.0},{"damage":0.0,"enemies":"3 Darklings","floor":48.0,"turns":1.0},{"damage":74,"enemies":"Time Eater","floor":50,"turns":10}],"seed_played":"-4118850646126758081","potions_obtained":[{"floor":1.0,"key":"LiquidBronze"},{"floor":11.0,"key":"LiquidBronze"},{"floor":13.0,"key":"Strength Potion"},{"floor":21.0,"key":"Swift Potion"},{"floor":24.0,"key":"Strength Potion"},{"floor":33.0,"key":"Swift Potion"},{"floor":37.0,"key":"SkillPotion"},{"floor":42.0,"key":"AttackPotion"},{"floor":44.0,"key":"SteroidPotion"}],"is_trial":false,"path_per_floor":["M","M","M","M","?","R","?","E","T","?","M","$","M","M","R","B",null,"M","?","?","?","$","R","M","R","T","R","?","?","M","E","R","B",null,"M","$","M","?","$","R","?","E","T","E","M","$","?","M","R","B",null],"character_chosen":"THE_SILENT","items_purchased":["Anchor","Bag of Marbles","Paper Crane","Membership Card","FossilizedHelix","Cloak And Dagger","TwistedFunnel","Block Potion"],"campfire_rested":4,"item_purchase_floors":[12,12,22,36,39,39,46,46],"current_hp_per_floor":[70,66,64,54,54,54,51,32,32,32,28,28,27,27,48,24,59,57,57,57,49,49,70,71,71,71,71,71,71,62,39,60,22,59,64,64,63,68,68,68,68,73,73,51,50,50,50,55,79,5],"gold":31,"neow_bonus":"TEN_PERCENT_HP_BONUS","is_prod":false,"is_daily":false,"chose_seed":false,"campfire_upgraded":2,"win_rate":0,"timestamp":1555706325,"path_taken":["M","M","M","M","?","R","?","E","T","?","M","$","M","M","R","BOSS","M","?","?","?","$","R","M","R","T","R","?","?","M","E","R","BOSS","M","$","M","?","$","R","?","E","T","E","?","$","?","M","R","BOSS"],"build_version":"2019-01-23","purchased_purges":1,"victory":true,"max_hp_per_floor":[77,77,77,77,71,71,71,71,71,71,71,71,71,71,71,71,71,71,71,71,71,71,71,71,71,71,71,71,71,71,71,71,71,71,71,71,71,71,71,71,71,85,85,85,85,85,81,81,81,81],"card_choices":[{"not_picked":["Dagger Throw","Deadly Poison"],"picked":"Noxious Fumes","floor":1.0},{"not_picked":["Bane","Endless Agony"],"picked":"Sucker Punch","floor":2.0},{"not_picked":["Catalyst","Reflex"],"picked":"PiercingWail","floor":3.0},{"not_picked":["Terror","Finisher"],"picked":"Cloak And Dagger","floor":4.0},{"not_picked":["Deadly Poison","Reflex"],"picked":"Predator","floor":8.0},{"not_picked":["Slice","Dagger Spray"],"picked":"Corpse Explosion","floor":11.0},{"not_picked":["Poisoned Stab","Deadly Poison"],"picked":"Leg Sweep","floor":13.0},{"not_picked":["Deadly Poison","Terror"],"picked":"Backstab","floor":14.0},{"not_picked":["Adrenaline","Night Terror"],"picked":"Die Die Die","floor":16.0},{"not_picked":["Eviscerate","Acrobatics"],"picked":"Dagger Spray","floor":18.0},{"not_picked":["Outmaneuver","Prepared"],"picked":"Poisoned Stab+1","floor":19.0},{"not_picked":["Predator+1","Dagger Throw"],"picked":"Crippling Poison","floor":21.0},{"not_picked":["Dagger Throw+1","Corpse Explosion"],"picked":"Well Laid Plans","floor":24.0},{"not_picked":["Terror","Blade Dance+1"],"picked":"Dash+1","floor":30.0},{"not_picked":["Storm of Steel","Well Laid Plans"],"picked":"Blade Dance+1","floor":31.0},{"not_picked":["Storm of Steel","Wraith Form v2"],"picked":"Tools of the Trade","floor":33.0},{"not_picked":["Quick Slash+1","Skewer+1"],"picked":"Catalyst","floor":35.0},{"not_picked":["Flying Knee+1","Dagger Throw+1"],"picked":"Slice+1","floor":37.0},{"not_picked":["Reflex","All Out Attack+1"],"picked":"Heel Hook+1","floor":42.0},{"not_picked":["Slice+1","Quick Slash+1"],"picked":"Finisher+1","floor":44.0},{"not_picked":["Prepared","Quick Slash+1","PiercingWail"],"picked":"SKIP","floor":45.0},{"not_picked":["Backstab+1","Dodge and Roll"],"picked":"Blade Dance+1","floor":48.0}],"player_experience":672293,"relics_obtained":[{"floor":8.0,"key":"Shovel"},{"floor":9.0,"key":"Gremlin Horn"},{"floor":19.0,"key":"Red Mask"},{"floor":21.0,"key":"Calipers"},{"floor":21.0,"key":"Molten Egg 2"},{"floor":25.0,"key":"Omamori"},{"floor":26.0,"key":"Snake Skull"},{"floor":27.0,"key":"Ginger"},{"floor":31.0,"key":"Vajra"},{"floor":42.0,"key":"Mango"},{"floor":43.0,"key":"Letter Opener"},{"floor":44.0,"key":"Centennial Puzzle"}],"event_choices":[{"damage_healed":0.0,"max_hp_gain":0.0,"max_hp_loss":6.0,"gold_gain":0.0,"event_name":"Golden Idol","player_choice":"Lose Max HP","floor":5.0,"gold_loss":0.0,"damage_taken":0.0,"relics_obtained":["Golden Idol"]},{"damage_healed":0.0,"max_hp_gain":0.0,"max_hp_loss":0.0,"gold_gain":0.0,"event_name":"Scrap Ooze","player_choice":"Success","floor":7.0,"gold_loss":0.0,"damage_taken":3.0,"relics_obtained":["Shuriken"]},{"damage_healed":0.0,"max_hp_gain":0.0,"max_hp_loss":0.0,"gold_gain":175.0,"event_name":"Liars Game","player_choice":"AGREE","floor":10.0,"gold_loss":0.0,"damage_taken":0.0,"cards_obtained":["Doubt"]},{"damage_healed":0.0,"max_hp_gain":0.0,"max_hp_loss":0.0,"gold_gain":0.0,"event_name":"Masked Bandits","player_choice":"Fought Bandits","floor":19.0,"gold_loss":0.0,"damage_taken":0.0},{"damage_healed":0.0,"max_hp_gain":0.0,"max_hp_loss":0.0,"gold_gain":0.0,"event_name":"Forgotten Altar","player_choice":"Gave Idol","floor":20.0,"relics_lost":["Golden Idol"],"gold_loss":0.0,"damage_taken":0.0,"relics_obtained":["Bloody Idol"]},{"damage_healed":0.0,"max_hp_gain":0.0,"max_hp_loss":0.0,"gold_gain":0.0,"event_name":"Colosseum","player_choice":"Fight","floor":21.0,"gold_loss":0.0,"damage_taken":0.0},{"damage_healed":0.0,"max_hp_gain":0.0,"max_hp_loss":0.0,"gold_gain":0.0,"event_name":"Colosseum","player_choice":"Fought Nobs","floor":21.0,"gold_loss":0.0,"damage_taken":0.0},{"damage_healed":0.0,"max_hp_gain":0.0,"max_hp_loss":0.0,"gold_gain":0.0,"event_name":"The Library","player_choice":"Read","floor":28.0,"gold_loss":0.0,"damage_taken":0.0,"cards_obtained":["Leg Sweep"]},{"damage_healed":0.0,"max_hp_gain":0.0,"max_hp_loss":0.0,"gold_gain":0.0,"event_name":"Beggar","player_choice":"Ignored","floor":29.0,"gold_loss":0.0,"damage_taken":0.0},{"damage_healed":0.0,"max_hp_gain":0.0,"max_hp_loss":0.0,"gold_gain":222.0,"event_name":"Tomb of Lord Red Mask","player_choice":"Wore Mask","floor":38.0,"gold_loss":0.0,"damage_taken":0.0},{"damage_healed":0.0,"max_hp_gain":0.0,"max_hp_loss":0.0,"gold_gain":0.0,"cards_transformed":["Predator"],"event_name":"Transmorgrifier","player_choice":"Transformed","floor":41.0,"gold_loss":0.0,"damage_taken":0.0,"cards_obtained":["Sucker Punch"]},{"damage_healed":0.0,"max_hp_gain":0.0,"max_hp_loss":4.0,"gold_gain":0.0,"event_name":"Winding Halls","player_choice":"Max HP","floor":47.0,"gold_loss":0.0,"damage_taken":0.0}],"is_beta":false,"boss_relics":[{"not_picked":["Velvet Choker","White Beast Statue"],"picked":"WristBlade"},{"not_picked":["HoveringKite","Snecko Eye"],"picked":"Astrolabe"}],"items_purged_floors":[22],"is_endless":false,"potions_floor_spawned":[1,11,13,14,16,21,21,24,30,33,37,42,44,48],"ascension_level":11}