{"path_per_floor":["M","M","?","M","?","E","M","R","T","E","M","?","$","M","R","B",null,"M","M","?","?","M","R"],"character_chosen":"IRONCLAD","items_purchased":["Meat on the Bone"],"gold_per_floor":[109,129,129,153,228,259,275,275,327,365,379,379,49,74,74,204,204,222,236,236,151,165,165],"floor_reached":24,"campfire_rested":1,"playtime":1513,"current_hp_per_floor":[80,80,60,63,52,41,44,44,44,25,24,8,8,26,50,55,64,48,45,29,29,33,33],"items_purged":["Strike_R"],"gold":165,"play_id":"2130be51-8618-414f-a8dc-adc4dbcdeb04","is_prod":false,"is_daily":false,"is_ascension_mode":false,"campfire_upgraded":2,"path_taken":["M","M","?","M","?","E","M","R","T","E","M","?","$","M","R","BOSS","M","M","?","?","?","R","E"],"build_version":"2018-01-25-PROD3","purchased_purges":1,"victory":false,"master_deck":["Strike_R","Strike_R","Strike_R","Strike_R","Defend_R+1","Defend_R","Defend_R","Defend_R","Bash+1","Bloodletting+1","Heavy Blade+1","Rupture","Offering+1","Heavy Blade+1","Whirlwind","Clash","Feed+1","Warcry+1","Sword Boomerang+1","Necronomicurse","Berserk"],"max_hp_per_floor":[80,80,80,80,80,80,80,80,80,80,80,80,80,80,80,80,64,67,70,70,70,74,74],"relics":["Burning Blood","Golden Idol","War Paint","Lantern","Toolbox","Meat on the Bone","Runic Cube","Necronomicon","Bag of Marbles"],"card_choices":[{"not_picked":["Warcry","Armaments"],"picked":"Bloodletting"},{"not_picked":["Sever Soul","Second Wind"],"picked":"Heavy Blade"},{"not_picked":["Searing Blow","Sword Boomerang"],"picked":"Rupture"},{"not_picked":["Whirlwind","Warcry"],"picked":"Offering"},{"not_picked":["Sword Boomerang","Iron Wave"],"picked":"Heavy Blade"},{"not_picked":["Shrug It Off","Carnage"],"picked":"Whirlwind"},{"not_picked":["Cleave","Shockwave"],"picked":"Clash"},{"not_picked":["Offering","Reaper"],"picked":"Feed"},{"not_picked":["Headbutt","Intimidate"],"picked":"Warcry"},{"not_picked":["Pommel Strike","Metallicize"],"picked":"Sword Boomerang"},{"not_picked":["Heavy Blade","Perfected Strike"],"picked":"Berserk"}],"player_experience":253510,"potions_floor_usage":[7,14,16,22,24],"damage_taken":[{"damage":0,"enemies":"2 Louse","floor":1,"turns":3},{"damage":6,"enemies":"Cultist","floor":2,"turns":4},{"damage":3,"enemies":"Jaw Worm","floor":4,"turns":4},{"damage":17,"enemies":"Gremlin Nob","floor":6,"turns":3},{"damage":3,"enemies":"Exordium Wildlife","floor":7,"turns":3},{"damage":25,"enemies":"Lagavulin","floor":10,"turns":3},{"damage":7,"enemies":"2 Fungi Beasts","floor":11,"turns":1},{"damage":4,"enemies":"Looter","floor":14,"turns":2},{"damage":13,"enemies":"Slime Boss","floor":16,"turns":3},{"damage":25,"enemies":"2 Thieves","floor":18,"turns":3},{"damage":12,"enemies":"Chosen","floor":19,"turns":4},{"damage":18,"enemies":"Sentry and Sphere","floor":22,"turns":5},{"damage":38,"enemies":"Gremlin Leader","floor":24,"turns":5}],"event_choices":[{"event_name":"Golden Idol","player_choice":"Take Damage","floor":3,"damage_taken":0},{"event_name":"World of Goop","player_choice":"Gather Gold","floor":5,"damage_taken":0},{"event_name":"Shining Light","player_choice":"Entered Light","floor":12,"damage_taken":0},{"event_name":"Cursed Tome","player_choice":"Obtained Book","floor":20,"damage_taken":0},{"event_name":"Addict","player_choice":"Obtained Relic","floor":21,"damage_taken":0}],"boss_relics":[{"not_picked":["Eternal Feather","Lizard Tail"],"picked":"Runic Cube"}],"potions_floor_spawned":[2,4,6,14,19],"seed_played":"-8762931099231931414","killed_by":"Gremlin Leader","ascension_level":0,"is_trial":false}