{"gold_per_floor":[112,124,142,142,11,11,39,39,39,49,49,80,5,5,5,5],"floor_reached":16,"playtime":506,"items_purged":["Strike_B"],"score":205,"play_id":"ef90f075-fe30-4d33-bb16-9eb7d65f700c","local_time":"20190506103855","is_ascension_mode":true,"campfire_choices":[{"data":"Self Repair","floor":6,"key":"SMITH"},{"data":"Stack","floor":8,"key":"SMITH"},{"data":"Stack","floor":11,"key":"SMITH"},{"data":"Barrage","floor":15,"key":"SMITH"}],"neow_cost":"NONE","seed_source_timestamp":1283278033770399,"circlet_count":0,"master_deck":["AscendersBane","Strike_B","Strike_B","Defend_B","Defend_B","Defend_B","Defend_B","Zap","Dualcast","Sweeping Beam","Barrage+1","BootSequence","Self Repair+1","Stack+1","Leap+1","Stack+1","Ball Lightning"],"relics":["Cracked Core","NeowsBlessing","Dead Branch","Question Card","Turnip"],"potions_floor_usage":[7],"damage_taken":[{"damage":0,"enemies":"Cultist","floor":1,"turns":1},{"damage":0,"enemies":"Jaw Worm","floor":2,"turns":1},{"damage":0,"enemies":"Small Slimes","floor":3,"turns":1},{"damage":46,"enemies":"Lagavulin","floor":7,"turns":10},{"damage":3,"enemies":"Blue Slaver","floor":10,"turns":4},{"damage":10,"enemies":"3 Sentries","floor":12,"turns":8},{"damage":47,"enemies":"Slime Boss","floor":16,"turns":8}],"seed_played":"4472442888931728168","potions_obtained":[{"floor":2,"key":"SteroidPotion"}],"is_trial":false,"path_per_floor":["M","M","M","?","$","R","E","R","T","M","R","E","$","?","R","B"],"character_chosen":"DEFECT","items_purchased":["Self Repair","Stack"],"campfire_rested":0,"item_purchase_floors":[5,5],"current_hp_per_floor":[64,64,64,64,64,64,28,28,28,35,35,45,45,45,45,0],"gold":5,"neow_bonus":"THREE_ENEMY_KILL","is_prod":false,"is_daily":false,"chose_seed":false,"campfire_upgraded":4,"win_rate":0,"timestamp":1557131935,"path_taken":["M","?","M","?","$","R","E","R","T","?","R","E","$","?","R","BOSS"],"build_version":"2019-04-23","purchased_purges":1,"victory":false,"max_hp_per_floor":[71,71,71,71,71,71,71,71,71,71,71,71,71,71,71,71],"card_choices":[{"not_picked":["Leap","Reprogram"],"picked":"Sweeping Beam","floor":1},{"not_picked":["Rebound","Blizzard"],"picked":"Barrage","floor":2},{"not_picked":["Hologram","Cold Snap"],"picked":"BootSequence","floor":3},{"not_picked":["Hologram","Darkness"],"picked":"Leap","floor":7},{"not_picked":["Beam Cell","Redo","Rebound"],"picked":"Stack","floor":10},{"not_picked":["Rainbow","Coolheaded","Blizzard"],"picked":"Ball Lightning","floor":12}],"player_experience":1532858,"relics_obtained":[{"floor":7,"key":"Dead Branch"},{"floor":9,"key":"Question Card"},{"floor":12,"key":"Turnip"}],"event_choices":[{"cards_removed":["Strike_B"],"damage_healed":0,"gold_gain":0,"player_choice":"Card Removal","damage_taken":0,"max_hp_gain":0,"max_hp_loss":0,"event_name":"Wheel of Change","floor":4,"gold_loss":0},{"damage_healed":0,"gold_gain":0,"player_choice":"Grow","damage_taken":0,"max_hp_gain":0,"max_hp_loss":0,"event_name":"Living Wall","floor":14,"gold_loss":0,"cards_upgraded":["Leap"]}],"is_beta":true,"boss_relics":[],"items_purged_floors":[13],"is_endless":false,"potions_floor_spawned":[2],"killed_by":"Slime Boss","ascension_level":18}