{"gold_per_floor":[114,43,57,75,75,106,125,160,185,185],"floor_reached":10,"playtime":681,"items_purged":[],"score":94,"play_id":"e080a3aa-e586-4147-b55d-516c1c63eb3a","local_time":"20190518184545","is_ascension_mode":true,"campfire_choices":[],"neow_cost":"NONE","seed_source_timestamp":7023207171783,"circlet_count":0,"master_deck":["Defend_G","Defend_G","Defend_G","Defend_G","Defend_G","Strike_G","Strike_G","Strike_G","Strike_G","Survivor","Neutralize","Poisoned Stab","Infinite Blades","Escape Plan","Calculated Gamble","Setup","Well Laid Plans","Underhanded Strike"],"relics":["Ring of the Snake","NeowsBlessing","Regal Pillow","Oddly Smooth Stone"],"potions_floor_usage":[10,10],"damage_taken":[{"damage":0,"enemies":"Jaw Worm","floor":1,"turns":1},{"damage":0,"enemies":"Cultist","floor":3,"turns":1},{"damage":0,"enemies":"Small Slimes","floor":4,"turns":1},{"damage":26,"enemies":"Gremlin Nob","floor":6,"turns":5},{"damage":14,"enemies":"Exordium Wildlife","floor":7,"turns":5},{"damage":29,"enemies":"Lagavulin","floor":8,"turns":9},{"damage":19,"enemies":"Large Slime","floor":10,"turns":6}],"seed_played":"9160947961744592104","potions_obtained":[{"floor":3,"key":"FairyPotion"},{"floor":7,"key":"GamblersBrew"},{"floor":8,"key":"PowerPotion"}],"is_trial":false,"path_per_floor":["M","$","M","M","?","E","M","E","T","M"],"character_chosen":"THE_SILENT","items_purchased":["Infinite Blades"],"campfire_rested":0,"item_purchase_floors":[2],"current_hp_per_floor":[70,70,70,70,70,44,30,1,1,0],"gold":185,"neow_bonus":"THREE_ENEMY_KILL","is_prod":false,"is_daily":false,"chose_seed":false,"campfire_upgraded":0,"win_rate":0,"timestamp":1558197945,"path_taken":["M","$","M","M","?","E","M","E","T","?"],"build_version":"2019-05-07","purchased_purges":0,"victory":false,"max_hp_per_floor":[70,70,70,70,70,70,70,70,70,70],"card_choices":[{"not_picked":["Cloak And Dagger","Eviscerate"],"picked":"Poisoned Stab","floor":1},{"not_picked":["Choke","Dodge and Roll"],"picked":"Escape Plan","floor":3},{"not_picked":["Backflip","PiercingWail"],"picked":"Calculated Gamble","floor":4},{"not_picked":["Calculated Gamble","Dodge and Roll"],"picked":"Setup","floor":6},{"not_picked":["Flying Knee","Dagger Throw"],"picked":"Well Laid Plans","floor":7},{"not_picked":["Bane","Flying Knee"],"picked":"Underhanded Strike","floor":8}],"player_experience":291059,"relics_obtained":[{"floor":6,"key":"Regal Pillow"},{"floor":8,"key":"Oddly Smooth Stone"}],"event_choices":[{"cards_removed":["Strike_G"],"damage_healed":0,"gold_gain":0,"player_choice":"Offered Basic","damage_taken":0,"max_hp_gain":0,"max_hp_loss":0,"event_name":"Bonfire Elementals","floor":5,"gold_loss":0}],"is_beta":true,"boss_relics":[],"items_purged_floors":[],"is_endless":false,"potions_floor_spawned":[3,7,8],"killed_by":"Large Slime","ascension_level":4}