{"gold_per_floor":[109,109,120,137,33,59,59,92,142,159,159,15,15,47,47,124,124,141,141,141,156,256,256,286,286,309,11,25,25,40,14,14,14],"floor_reached":33,"playtime":1328,"items_purged":["Strike_B"],"score":534,"play_id":"62184644-3d23-4ef3-9151-e8a7475a7d04","local_time":"20190507181903","is_ascension_mode":true,"campfire_choices":[{"data":"Doom and Gloom","floor":7,"key":"SMITH"},{"floor":11,"key":"REST"},{"data":"Conserve Battery","floor":13,"key":"SMITH"},{"data":"Stack","floor":15,"key":"SMITH"},{"floor":23,"key":"REST"},{"floor":25,"key":"REST"},{"data":"Thunder Strike","floor":32,"key":"SMITH"}],"neow_cost":"NONE","seed_source_timestamp":1396464016246096,"circlet_count":0,"master_deck":["AscendersBane","Strike_B","Strike_B","Defend_B","Defend_B+1","Defend_B","Defend_B","Zap","Dualcast+1","Doom and Gloom+1","Conserve Battery+1","Ball Lightning+1","Ball Lightning","White Noise","Biased Cognition","Compile Driver","Compile Driver","Loop","Stack+1","Thunder Strike+1","Leap","Writhe","Steam","Compile Driver+1","Loop","Go for the Eyes","Conserve Battery","Cold Snap"],"relics":["Cracked Core","NeowsBlessing","Dodecahedron","PreservedInsect","Potion Belt","Bag of Preparation","Nuclear Battery","MutagenicStrength","Darkstone Periapt","Bird Faced Urn","Question Card","War Paint","Whetstone","Lee\u0027s Waffle"],"potions_floor_usage":[6,16,16,16,22,22,33],"damage_taken":[{"damage":0,"enemies":"Small Slimes","floor":1,"turns":1},{"damage":0,"enemies":"Cultist","floor":3,"turns":1},{"damage":0,"enemies":"2 Louse","floor":4,"turns":1},{"damage":23,"enemies":"3 Sentries","floor":6,"turns":5},{"damage":11,"enemies":"Gremlin Nob","floor":8,"turns":3},{"damage":7,"enemies":"Exordium Wildlife","floor":10,"turns":3},{"damage":20,"enemies":"Lagavulin","floor":14,"turns":3},{"damage":12,"enemies":"Hexaghost","floor":16,"turns":7},{"damage":0,"enemies":"Chosen","floor":18,"turns":3},{"damage":26,"enemies":"Shell Parasite","floor":21,"turns":5},{"damage":27,"enemies":"Colosseum Slavers","floor":22,"turns":5},{"damage":8,"enemies":"Colosseum Nobs","floor":22,"turns":3},{"damage":24,"enemies":"Book of Stabbing","floor":24,"turns":4},{"damage":3,"enemies":"3 Cultists","floor":28,"turns":3},{"damage":26,"enemies":"Shelled Parasite and Fungi","floor":30,"turns":5},{"damage":71,"enemies":"Collector","floor":33,"turns":5}],"seed_played":"5424999886061533791","potions_obtained":[{"floor":3,"key":"Dexterity Potion"},{"floor":4,"key":"LiquidBronze"},{"floor":8,"key":"EssenceOfSteel"},{"floor":10,"key":"Swift Potion"},{"floor":16,"key":"Explosive Potion"},{"floor":18,"key":"Regen Potion"},{"floor":22,"key":"Poison Potion"}],"is_trial":false,"path_per_floor":["M","?","M","M","$","E","R","E","T","M","R","$","R","E","R","B",null,"M","?","?","M","?","R","E","R","T","$","M","?","M","$","R","B"],"character_chosen":"DEFECT","items_purchased":["Ball Lightning","Compile Driver","Loop","Lee\u0027s Waffle","Loop","Cold Snap"],"campfire_rested":3,"item_purchase_floors":[5,12,12,27,27,31],"current_hp_per_floor":[64,64,64,64,64,41,41,30,30,23,44,44,44,24,24,12,56,56,56,62,36,15,38,18,41,41,84,83,83,61,61,61,0],"gold":14,"neow_bonus":"THREE_ENEMY_KILL","is_prod":false,"is_daily":false,"chose_seed":false,"campfire_upgraded":4,"win_rate":0,"timestamp":1557245943,"path_taken":["M","?","M","?","$","E","R","E","T","M","R","?","R","E","R","BOSS","M","?","?","M","?","R","E","R","T","$","M","?","M","?","R","BOSS"],"build_version":"2019-04-23","purchased_purges":1,"victory":false,"max_hp_per_floor":[71,71,71,71,71,71,71,71,71,71,71,71,71,71,71,71,71,71,71,77,77,77,77,77,77,77,84,84,84,84,84,84,84],"card_choices":[{"not_picked":["Conserve Battery","Static Discharge"],"picked":"Doom and Gloom","floor":1},{"not_picked":["BootSequence","Rip and Tear"],"picked":"Conserve Battery","floor":3},{"not_picked":["Double Energy","Hologram"],"picked":"Ball Lightning","floor":4},{"not_picked":["Hologram","Steam Power"],"picked":"White Noise","floor":6},{"not_picked":["Steam","Auto Shields"],"picked":"Biased Cognition","floor":8},{"not_picked":["Go for the Eyes","Aggregate"],"picked":"Compile Driver","floor":10},{"not_picked":["Redo","Blizzard"],"picked":"Stack","floor":14},{"not_picked":["Hyperbeam","Reboot"],"picked":"Thunder Strike","floor":16},{"not_picked":["Redo","Hologram"],"picked":"Leap","floor":18},{"not_picked":["Hello World+1","Hologram","Redo"],"picked":"SKIP","floor":21},{"not_picked":["Lockon","Double Energy"],"picked":"Steam","floor":22},{"not_picked":["Beam Cell+1","Scrape","Ball Lightning"],"picked":"Compile Driver","floor":24},{"not_picked":["Rebound","Machine Learning","Beam Cell"],"picked":"Go for the Eyes","floor":28},{"not_picked":["Sweeping Beam","Storm","Rebound"],"picked":"Conserve Battery","floor":30}],"player_experience":1571597,"relics_obtained":[{"floor":6,"key":"Dodecahedron"},{"floor":8,"key":"PreservedInsect"},{"floor":9,"key":"Potion Belt"},{"floor":14,"key":"Bag of Preparation"},{"floor":22,"key":"Bird Faced Urn"},{"floor":22,"key":"Question Card"},{"floor":24,"key":"War Paint"},{"floor":26,"key":"Whetstone"}],"event_choices":[{"cards_removed":["Strike_B"],"damage_healed":0,"gold_gain":0,"player_choice":"Purged","damage_taken":0,"max_hp_gain":0,"max_hp_loss":0,"event_name":"Purifier","floor":2,"gold_loss":0},{"damage_healed":0,"gold_gain":0,"player_choice":"Inject Mutagens","damage_taken":0,"relics_obtained":["MutagenicStrength"],"max_hp_gain":0,"max_hp_loss":0,"event_name":"Drug Dealer","floor":19,"gold_loss":0},{"damage_healed":0,"gold_gain":0,"player_choice":"Opened","damage_taken":0,"relics_obtained":["Darkstone Periapt"],"max_hp_gain":0,"max_hp_loss":0,"event_name":"The Mausoleum","floor":20,"gold_loss":0,"cards_obtained":["Writhe"]},{"damage_healed":0,"gold_gain":0,"player_choice":"Fight","damage_taken":0,"max_hp_gain":0,"max_hp_loss":0,"event_name":"Colosseum","floor":22,"gold_loss":0},{"damage_healed":0,"gold_gain":0,"player_choice":"Fought Nobs","damage_taken":0,"max_hp_gain":0,"max_hp_loss":0,"event_name":"Colosseum","floor":22,"gold_loss":0}],"is_beta":true,"boss_relics":[{"not_picked":["Fusion Hammer","Sozu"],"picked":"Nuclear Battery"}],"items_purged_floors":[5],"is_endless":false,"potions_floor_spawned":[3,4,8,10,16,18,22],"killed_by":"Collector","ascension_level":18}