{"gold_per_floor":[119,119,44,44,44,73,73,399,399,417,592,612,612,622,622,724,724,736,433,445,445,455,455],"floor_reached":23,"playtime":1174,"items_purged":["Strike_B","Doubt"],"score":219,"play_id":"63728246-8023-4b6c-b009-7fdc64d272fc","local_time":"20180818132550","is_ascension_mode":true,"campfire_choices":[{"floor":7,"key":"REST"},{"floor":13,"key":"REST"},{"data":"Redo","floor":15,"key":"SMITH"}],"neow_cost":"NONE","seed_source_timestamp":424630325272586,"circlet_count":0,"master_deck":["Strike_B","Strike_B","Strike_B","Defend_B","Defend_B","Defend_B","Zap+1","Dualcast","Redo+1","Redo+1","Melter","Conserve Battery","Coolheaded","Echo Form","Stack+1","Leap+1","Hologram+1"],"relics":["Cracked Core","Anchor","Art of War","Old Coin","Symbiotic Virus","Sozu","ClockworkSouvenir"],"potions_floor_usage":[8,14,16],"damage_taken":[{"damage":4,"enemies":"Jaw Worm","floor":1,"turns":3},{"damage":20,"enemies":"3 Sentries","floor":6,"turns":7},{"damage":13,"enemies":"Lagavulin","floor":8,"turns":6},{"damage":0,"enemies":"Cultist","floor":10,"turns":2},{"damage":0,"enemies":"2 Louse","floor":12,"turns":2},{"damage":0,"enemies":"Large Slime","floor":14,"turns":3},{"damage":26,"enemies":"Slime Boss","floor":16,"turns":9},{"damage":5,"enemies":"Chosen","floor":18,"turns":4},{"damage":9,"enemies":"2 Thieves","floor":20,"turns":4},{"damage":3,"enemies":"Shelled Parasite and Fungi","floor":22,"turns":6},{"damage":70,"enemies":"Gremlin Leader","floor":23,"turns":8}],"seed_played":"-398518188130494496","potions_obtained":[{"floor":6,"key":"PowerPotion"},{"floor":12,"key":"Fire Potion"},{"floor":14,"key":"AttackPotion"}],"is_trial":false,"path_per_floor":["M","?","$","?","?","E","R","E","T","M","?","M","R","M","R","B",null,"M","$","M","?","M"],"character_chosen":"DEFECT","items_purchased":["ClockworkSouvenir"],"campfire_rested":2,"item_purchase_floors":[19],"current_hp_per_floor":[71,71,71,64,46,26,48,35,35,35,35,35,57,57,57,31,75,70,70,61,61,58,0],"gold":455,"neow_bonus":"UPGRADE_CARD","is_prod":false,"is_daily":false,"chose_seed":false,"campfire_upgraded":1,"win_rate":0,"timestamp":1534613150,"path_taken":["M","?","$","?","?","E","R","E","T","M","?","M","R","M","R","BOSS","M","$","?","?","M","E"],"build_version":"2018-08-16","purchased_purges":2,"victory":false,"max_hp_per_floor":[75,75,75,75,75,75,75,75,75,75,75,75,75,75,75,75,75,75,75,75,75,75,75],"card_choices":[{"not_picked":["Barrage","Steam Power"],"picked":"Redo","floor":1},{"not_picked":["Rebound","Go for the Eyes"],"picked":"Redo","floor":6},{"not_picked":["Reboot","Coolheaded"],"picked":"Melter","floor":8},{"not_picked":["Steam","Cold Snap"],"picked":"Conserve Battery","floor":10},{"not_picked":["Sweeping Beam","Doom and Gloom"],"picked":"Coolheaded","floor":12},{"not_picked":["Coolheaded","Stack","BootSequence"],"picked":"SKIP","floor":14},{"not_picked":["Core Surge","Reboot"],"picked":"Echo Form","floor":16},{"not_picked":["Turbo","Rebound+1"],"picked":"Stack+1","floor":18},{"not_picked":["Turbo","Redo"],"picked":"Leap+1","floor":20},{"not_picked":["Conserve Battery","Beam Cell"],"picked":"Hologram+1","floor":22}],"player_experience":655541,"relics_obtained":[{"floor":6,"key":"Art of War"},{"floor":8,"key":"Old Coin"},{"floor":9,"key":"Symbiotic Virus"}],"event_choices":[{"event_name":"Upgrade Shrine","player_choice":"Upgraded","floor":2,"damage_taken":0},{"event_name":"Golden Wing","player_choice":"Card Removal","floor":4,"damage_taken":0},{"event_name":"Scrap Ooze","player_choice":"success","floor":5,"damage_taken":18},{"event_name":"Liars Game","player_choice":"agreed","floor":11,"damage_taken":0},{"event_name":"Drug Dealer","player_choice":"Ignored","floor":21,"damage_taken":0}],"is_beta":false,"boss_relics":[{"not_picked":["White Beast Statue","Ectoplasm"],"picked":"Sozu"}],"items_purged_floors":[3,19],"is_endless":false,"potions_floor_spawned":[6,12,14,22],"killed_by":"Gremlin Leader","ascension_level":2}