{"gold_per_floor":[113,130,55,75,75,75,103,135,147,159,171,183,195,230,242,349,361,389,416,428,62,77,100,100,133,184,204,239,239,239,83,83,160,160,175,190,0,10,24,49,49,83,83,183,183,195,195,213,213,213,213,213,16,44,44],"floor_reached":55,"playtime":5350,"items_purged":["Injury"],"score":1348,"play_id":"61a95af5-c8c9-4bbb-85fc-57c70edf45d9","local_time":"20190520234637","is_ascension_mode":true,"campfire_choices":[{"data":"Glacier","floor":6,"key":"SMITH"},{"data":"FTL","floor":10,"key":"SMITH"},{"data":"Conserve Battery","floor":13,"key":"SMITH"},{"data":"Defragment","floor":15,"key":"SMITH"},{"floor":24,"key":"REST"},{"data":"Defragment","floor":29,"key":"SMITH"},{"data":"Capacitor","floor":32,"key":"SMITH"},{"floor":41,"key":"RECALL"},{"data":"Go for the Eyes","floor":47,"key":"SMITH"},{"data":"Seek","floor":49,"key":"SMITH"},{"data":"Sunder","floor":52,"key":"SMITH"}],"neow_cost":"NONE","seed_source_timestamp":306915411395200,"circlet_count":0,"master_deck":["AscendersBane","Zap","Dualcast","Finesse","Undo","Capacitor+1","Conserve Battery+1","Glacier+1","Cold Snap","FTL+1","Defragment+1","Fission+1","Cold Snap+1","All For One","Turbo+1","Chill","Fission","Seek+1","Leap","BootSequence+1","Genetic Algorithm","Sunder+1","Barrage+1","Defragment+1","Ball Lightning","Amplify","Go for the Eyes+1","Consume+1","Stack+1","Force Field","Doom and Gloom+1","Parasite","Go for the Eyes+1"],"relics":["Cracked Core","MawBank","Mummified Hand","Bloody Idol","Pandora\u0027s Box","Torii","Ice Cream","Whetstone","Letter Opener","Boot","Eternal Feather","Red Mask","The Courier","Ancient Tea Set","Du-Vu Doll","HandDrill","War Paint"],"potions_floor_usage":[7,19,25,25,33,35,42,55,55],"damage_taken":[{"damage":5,"enemies":"Cultist","floor":1,"turns":4},{"damage":0,"enemies":"Jaw Worm","floor":2,"turns":3},{"damage":1,"enemies":"2 Louse","floor":4,"turns":3},{"damage":12,"enemies":"Gremlin Nob","floor":7,"turns":4},{"damage":12,"enemies":"Gremlin Gang","floor":8,"turns":7},{"damage":3,"enemies":"Looter","floor":14,"turns":4},{"damage":0,"enemies":"The Guardian","floor":16,"turns":15},{"damage":2,"enemies":"3 Byrds","floor":18,"turns":8},{"damage":0,"enemies":"Chosen","floor":19,"turns":8},{"damage":14,"enemies":"Snecko","floor":22,"turns":10},{"damage":0,"enemies":"Shelled Parasite and Fungi","floor":23,"turns":7},{"damage":0,"enemies":"Book of Stabbing","floor":25,"turns":6},{"damage":1,"enemies":"Centurion and Healer","floor":27,"turns":6},{"damage":11,"enemies":"Gremlin Leader","floor":28,"turns":6},{"damage":10,"enemies":"Automaton","floor":33,"turns":9},{"damage":0,"enemies":"Orb Walker","floor":35,"turns":3},{"damage":0,"enemies":"3 Darklings","floor":36,"turns":5},{"damage":16,"enemies":"Jaw Worm Horde","floor":38,"turns":4},{"damage":7,"enemies":"Spire Growth","floor":39,"turns":5},{"damage":0,"enemies":"Reptomancer","floor":40,"turns":8},{"damage":26,"enemies":"Giant Head","floor":42,"turns":10},{"damage":2,"enemies":"Mind Bloom Boss Battle","floor":44,"turns":5},{"damage":25,"enemies":"3 Darklings","floor":46,"turns":7},{"damage":1,"enemies":"Writhing Mass","floor":48,"turns":7},{"damage":44,"enemies":"Awakened One","floor":50,"turns":17},{"damage":27,"enemies":"Shield and Spear","floor":54,"turns":9},{"damage":55,"enemies":"The Heart","floor":55,"turns":9}],"seed_played":"-4933204493956145093","potions_obtained":[{"floor":2,"key":"Swift Potion"},{"floor":16,"key":"AttackPotion"},{"floor":22,"key":"FocusPotion"},{"floor":25,"key":"FocusPotion"},{"floor":28,"key":"Regen Potion"},{"floor":33,"key":"EssenceOfSteel"},{"floor":35,"key":"Explosive Potion"},{"floor":39,"key":"PowerPotion"},{"floor":42,"key":"EssenceOfSteel"}],"is_trial":false,"path_per_floor":["M","M","$","M","$","R","E","M","T","R","?","?","R","M","R","B",null,"M","M","?","$","M","M","R","E","T","M","E","R","?","$","R","B",null,"M","M","?","M","M","E","R","E","T","?","$","M","R","M","R","B",null,"R","$","E","B"],"character_chosen":"DEFECT","items_purchased":["Conserve Battery","Fire Potion","Torii","Boot","Dexterity Potion","HandDrill"],"campfire_rested":1,"item_purchase_floors":[3,3,21,31,53,53],"current_hp_per_floor":[63,63,63,62,62,62,50,38,38,38,38,23,23,20,20,20,61,59,59,59,59,45,45,67,67,67,66,55,55,55,55,55,65,73,75,75,75,64,62,67,75,54,54,57,57,37,55,59,75,31,64,75,75,53,0],"gold":44,"neow_bonus":"RANDOM_COLORLESS","is_prod":false,"is_daily":false,"chose_seed":false,"campfire_upgraded":9,"win_rate":0,"timestamp":1558388797,"path_taken":["M","M","?","M","$","R","E","M","T","R","?","?","R","M","R","BOSS","M","M","?","$","?","M","R","E","T","M","E","R","?","?","R","BOSS","M","M","?","M","M","E","R","E","T","?","?","M","R","M","R","BOSS","R","$","E","BOSS"],"build_version":"2019-01-23","purchased_purges":1,"victory":false,"max_hp_per_floor":[75,75,75,75,75,75,75,75,75,75,75,75,75,75,75,75,75,75,75,75,75,75,75,75,75,75,75,75,75,75,75,75,75,75,75,75,75,75,75,75,75,75,75,75,75,75,75,75,75,75,75,75,75,75,75],"card_choices":[{"not_picked":["Consume","Steam"],"picked":"Undo","floor":1},{"not_picked":["Turbo","Steam Power"],"picked":"Capacitor","floor":2},{"not_picked":["Cold Snap","Auto Shields"],"picked":"Glacier","floor":4},{"not_picked":["Leap","Darkness"],"picked":"Cold Snap","floor":7},{"not_picked":["Coolheaded","BootSequence"],"picked":"FTL","floor":8},{"not_picked":["Doom and Gloom","Consume"],"picked":"Defragment","floor":14},{"not_picked":["Creative AI","Electrodynamics"],"picked":"Fission","floor":16},{"not_picked":["Beam Cell+1","Rebound","Cold Snap"],"picked":"SKIP","floor":18},{"not_picked":["Go for the Eyes","Steam Power"],"picked":"Genetic Algorithm","floor":19},{"not_picked":["Leap+1","Redo"],"picked":"Sunder","floor":22},{"not_picked":["Turbo","Rebound"],"picked":"Barrage","floor":23},{"not_picked":["Gash","BootSequence"],"picked":"Defragment","floor":25},{"not_picked":["Cold Snap","Leap","Static Discharge"],"picked":"SKIP","floor":27},{"not_picked":["Cold Snap","Go for the Eyes"],"picked":"Ball Lightning","floor":28},{"not_picked":["Machine Learning","Fission"],"picked":"Amplify","floor":33},{"not_picked":["Steam","Undo"],"picked":"Go for the Eyes","floor":35},{"not_picked":["Sunder","Tempest"],"picked":"Consume+1","floor":36},{"not_picked":["Auto Shields","Conserve Battery"],"picked":"Stack+1","floor":38},{"not_picked":["Recycle","Gash","Conserve Battery"],"picked":"SKIP","floor":39},{"not_picked":["Compile Driver","Ball Lightning","Conserve Battery"],"picked":"SKIP","floor":40},{"not_picked":["Fusion+1","Buffer","Darkness"],"picked":"SKIP","floor":42},{"not_picked":["Capacitor+1","Gash+1"],"picked":"Force Field","floor":44},{"not_picked":["Cold Snap","Ball Lightning+1"],"picked":"Doom and Gloom+1","floor":46},{"not_picked":["Leap","Cold Snap","Ball Lightning"],"picked":"SKIP","floor":48},{"not_picked":["Double Energy","Coolheaded"],"picked":"Go for the Eyes+1","floor":54}],"player_experience":782088,"relics_obtained":[{"floor":7,"key":"MawBank"},{"floor":9,"key":"Mummified Hand"},{"floor":25,"key":"Ice Cream"},{"floor":26,"key":"Whetstone"},{"floor":28,"key":"Letter Opener"},{"floor":40,"key":"The Courier"},{"floor":42,"key":"Ancient Tea Set"},{"floor":44,"key":"Du-Vu Doll"},{"floor":54,"key":"War Paint"}],"event_choices":[{"damage_healed":0,"gold_gain":0,"player_choice":"Take Wound","damage_taken":0,"relics_obtained":["Golden Idol"],"max_hp_gain":0,"max_hp_loss":0,"event_name":"Golden Idol","floor":11,"gold_loss":0,"cards_obtained":["Injury"]},{"damage_healed":0,"gold_gain":0,"player_choice":"Entered Light","damage_taken":15,"max_hp_gain":0,"max_hp_loss":0,"event_name":"Shining Light","floor":12,"gold_loss":0,"cards_upgraded":["Strike_B","Strike_B"]},{"damage_healed":0,"gold_gain":0,"player_choice":"Upgraded","damage_taken":0,"max_hp_gain":0,"max_hp_loss":0,"event_name":"Upgrade Shrine","floor":20,"gold_loss":0,"cards_upgraded":["Fission"]},{"damage_healed":0,"gold_gain":0,"player_choice":"Gave Idol","damage_taken":0,"relics_obtained":["Bloody Idol"],"max_hp_gain":0,"max_hp_loss":0,"event_name":"Forgotten Altar","floor":30,"relics_lost":["Golden Idol"],"gold_loss":0},{"damage_healed":0,"gold_gain":0,"player_choice":"Paid","damage_taken":0,"relics_obtained":["Red Mask"],"max_hp_gain":0,"max_hp_loss":0,"event_name":"Tomb of Lord Red Mask","floor":37,"gold_loss":190},{"damage_healed":0,"gold_gain":0,"player_choice":"Fight","damage_taken":0,"max_hp_gain":0,"max_hp_loss":0,"event_name":"MindBloom","floor":44,"gold_loss":0}],"is_beta":false,"boss_relics":[{"not_picked":["Snecko Eye","Busted Crown"],"picked":"Pandora\u0027s Box"},{"not_picked":["Cursed Key","Sozu"],"picked":"Eternal Feather"}],"items_purged_floors":[21],"is_endless":false,"potions_floor_spawned":[2,16,22,25,28,33,35,39,42,44,48],"killed_by":"The Heart","ascension_level":13}