{"gold_per_floor":[114,133,152,167,242,242,242,242,242,257,257,257,275,76,76,148,148,166,166,216,32,32,32,66,66,66,97,28,38,58,58,58,135,135,150,166,215,215,215,215],"floor_reached":40,"playtime":2406,"items_purged":[],"score":775,"play_id":"3a909fe9-1ba3-41b4-b6ec-96319219160d","local_time":"20190501191634","is_ascension_mode":true,"campfire_choices":[{"data":"Blood for Blood","floor":6,"key":"SMITH"},{"data":"Bash","floor":8,"key":"SMITH"},{"floor":12,"key":"REST"},{"data":"Uppercut","floor":15,"key":"SMITH"},{"data":"Offering","floor":23,"key":"SMITH"},{"floor":32,"key":"REST"}],"neow_cost":"NONE","seed_source_timestamp":880437564455168,"circlet_count":0,"master_deck":["AscendersBane","Strike_R","Strike_R","Strike_R","Strike_R","Defend_R+1","Defend_R","Defend_R","Defend_R","Bash+1","Twin Strike+1","Cleave","Hemokinesis","Shrug It Off","Blood for Blood+1","Shrug It Off","Uppercut+1","Inflame","Reaper","Shrug It Off","Offering+1","Shrug It Off","Dropkick","Bludgeon","Clothesline","Metallicize","Shockwave","Iron Wave","Iron Wave","Barricade","Rage","Bloodletting+1","Shockwave","Shrug It Off","Blind"],"relics":["Burning Blood","StoneCalendar","Philosopher\u0027s Stone","Bag of Marbles","Prayer Wheel","Mango","Dodecahedron","Snecko Eye","Thread and Needle","CultistMask"],"potions_floor_usage":[10,18,19,27,33],"damage_taken":[{"damage":9,"enemies":"2 Louse","floor":1,"turns":3},{"damage":5,"enemies":"Small Slimes","floor":2,"turns":4},{"damage":4,"enemies":"Cultist","floor":3,"turns":3},{"damage":1,"enemies":"2 Fungi Beasts","floor":4,"turns":3},{"damage":31,"enemies":"Exordium Thugs","floor":10,"turns":7},{"damage":9,"enemies":"Looter","floor":13,"turns":3},{"damage":19,"enemies":"Hexaghost","floor":16,"turns":9},{"damage":8,"enemies":"Shell Parasite","floor":18,"turns":2},{"damage":0,"enemies":"3 Byrds","floor":19,"turns":1},{"damage":25,"enemies":"Gremlin Leader","floor":24,"turns":6},{"damage":39,"enemies":"Book of Stabbing","floor":27,"turns":3},{"damage":9,"enemies":"Centurion and Healer","floor":29,"turns":3},{"damage":21,"enemies":"Sentry and Sphere","floor":30,"turns":4},{"damage":64,"enemies":"Automaton","floor":33,"turns":10},{"damage":12,"enemies":"3 Shapes","floor":35,"turns":5},{"damage":12,"enemies":"3 Darklings","floor":36,"turns":5},{"damage":25,"enemies":"2 Orb Walkers","floor":37,"turns":4},{"damage":89,"enemies":"Reptomancer","floor":40,"turns":3}],"seed_played":"2291431032617831629","potions_obtained":[{"floor":4,"key":"GamblersBrew"},{"floor":7,"key":"SmokeBomb"},{"floor":10,"key":"Fire Potion"},{"floor":24,"key":"Regen Potion"},{"floor":27,"key":"SpeedPotion"},{"floor":29,"key":"Fire Potion"}],"is_trial":false,"path_per_floor":["M","M","M","M","?","R","?","R","T","M","?","R","M","$","R","B",null,"M","M","?","$","?","R","E","?","T","E","$","M","M","$","R","B",null,"M","M","?","?","?","E"],"character_chosen":"IRONCLAD","items_purchased":["Inflame","Reaper","Shrug It Off","Dropkick","Bag of Marbles","Metallicize"],"campfire_rested":2,"item_purchase_floors":[14,14,14,21,21,28],"current_hp_per_floor":[65,66,68,73,62,62,62,62,62,37,14,36,33,33,33,29,64,68,74,74,74,74,74,75,75,89,61,61,58,43,43,69,23,73,71,89,76,66,66,0],"gold":215,"neow_bonus":"TRANSFORM_CARD","is_prod":false,"is_daily":false,"chose_seed":false,"campfire_upgraded":4,"win_rate":0,"timestamp":1556730994,"path_taken":["M","M","M","M","?","R","?","R","T","?","?","R","M","?","R","BOSS","M","M","?","?","?","R","E","?","T","E","?","M","M","$","R","BOSS","M","?","?","?","?","E"],"build_version":"2019-04-23","purchased_purges":0,"victory":false,"max_hp_per_floor":[75,75,75,75,75,75,75,75,75,75,75,75,75,75,75,75,75,75,75,75,75,75,75,75,75,89,89,89,89,89,89,89,89,89,89,89,89,89,89,89],"card_choices":[{"not_picked":["Sword Boomerang","Heavy Blade"],"picked":"Cleave","floor":1},{"not_picked":["Anger","Wild Strike"],"picked":"Hemokinesis","floor":2},{"not_picked":["Pummel","Armaments"],"picked":"Shrug It Off","floor":3},{"not_picked":["Burning Pact","Pummel"],"picked":"Blood for Blood","floor":4},{"not_picked":["Hemokinesis","Disarm"],"picked":"Shrug It Off","floor":10},{"not_picked":["Bloodletting","Thunderclap"],"picked":"Uppercut","floor":13},{"not_picked":["Dark Embrace","Brutality"],"picked":"Offering","floor":16},{"not_picked":["Headbutt","True Grit+1"],"picked":"Shrug It Off","floor":18},{"not_picked":["Dual Wield","Corruption"],"picked":"Bludgeon","floor":24},{"not_picked":["Rage+1","Armaments"],"picked":"Clothesline","floor":27},{"not_picked":["Shrug It Off+1","Rupture"],"picked":"Shockwave","floor":29},{"not_picked":["Power Through","Twin Strike","Iron Wave"],"picked":"SKIP","floor":29},{"not_picked":["Power Through","Twin Strike"],"picked":"Iron Wave","floor":29},{"not_picked":["Headbutt","Uppercut"],"picked":"Iron Wave","floor":30},{"not_picked":["Ghostly Armor","Thunderclap","Sentinel"],"picked":"SKIP","floor":30},{"not_picked":["Offering","Fiend Fire"],"picked":"Barricade","floor":33},{"not_picked":["Cleave","Flex"],"picked":"Rage","floor":35},{"not_picked":["Wild Strike","Sword Boomerang"],"picked":"Bloodletting+1","floor":35},{"not_picked":["Sword Boomerang","Power Through"],"picked":"Shockwave","floor":36},{"not_picked":["Second Wind","Fire Breathing","True Grit+1"],"picked":"SKIP","floor":36},{"not_picked":["Twin Strike","Wild Strike+1"],"picked":"Shrug It Off","floor":37},{"not_picked":["Jack Of All Trades","Discovery"],"picked":"Blind","floor":38}],"player_experience":1404597,"relics_obtained":[{"floor":9,"key":"StoneCalendar"},{"floor":24,"key":"Prayer Wheel"},{"floor":26,"key":"Mango"},{"floor":27,"key":"Dodecahedron"},{"floor":37,"key":"Thread and Needle"}],"event_choices":[{"damage_healed":0,"gold_gain":75,"player_choice":"Gather Gold","damage_taken":11,"max_hp_gain":0,"max_hp_loss":0,"event_name":"World of Goop","floor":5,"gold_loss":0},{"damage_healed":0,"gold_gain":0,"player_choice":"Got Potions","damage_taken":0,"max_hp_gain":0,"max_hp_loss":0,"event_name":"Lab","floor":7,"gold_loss":0},{"damage_healed":0,"gold_gain":0,"player_choice":"Entered Light","damage_taken":23,"max_hp_gain":0,"max_hp_loss":0,"event_name":"Shining Light","floor":11,"gold_loss":0,"cards_upgraded":["Defend_R","Twin Strike"]},{"damage_healed":0,"gold_gain":50,"player_choice":"Pray","damage_taken":0,"max_hp_gain":0,"max_hp_loss":0,"event_name":"Golden Shrine","floor":20,"gold_loss":0},{"damage_healed":0,"gold_gain":0,"player_choice":"Ignored","damage_taken":0,"max_hp_gain":0,"max_hp_loss":0,"event_name":"Beggar","floor":22,"gold_loss":0},{"damage_healed":0,"gold_gain":0,"player_choice":"Ignored","damage_taken":0,"max_hp_gain":0,"max_hp_loss":0,"event_name":"Vampires","floor":25,"gold_loss":0},{"damage_healed":0,"gold_gain":0,"player_choice":"Fight","damage_taken":0,"max_hp_gain":0,"max_hp_loss":0,"event_name":"Mysterious Sphere","floor":37,"gold_loss":0},{"damage_healed":0,"gold_gain":0,"player_choice":"Memory 3","damage_taken":10,"max_hp_gain":0,"max_hp_loss":0,"event_name":"SensoryStone","floor":38,"gold_loss":0},{"damage_healed":0,"gold_gain":0,"player_choice":"Trade","damage_taken":0,"relics_obtained":["CultistMask"],"max_hp_gain":0,"max_hp_loss":0,"event_name":"FaceTrader","floor":39,"gold_loss":0}],"is_beta":true,"boss_relics":[{"not_picked":["Runic Cube","Lizard Tail"],"picked":"Philosopher\u0027s Stone"},{"not_picked":["Mark of Pain","Velvet Choker"],"picked":"Snecko Eye"}],"items_purged_floors":[],"is_endless":false,"potions_floor_spawned":[4,10,24,27,29],"killed_by":"Reptomancer","ascension_level":15}