{"gold_per_floor":[114,1,1,18,33,33,64,64,64,64,76,99,112,147,147,252,252,266,277,277],"floor_reached":20,"playtime":663,"items_purged":[],"score":285,"play_id":"14206321-e237-48bf-ac61-ad3b20434445","local_time":"20190428204610","is_ascension_mode":true,"campfire_choices":[{"data":"Zap","floor":6,"key":"SMITH"},{"data":"Defragment","floor":8,"key":"SMITH"},{"data":"White Noise","floor":10,"key":"SMITH"},{"floor":15,"key":"REST"}],"neow_cost":"NONE","seed_source_timestamp":628355774326676,"circlet_count":0,"master_deck":["AscendersBane","Strike_B","Strike_B","Strike_B","Strike_B","Defend_B","Defend_B","Defend_B","Defend_B+1","Zap+1","Dualcast+1","White Noise+1","Defragment+1","Ball Lightning","Gash","Conserve Battery","Compile Driver","Go for the Eyes","Hyperbeam","Creative AI","Genetic Algorithm","Cold Snap"],"relics":["Cracked Core","NeowsBlessing","Mummified Hand","Pen Nib","War Paint","Shuriken","Philosopher\u0027s Stone"],"potions_floor_usage":[7,18],"damage_taken":[{"damage":0,"enemies":"Cultist","floor":1,"turns":1},{"damage":0,"enemies":"Jaw Worm","floor":4,"turns":1},{"damage":0,"enemies":"2 Louse","floor":5,"turns":1},{"damage":14,"enemies":"3 Sentries","floor":7,"turns":3},{"damage":18,"enemies":"Large Slime","floor":11,"turns":4},{"damage":0,"enemies":"Blue Slaver","floor":13,"turns":2},{"damage":12,"enemies":"Lagavulin","floor":14,"turns":5},{"damage":27,"enemies":"Slime Boss","floor":16,"turns":7},{"damage":23,"enemies":"3 Byrds","floor":18,"turns":4},{"damage":24,"enemies":"Chosen","floor":19,"turns":5},{"damage":16,"enemies":"Shelled Parasite and Fungi","floor":20,"turns":1}],"seed_played":"2813363198858866533","potions_obtained":[{"floor":1,"key":"AttackPotion"},{"floor":14,"key":"PowerPotion"},{"floor":16,"key":"Strength Potion"},{"floor":18,"key":"SteroidPotion"}],"is_trial":false,"path_per_floor":["M","$","$","M","M","R","E","R","T","R","M","T","M","E","R","B",null,"M","M","M"],"character_chosen":"DEFECT","items_purchased":["Defragment","Ball Lightning"],"campfire_rested":1,"item_purchase_floors":[2,2],"current_hp_per_floor":[68,68,68,68,68,68,54,54,54,54,36,36,36,24,46,19,61,38,14,0],"gold":277,"neow_bonus":"THREE_ENEMY_KILL","is_prod":false,"is_daily":false,"chose_seed":false,"campfire_upgraded":3,"win_rate":0,"timestamp":1556477170,"path_taken":["M","?","$","?","M","R","E","R","T","R","?","?","M","E","R","BOSS","M","?","M"],"build_version":"2019-04-23","purchased_purges":0,"victory":false,"max_hp_per_floor":[75,75,75,75,75,75,75,75,75,75,75,75,75,75,75,75,75,75,75,75],"card_choices":[{"not_picked":["Consume","Redo"],"picked":"White Noise","floor":1},{"not_picked":["Cold Snap","Lockon"],"picked":"Gash","floor":4},{"not_picked":["Sunder","Rip and Tear","Streamline"],"picked":"SKIP","floor":5},{"not_picked":["Compile Driver","Hello World"],"picked":"Conserve Battery","floor":7},{"not_picked":["Double Energy","Rebound"],"picked":"Compile Driver","floor":11},{"not_picked":["Stack","Cold Snap"],"picked":"Go for the Eyes","floor":13},{"not_picked":["Tempest","Leap"],"picked":"Hyperbeam","floor":14},{"not_picked":["Electrodynamics","Hyperbeam"],"picked":"Creative AI","floor":16},{"not_picked":["Reinforced Body","Beam Cell"],"picked":"Genetic Algorithm","floor":18},{"not_picked":["Tempest","Redo+1"],"picked":"Cold Snap","floor":19}],"player_experience":1299111,"relics_obtained":[{"floor":7,"key":"Mummified Hand"},{"floor":9,"key":"Pen Nib"},{"floor":12,"key":"War Paint"},{"floor":14,"key":"Shuriken"}],"event_choices":[],"is_beta":true,"boss_relics":[{"not_picked":["Empty Cage","Cursed Key"],"picked":"Philosopher\u0027s Stone"}],"items_purged_floors":[],"is_endless":false,"potions_floor_spawned":[1,14,16,18],"killed_by":"Shelled Parasite and Fungi","ascension_level":11}