{"gold_per_floor":[115,131,147,147,167,202,202,220,293,303,317,317,317,346,346,450,450,430,49,59,59,71,71,81,93,93,93,18,33,33,45,45,45],"floor_reached":33,"playtime":10565,"items_purged":["Decay"],"score":263,"play_id":"85e39d2c-8673-466f-a89b-c3dc5ca4261a","local_time":"20180624201727","is_ascension_mode":false,"campfire_choices":[{"data":"Infernal Blade","floor":7,"key":"SMITH"},{"data":"Juggernaut","floor":12,"key":"SMITH"},{"floor":15,"key":"REST"},{"data":"Armaments","floor":23,"key":"SMITH"},{"floor":32,"key":"REST"}],"neow_cost":"TEN_PERCENT_HP_LOSS","seed_source_timestamp":81810227807769,"circlet_count":0,"master_deck":["Strike_R","Strike_R","Strike_R","Defend_R","Defend_R","Defend_R","Defend_R","Bash","Juggernaut+1","Shrug It Off","Infernal Blade+1","Body Slam","Rage","Iron Wave","Blood for Blood","Shockwave","Flex","Thunderclap","Impervious","Sentinel+1","Reckless Charge+1","Shrug It Off","Feel No Pain","Dual Wield","Armaments+1","Cleave","Heavy Blade","Sword Boomerang","Anger","Sword Boomerang+1"],"relics":["Burning Blood","Orichalcum","Bird Faced Urn","Bottled Tornado","Bag of Preparation","Dodecahedron","Astrolabe","Champion Belt","Pantograph"],"potions_floor_usage":[6,14,18,24,24,29,31],"damage_taken":[{"damage":12,"enemies":"Jaw Worm","floor":1,"turns":5},{"damage":27,"enemies":"Small Slimes","floor":2,"turns":5},{"damage":0,"enemies":"Cultist","floor":3,"turns":4},{"damage":13,"enemies":"Blue Slaver","floor":5,"turns":5},{"damage":22,"enemies":"3 Sentries","floor":6,"turns":9},{"damage":0,"enemies":"3 Louse","floor":8,"turns":2},{"damage":19,"enemies":"Lots of Slimes","floor":10,"turns":4},{"damage":4,"enemies":"Blue Slaver","floor":11,"turns":3},{"damage":20,"enemies":"Gremlin Nob","floor":14,"turns":5},{"damage":45,"enemies":"The Guardian","floor":16,"turns":10},{"damage":13,"enemies":"2 Thieves","floor":18,"turns":4},{"damage":6,"enemies":"Chosen","floor":20,"turns":5},{"damage":34,"enemies":"Centurion and Healer","floor":22,"turns":11},{"damage":13,"enemies":"Sentry and Sphere","floor":24,"turns":5},{"damage":21,"enemies":"Chosen and Byrds","floor":25,"turns":6},{"damage":12,"enemies":"Cultist and Chosen","floor":29,"turns":6},{"damage":23,"enemies":"Snecko","floor":31,"turns":6},{"damage":68,"enemies":"Champ","floor":33,"turns":11}],"seed_played":"7332630359921491935","potions_obtained":[{"floor":3,"key":"Strength Potion"},{"floor":5,"key":"FairyPotion"},{"floor":8,"key":"Regen Potion"},{"floor":16,"key":"Fruit Juice"},{"floor":18,"key":"Fire Potion"},{"floor":22,"key":"Explosive Potion"},{"floor":25,"key":"EssenceOfSteel"},{"floor":29,"key":"Poison Potion"}],"is_trial":false,"path_per_floor":["M","M","M","?","M","E","R","M","T","M","M","R","?","E","R","B",null,"M","$","M","?","M","R","M","M","T","?","$","M","?","M","R"],"character_chosen":"IRONCLAD","items_purchased":["Champion Belt","Feel No Pain"],"campfire_rested":2,"item_purchase_floors":[19,19],"current_hp_per_floor":[66,45,51,51,44,46,46,52,52,41,45,45,38,38,59,22,72,70,70,72,72,46,46,43,32,32,32,32,30,16,14,38,0],"gold":45,"neow_bonus":"THREE_RARE_CARDS","is_prod":false,"is_daily":false,"chose_seed":false,"campfire_upgraded":3,"win_rate":0.0,"timestamp":1529885847,"path_taken":["M","M","M","?","M","E","R","M","T","M","M","R","?","E","R","BOSS","M","$","M","?","M","R","M","M","T","?","$","M","?","M","R","BOSS"],"build_version":"2018-06-21v2","purchased_purges":1,"victory":false,"max_hp_per_floor":[72,72,72,72,72,72,72,72,72,72,72,72,72,72,72,72,72,77,77,77,77,77,77,77,77,77,77,77,77,82,82,82,82],"card_choices":[{"not_picked":["Reaper","Fiend Fire"],"picked":"Juggernaut","floor":0},{"not_picked":["Clothesline","Clash"],"picked":"Shrug It Off","floor":1},{"not_picked":["Combust","Headbutt"],"picked":"Infernal Blade","floor":2},{"not_picked":["Cleave","Heavy Blade"],"picked":"Body Slam","floor":3},{"not_picked":["Clash","Sword Boomerang"],"picked":"Rage","floor":5},{"not_picked":["Body Slam","Rage"],"picked":"Iron Wave","floor":6},{"not_picked":["Thunderclap","Shrug It Off"],"picked":"Blood for Blood","floor":8},{"not_picked":["Limit Break","Shrug It Off"],"picked":"Shockwave","floor":10},{"not_picked":["Iron Wave","Uppercut"],"picked":"Flex","floor":11},{"not_picked":["Sword Boomerang","Anger"],"picked":"Thunderclap","floor":14},{"not_picked":["Fiend Fire","Double Tap"],"picked":"Impervious","floor":16},{"not_picked":["Uppercut","Heavy Blade"],"picked":"Shrug It Off","floor":18},{"not_picked":["Headbutt","Rupture"],"picked":"Dual Wield","floor":20},{"not_picked":["True Grit","Wild Strike+1"],"picked":"Cleave","floor":22},{"not_picked":["Wild Strike","Offering"],"picked":"Heavy Blade","floor":24},{"not_picked":["True Grit","Second Wind+1"],"picked":"Sword Boomerang","floor":25},{"not_picked":["Havoc+1","Wild Strike+1"],"picked":"Anger","floor":29},{"not_picked":["Rampage+1","Corruption"],"picked":"Sword Boomerang+1","floor":31}],"player_experience":62562,"relics_obtained":[{"floor":6,"key":"Bird Faced Urn"},{"floor":9,"key":"Bottled Tornado"},{"floor":14,"key":"Dodecahedron"},{"floor":26,"key":"Pantograph"}],"event_choices":[{"event_name":"Big Fish","player_choice":"Box","floor":4,"damage_taken":0},{"event_name":"Scrap Ooze","player_choice":"success","floor":13,"damage_taken":7},{"event_name":"The Library","player_choice":"Read","floor":21,"damage_taken":0},{"event_name":"Drug Dealer","player_choice":"Ignored","floor":27,"damage_taken":0},{"event_name":"Forgotten Altar","player_choice":"Shed Blood","floor":30,"damage_taken":0}],"boss_relics":[{"not_picked":["Cursed Key","Snecko Eye"],"picked":"Astrolabe"}],"items_purged_floors":[28],"is_endless":false,"potions_floor_spawned":[3,5,8,16,18,22,25,29],"killed_by":"Champ","ascension_level":0}