{"gold_per_floor":[118,132,407,424,439,439,471,471,497,497,497,512,524,553,553,553],"floor_reached":16,"playtime":549,"items_purged":[],"score":194,"play_id":"a1eecf46-f9b3-4791-a2fd-287d054ccd21","local_time":"20190506124557","is_ascension_mode":true,"campfire_choices":[{"data":"Redo","floor":6,"key":"SMITH"},{"data":"Conserve Battery","floor":8,"key":"SMITH"},{"data":"Zap","floor":11,"key":"SMITH"},{"floor":15,"key":"REST"}],"neow_cost":"NONE","seed_source_timestamp":1290857092083536,"circlet_count":0,"master_deck":["AscendersBane","Strike_B","Strike_B","Strike_B","Strike_B","Defend_B","Defend_B","Defend_B","Defend_B","Zap+1","Dualcast","Gash","Compile Driver","Regret","Ball Lightning","Redo+1","Conserve Battery+1","Gash","Capacitor","Auto Shields"],"relics":["Cracked Core","PreservedInsect","Bag of Marbles","Sundial","Odd Mushroom"],"potions_floor_usage":[7,14],"damage_taken":[{"damage":2,"enemies":"Jaw Worm","floor":1,"turns":4},{"damage":1,"enemies":"Cultist","floor":2,"turns":3},{"damage":4,"enemies":"2 Louse","floor":4,"turns":3},{"damage":12,"enemies":"Blue Slaver","floor":5,"turns":4},{"damage":15,"enemies":"Lagavulin","floor":7,"turns":4},{"damage":5,"enemies":"3 Louse","floor":12,"turns":3},{"damage":4,"enemies":"Large Slime","floor":13,"turns":4},{"damage":12,"enemies":"The Mushroom Lair","floor":14,"turns":4},{"damage":33,"enemies":"Hexaghost","floor":16,"turns":9}],"seed_played":"5890625130342808030","potions_obtained":[{"floor":4,"key":"Block Potion"},{"floor":5,"key":"Dexterity Potion"},{"floor":12,"key":"Strength Potion"}],"is_trial":false,"path_per_floor":["M","M","?","M","M","R","E","R","T","T","R","M","M","?","R","B"],"character_chosen":"DEFECT","items_purchased":[],"campfire_rested":1,"item_purchase_floors":[],"current_hp_per_floor":[62,61,61,57,45,45,30,30,30,30,30,25,21,9,30,0],"gold":553,"neow_bonus":"RANDOM_COMMON_RELIC","is_prod":false,"is_daily":false,"chose_seed":false,"campfire_upgraded":3,"win_rate":0,"timestamp":1557139557,"path_taken":["M","M","?","M","?","R","E","R","T","?","R","M","M","?","R","BOSS"],"build_version":"2019-04-23","purchased_purges":0,"victory":false,"max_hp_per_floor":[71,71,71,71,71,71,71,71,71,71,71,71,71,71,71,71],"card_choices":[{"not_picked":["Turbo","Force Field"],"picked":"Gash","floor":1},{"not_picked":["Lockon","Barrage"],"picked":"Compile Driver","floor":2},{"not_picked":["Go for the Eyes","Skim"],"picked":"Ball Lightning","floor":4},{"not_picked":["Turbo","Tempest"],"picked":"Redo","floor":5},{"not_picked":["Tempest","Hologram"],"picked":"Conserve Battery","floor":7},{"not_picked":["Darkness","Steam Power"],"picked":"Gash","floor":12},{"not_picked":["Seek","Chill"],"picked":"Capacitor","floor":13},{"not_picked":["Melter","Sweeping Beam"],"picked":"Auto Shields","floor":14}],"player_experience":1538188,"relics_obtained":[{"floor":7,"key":"Bag of Marbles"},{"floor":10,"key":"Sundial"},{"floor":14,"key":"Odd Mushroom"}],"event_choices":[{"damage_healed":0,"gold_gain":275,"player_choice":"Desecrate","damage_taken":0,"max_hp_gain":0,"max_hp_loss":0,"event_name":"Golden Shrine","floor":3,"gold_loss":0,"cards_obtained":["Regret"]},{"damage_healed":0,"gold_gain":0,"player_choice":"Fought Mushrooms","damage_taken":0,"max_hp_gain":0,"max_hp_loss":0,"event_name":"Mushrooms","floor":14,"gold_loss":0}],"is_beta":true,"boss_relics":[],"items_purged_floors":[],"is_endless":false,"potions_floor_spawned":[4,5,12],"killed_by":"Hexaghost","ascension_level":18}