{"gold_per_floor":[114,124,399,110,130,164,164,180,180,193,193,193,204,233,233,233],"floor_reached":16,"playtime":378,"items_purged":["Regret"],"score":218,"play_id":"a2e994bb-7845-4088-a060-88006a544585","local_time":"20190511120102","is_ascension_mode":true,"campfire_choices":[{"data":"Bash","floor":7,"key":"SMITH"},{"data":"Perfected Strike","floor":12,"key":"SMITH"},{"data":"True Grit","floor":15,"key":"SMITH"}],"neow_cost":"NONE","seed_source_timestamp":1720333579015590,"circlet_count":0,"master_deck":["AscendersBane","Strike_R","Strike_R","Strike_R","Strike_R","Strike_R","Defend_R","Defend_R","Defend_R","Defend_R","Bash+1","Perfected Strike+1","Inflame","Dropkick","Clothesline","True Grit+1","Feed","Perfected Strike","Perfected Strike","Cleave"],"relics":["Burning Blood","NeowsBlessing","Juzu Bracelet","Pantograph","Turnip"],"potions_floor_usage":[8,14],"damage_taken":[{"damage":0,"enemies":"Small Slimes","floor":1,"turns":1},{"damage":0,"enemies":"Cultist","floor":2,"turns":1},{"damage":0,"enemies":"Jaw Worm","floor":5,"turns":1},{"damage":32,"enemies":"Gremlin Nob","floor":6,"turns":4},{"damage":0,"enemies":"2 Fungi Beasts","floor":8,"turns":2},{"damage":5,"enemies":"Blue Slaver","floor":10,"turns":5},{"damage":19,"enemies":"Exordium Wildlife","floor":13,"turns":5},{"damage":26,"enemies":"Lagavulin","floor":14,"turns":3},{"damage":56,"enemies":"The Guardian","floor":16,"turns":9}],"seed_played":"4019650716773272218","potions_obtained":[{"floor":2,"key":"Explosive Potion"},{"floor":5,"key":"SkillPotion"}],"is_trial":false,"path_per_floor":["M","M","?","$","M","E","R","M","T","M","$","R","M","E","R","B"],"character_chosen":"IRONCLAD","items_purchased":["Inflame","Dropkick","Clothesline"],"campfire_rested":0,"item_purchase_floors":[4,4,4],"current_hp_per_floor":[74,75,75,75,75,49,49,55,55,56,56,56,46,29,29,0],"gold":233,"neow_bonus":"THREE_ENEMY_KILL","is_prod":false,"is_daily":false,"chose_seed":false,"campfire_upgraded":3,"win_rate":0,"timestamp":1557568862,"path_taken":["M","M","?","$","?","E","R","M","T","M","$","R","M","E","R","BOSS"],"build_version":"2019-05-07","purchased_purges":1,"victory":false,"max_hp_per_floor":[75,75,75,75,75,75,75,75,75,75,75,75,78,81,81,81],"card_choices":[{"not_picked":["Power Through","Bloodletting"],"picked":"Perfected Strike","floor":1},{"not_picked":["Heavy Blade","Fire Breathing","Body Slam"],"picked":"SKIP","floor":2},{"not_picked":["Warcry","Reckless Charge"],"picked":"True Grit","floor":5},{"not_picked":["Shrug It Off","Iron Wave"],"picked":"Feed","floor":6},{"not_picked":["Disarm","Battle Trance"],"picked":"Perfected Strike","floor":8},{"not_picked":["Entrench","Rage"],"picked":"Perfected Strike","floor":10},{"not_picked":["Pommel Strike","Intimidate"],"picked":"Cleave","floor":13},{"not_picked":["Twin Strike","Havoc","Entrench"],"picked":"SKIP","floor":14}],"player_experience":1776734,"relics_obtained":[{"floor":6,"key":"Juzu Bracelet"},{"floor":9,"key":"Pantograph"},{"floor":14,"key":"Turnip"}],"event_choices":[{"damage_healed":0,"gold_gain":275,"player_choice":"Desecrate","damage_taken":0,"max_hp_gain":0,"max_hp_loss":0,"event_name":"Golden Shrine","floor":3,"gold_loss":0,"cards_obtained":["Regret"]}],"is_beta":true,"boss_relics":[],"items_purged_floors":[4],"is_endless":false,"potions_floor_spawned":[2,5,6],"killed_by":"The Guardian","ascension_level":19}