{"gold_per_floor":[114,130,130,143,157,157,169,169,193,47,57,87,87,107,107,181,181,201,201,116,116,133,133],"floor_reached":23,"playtime":782,"items_purged":[],"score":348,"play_id":"789349f3-c29d-452d-b751-7de32f8e485a","local_time":"20190508153900","is_ascension_mode":true,"campfire_choices":[{"data":"Footwork","floor":6,"key":"SMITH"},{"data":"Caltrops","floor":8,"key":"SMITH"},{"data":"Noxious Fumes","floor":13,"key":"SMITH"},{"data":"Sucker Punch","floor":15,"key":"SMITH"}],"neow_cost":"NONE","seed_source_timestamp":1473807923152489,"circlet_count":0,"master_deck":["AscendersBane","Defend_G+1","Defend_G+1","Defend_G+1","Defend_G+1","Defend_G+1","Strike_G+1","Strike_G+1","Strike_G+1","Strike_G+1","Strike_G+1","Survivor","Neutralize+1","PiercingWail+1","Predator+1","Flying Knee","Footwork+1","Caltrops+1","Noxious Fumes+1","Sucker Punch+1","Cloak And Dagger","Adrenaline","Heel Hook+1","RitualDagger","Backflip"],"relics":["Ring of the Snake","War Paint","Strawberry","Black Star","Dream Catcher"],"potions_floor_usage":[14,14,23],"damage_taken":[{"damage":3,"enemies":"Small Slimes","floor":1,"turns":6},{"damage":1,"enemies":"2 Louse","floor":2,"turns":3},{"damage":0,"enemies":"Jaw Worm","floor":4,"turns":4},{"damage":14,"enemies":"Exordium Wildlife","floor":5,"turns":7},{"damage":0,"enemies":"3 Louse","floor":7,"turns":3},{"damage":1,"enemies":"Blue Slaver","floor":11,"turns":3},{"damage":3,"enemies":"Exordium Thugs","floor":14,"turns":4},{"damage":17,"enemies":"Slime Boss","floor":16,"turns":10},{"damage":21,"enemies":"Spheric Guardian","floor":18,"turns":5},{"damage":13,"enemies":"Shell Parasite","floor":22,"turns":6},{"damage":22,"enemies":"Book of Stabbing","floor":23,"turns":3}],"seed_played":"7692829920566575289","potions_obtained":[{"floor":7,"key":"SpeedPotion"},{"floor":11,"key":"Energy Potion"},{"floor":14,"key":"Weak Potion"}],"is_trial":false,"path_per_floor":["M","M","?","M","M","R","M","R","T","$","M","?","R","M","R","B",null,"M","?","?","?","M","E"],"character_chosen":"THE_SILENT","items_purchased":["Noxious Fumes","Sucker Punch"],"campfire_rested":0,"item_purchase_floors":[10,10],"current_hp_per_floor":[56,55,55,55,41,41,41,41,41,41,40,47,47,44,44,27,62,41,35,35,35,22,0],"gold":133,"neow_bonus":"UPGRADE_CARD","is_prod":false,"is_daily":false,"chose_seed":false,"campfire_upgraded":4,"win_rate":0,"timestamp":1557322740,"path_taken":["M","M","?","M","M","R","M","R","T","$","M","?","R","M","R","BOSS","M","?","?","?","M","E"],"build_version":"2019-05-07","purchased_purges":0,"victory":false,"max_hp_per_floor":[66,66,66,66,66,66,66,66,66,66,66,73,73,73,73,73,73,73,73,73,73,73,73],"card_choices":[{"not_picked":["Blade Dance","Well Laid Plans"],"picked":"PiercingWail","floor":1},{"not_picked":["Expertise","Concentrate"],"picked":"Predator","floor":2},{"not_picked":["Sucker Punch","Poisoned Stab"],"picked":"Flying Knee","floor":4},{"not_picked":["Underhanded Strike","Concentrate"],"picked":"Footwork","floor":5},{"not_picked":["Masterful Stab","Dagger Spray"],"picked":"Caltrops","floor":7},{"not_picked":["Deadly Poison","Bane","Slice"],"picked":"SKIP","floor":11},{"not_picked":["Bane","Crippling Poison"],"picked":"Cloak And Dagger","floor":14},{"not_picked":["Storm of Steel","Die Die Die"],"picked":"Adrenaline","floor":16},{"not_picked":["Poisoned Stab","Underhanded Strike"],"picked":"Heel Hook+1","floor":18},{"not_picked":["Outmaneuver","Accuracy+1"],"picked":"Backflip","floor":22}],"player_experience":1590240,"relics_obtained":[{"floor":9,"key":"War Paint"}],"event_choices":[{"damage_healed":0,"gold_gain":0,"player_choice":"Grow","damage_taken":0,"max_hp_gain":0,"max_hp_loss":0,"event_name":"Living Wall","floor":3,"gold_loss":0,"cards_upgraded":["Predator"]},{"damage_healed":0,"gold_gain":30,"player_choice":"Searched \u00273\u0027 times","damage_taken":0,"relics_obtained":["Strawberry"],"max_hp_gain":0,"max_hp_loss":0,"event_name":"Dead Adventurer","floor":12,"gold_loss":0},{"damage_healed":0,"gold_gain":0,"player_choice":"Joined the Cult","damage_taken":6,"max_hp_gain":0,"max_hp_loss":0,"event_name":"Nest","floor":19,"gold_loss":0,"cards_obtained":["RitualDagger"]},{"damage_healed":0,"gold_gain":0,"player_choice":"Obtained Relic","damage_taken":0,"relics_obtained":["Dream Catcher"],"max_hp_gain":0,"max_hp_loss":0,"event_name":"Addict","floor":20,"gold_loss":85},{"damage_healed":0,"gold_gain":0,"player_choice":"Simplicity","damage_taken":0,"max_hp_gain":0,"max_hp_loss":0,"event_name":"Back to Basics","floor":21,"gold_loss":0,"cards_upgraded":["Defend_G","Defend_G","Defend_G","Defend_G","Strike_G","Strike_G","Strike_G","Strike_G","Strike_G"]}],"is_beta":true,"boss_relics":[{"not_picked":["Busted Crown","Eternal Feather"],"picked":"Black Star"}],"items_purged_floors":[],"is_endless":false,"potions_floor_spawned":[7,11,14],"killed_by":"Book of Stabbing","ascension_level":18}