{"path_per_floor":["M","M","M","M","M","E","R","M","T","M","?","R","?","M","R","B",null,"M","M","?","$","M"],"character_chosen":"IRONCLAD","items_purchased":["War Paint","Limit Break"],"gold_per_floor":[119,138,151,166,183,217,217,228,228,241,192,192,192,207,207,310,310,326,337,337,40,59],"floor_reached":23,"campfire_rested":1,"playtime":1869,"current_hp_per_floor":[80,78,80,69,57,33,33,32,32,17,17,17,10,11,35,10,80,80,77,77,77,44],"items_purged":[],"gold":59,"play_id":"e671cada-c14b-45e4-a79c-cbba3d6c9442","is_prod":false,"is_daily":false,"campfire_rituals":0,"campfire_upgraded":1,"is_hardmode":false,"path_taken":["M","M","M","M","M","E","R","M","T","M","?","R","?","M","R","BOSS","M","M","?","$","M","E"],"build_version":"2018-01-18-PROD4","purchased_purges":0,"victory":false,"master_deck":["Strike_R","Strike_R","Strike_R","Strike_R","Defend_R","Defend_R","Defend_R","Defend_R","Bash","Twin Strike","Flex","Body Slam","Second Wind","Pummel","Anger","Inflame","Twin Strike","True Grit","Barricade","Hemokinesis","Perfected Strike","Limit Break","Rampage"],"max_hp_per_floor":[80,80,80,80,80,80,80,80,80,80,80,80,80,80,80,80,80,80,80,80,80,80],"relics":["Burning Blood","Mummified Hand","Shovel","Gremlin Horn","Sozu","Unceasing Top","War Paint"],"campfire_meditates":0,"card_choices":[{"not_picked":["Clothesline","Searing Blow"],"picked":"Twin Strike"},{"not_picked":["Warcry","Sever Soul"],"picked":"Flex"},{"not_picked":["Warcry","Armaments"],"picked":"Body Slam"},{"not_picked":["Dual Wield","Warcry"],"picked":"Second Wind"},{"not_picked":["Reckless Charge","True Grit"],"picked":"Pummel"},{"not_picked":["Limit Break","Clash"],"picked":"Anger"},{"not_picked":["True Grit","Dual Wield"],"picked":"Inflame"},{"not_picked":["Headbutt","Flex"],"picked":"Twin Strike"},{"not_picked":["Bloodletting","Pommel Strike"],"picked":"True Grit"},{"not_picked":["Feed","Brutality"],"picked":"Barricade"},{"not_picked":["Sword Boomerang","Flex"],"picked":"Hemokinesis"},{"not_picked":["True Grit","Hemokinesis"],"picked":"Perfected Strike"},{"not_picked":["Iron Wave","Thunderclap"],"picked":"Rampage"}],"player_experience":14366,"potions_floor_usage":[14,16,16],"damage_taken":[{"damage":4,"enemies":"Jaw Worm","floor":1,"turns":5},{"damage":8,"enemies":"Small Slimes","floor":2,"turns":3},{"damage":0,"enemies":"2 Louse","floor":3,"turns":2},{"damage":17,"enemies":"Exordium Thugs","floor":4,"turns":4},{"damage":18,"enemies":"3 Louse","floor":5,"turns":3},{"damage":30,"enemies":"Gremlin Nob","floor":6,"turns":4},{"damage":7,"enemies":"2 Fungi Beasts","floor":8,"turns":3},{"damage":21,"enemies":"Exordium Thugs","floor":10,"turns":4},{"damage":5,"enemies":"Exordium Wildlife","floor":14,"turns":2},{"damage":31,"enemies":"Slime Boss","floor":16,"turns":12},{"damage":0,"enemies":"Chosen","floor":18,"turns":5},{"damage":9,"enemies":"3 Byrds","floor":19,"turns":5},{"damage":39,"enemies":"Snake Plant","floor":22,"turns":5},{"damage":47,"enemies":"Gremlin Leader","floor":23,"turns":4}],"event_choices":[{"event_name":"World of Goop","player_choice":"Left","floor":11,"damage_taken":0},{"event_name":"Golden Wing","player_choice":"Card Removal","floor":13,"damage_taken":0},{"event_name":"The Mausoleum","player_choice":"Yes","floor":20,"damage_taken":0}],"boss_relics":[{"not_picked":["Orrery","Ectoplasm"],"picked":"Sozu"}],"potions_floor_spawned":[3,4,8,10,16,19,22],"seed_played":"5561565917133386925","killed_by":"Gremlin Leader","is_trial":false}