{"gold_per_floor":[136,166,185,202,254,254,254,294,294,294,326,251,251,284,284,380,380,421,346,346,383,283,283,283,293,316,316,349,419,42,75,75,177,177,196,196,214,214,314,314,327,120,120,120,171,171,98,98,98,98],"floor_reached":51,"playtime":3553,"items_purged":["Decay","Strike_R"],"score":988,"play_id":"d2c673b8-87cb-485c-8948-ca237b17c6c8","local_time":"20190115230403","is_ascension_mode":true,"campfire_choices":[{"data":"Armaments","floor":6,"key":"SMITH"},{"data":"Shockwave","floor":10,"key":"SMITH"},{"data":"Whirlwind","floor":15,"key":"SMITH"},{"data":"Corruption","floor":23,"key":"SMITH"},{"floor":27,"key":"REST"},{"data":"Metamorphosis","floor":32,"key":"SMITH"},{"floor":40,"key":"REST"},{"floor":46,"key":"REST"},{"floor":49,"key":"REST"}],"neow_cost":"TEN_PERCENT_HP_LOSS","seed_source_timestamp":1380888306104000,"circlet_count":0,"master_deck":["AscendersBane","Defend_R","Defend_R","Defend_R","Bash","HandOfGreed","Finesse","Whirlwind+1","Shockwave+1","Armaments+1","Warcry","Burning Pact","Corruption+1","Shrug It Off","Inflame","Dark Embrace","Evolve+1","Impervious+1","Power Through+1","Armaments+1","Spot Weakness","Shockwave+1","Clothesline+1","Rage","Metamorphosis+1","Infernal Blade+1","Limit Break","Shrug It Off","Madness","Madness","Power Through","Dropkick+1","Dual Wield","Flame Barrier+1","Reaper","Bash","Dark Embrace","Feel No Pain","Infernal Blade+1"],"relics":["Burning Blood","Self Forming Clay","Astrolabe","Dream Catcher","Toolbox","Philosopher\u0027s Stone","WingedGreaves","Lee\u0027s Waffle","Darkstone Periapt","Boot","Calipers"],"potions_floor_usage":[5,16,25,33,33,39,50,50],"damage_taken":[{"damage":0,"enemies":"Cultist","floor":1,"turns":2},{"damage":5,"enemies":"Small Slimes","floor":2,"turns":3},{"damage":5,"enemies":"2 Louse","floor":3,"turns":2},{"damage":13,"enemies":"Lots of Slimes","floor":4,"turns":2},{"damage":18,"enemies":"Exordium Wildlife","floor":5,"turns":4},{"damage":5,"enemies":"Large Slime","floor":8,"turns":5},{"damage":11,"enemies":"Looter","floor":11,"turns":2},{"damage":6,"enemies":"Blue Slaver","floor":14,"turns":5},{"damage":29,"enemies":"Slime Boss","floor":16,"turns":10},{"damage":7,"enemies":"Shell Parasite","floor":18,"turns":5},{"damage":13,"enemies":"Chosen","floor":21,"turns":7},{"damage":16,"enemies":"Snake Plant","floor":25,"turns":5},{"damage":7,"enemies":"Shelled Parasite and Fungi","floor":28,"turns":7},{"damage":14,"enemies":"3 Cultists","floor":29,"turns":7},{"damage":3,"enemies":"Cultist and Chosen","floor":31,"turns":6},{"damage":30,"enemies":"Champ","floor":33,"turns":8},{"damage":24,"enemies":"Orb Walker","floor":35,"turns":4},{"damage":6,"enemies":"3 Darklings","floor":37,"turns":5},{"damage":15,"enemies":"Mind Bloom Boss Battle","floor":39,"turns":5},{"damage":39,"enemies":"Transient","floor":41,"turns":5},{"damage":47,"enemies":"2 Orb Walkers","floor":45,"turns":5},{"damage":72,"enemies":"Donu and Deca","floor":50,"turns":8}],"seed_played":"-1564669903607716874","potions_obtained":[{"floor":2,"key":"Fire Potion"},{"floor":3,"key":"SpeedPotion"},{"floor":5,"key":"Energy Potion"},{"floor":16,"key":"Strength Potion"},{"floor":18,"key":"SkillPotion"},{"floor":28,"key":"Strength Potion"},{"floor":29,"key":"EssenceOfSteel"},{"floor":31,"key":"LiquidBronze"},{"floor":37,"key":"SkillPotion"},{"floor":41,"key":"Strength Potion"},{"floor":45,"key":"LiquidBronze"}],"is_trial":false,"path_per_floor":["M","M","M","M","M","R","?","M","T","R","M","$","?","M","R","B",null,"M","?","?","M","$","R","?","M","T","R","M","M","$","M","R","B",null,"M","?","M","$","?","R","M","$","T","T","?","R","$","?","R","B",null],"character_chosen":"IRONCLAD","items_purchased":["Toolbox","Metamorphosis","Lee\u0027s Waffle","Reaper"],"campfire_rested":4,"item_purchase_floors":[30,30,42,47],"current_hp_per_floor":[72,72,72,65,53,53,53,54,54,54,49,49,49,49,49,26,61,60,60,60,53,53,53,53,43,43,64,63,55,55,58,58,34,63,45,36,36,36,27,48,15,79,79,79,38,61,61,61,79,29],"gold":98,"neow_bonus":"RANDOM_COLORLESS_2","is_prod":false,"is_daily":false,"chose_seed":false,"campfire_upgraded":5,"win_rate":0,"timestamp":1547611443,"path_taken":["M","?","?","M","M","R","?","?","T","R","M","$","?","?","R","BOSS","M","?","?","M","$","R","?","M","T","R","M","M","$","M","R","BOSS","M","?","M","$","?","R","M","$","T","?","?","R","?","?","R","BOSS"],"build_version":"2019-01-10","purchased_purges":2,"victory":true,"max_hp_per_floor":[72,72,72,72,72,72,72,72,72,72,72,72,72,72,72,72,72,72,72,72,72,72,72,72,72,72,72,72,72,72,72,72,72,72,72,72,72,72,72,72,72,79,79,79,79,79,79,79,79,79],"card_choices":[{"not_picked":["Clash","Ghostly Armor"],"picked":"Whirlwind","floor":1},{"not_picked":["Headbutt","Thunderclap"],"picked":"Shockwave","floor":2},{"not_picked":["Warcry","Burning Pact"],"picked":"Armaments","floor":3},{"not_picked":["Pommel Strike","Iron Wave"],"picked":"Warcry","floor":4},{"not_picked":["Perfected Strike","Wild Strike"],"picked":"Burning Pact","floor":5},{"not_picked":["Rupture","Disarm"],"picked":"Corruption","floor":8},{"not_picked":["Clothesline","Thunderclap"],"picked":"Shrug It Off","floor":11},{"not_picked":["Warcry","Entrench"],"picked":"Inflame","floor":14},{"not_picked":["Juggernaut","Fiend Fire"],"picked":"Dark Embrace","floor":16},{"not_picked":["Shockwave","Sword Boomerang"],"picked":"Armaments+1","floor":18},{"not_picked":["Anger","Havoc"],"picked":"Shockwave+1","floor":21},{"not_picked":["Whirlwind","Anger"],"picked":"Clothesline+1","floor":25},{"not_picked":["Clash","Evolve"],"picked":"Rage","floor":28},{"not_picked":["Combust","Clothesline","Cleave+1"],"picked":"SKIP","floor":29},{"not_picked":["Perfected Strike+1","Havoc+1"],"picked":"Infernal Blade+1","floor":31},{"not_picked":["Offering","Impervious"],"picked":"Limit Break","floor":33},{"not_picked":["Flex","Heavy Blade"],"picked":"Shrug It Off","floor":35},{"not_picked":["Uppercut+1","Thunderclap","Clash+1"],"picked":"SKIP","floor":37},{"not_picked":["Headbutt","Perfected Strike"],"picked":"Power Through","floor":39},{"not_picked":["Iron Wave+1","Bloodletting+1"],"picked":"Dropkick+1","floor":41},{"not_picked":["Flex+1","Thunderclap"],"picked":"Dual Wield","floor":45},{"not_picked":["Bloodletting+1","Shrug It Off"],"picked":"Flame Barrier+1","floor":46},{"not_picked":["Perfected Strike","Dual Wield"],"picked":"Infernal Blade+1","floor":49}],"player_experience":1765698,"relics_obtained":[{"floor":9,"key":"Self Forming Clay"},{"floor":26,"key":"Dream Catcher"},{"floor":39,"key":"WingedGreaves"},{"floor":43,"key":"Darkstone Periapt"},{"floor":44,"key":"Boot"},{"floor":45,"key":"Calipers"}],"event_choices":[{"damage_healed":0,"gold_gain":0,"player_choice":"Cursed","damage_taken":0,"max_hp_gain":0,"max_hp_loss":0,"event_name":"Wheel of Change","floor":7,"gold_loss":0,"cards_obtained":["Decay"]},{"cards_removed":["Strike_R"],"damage_healed":0,"gold_gain":0,"player_choice":"Purged","damage_taken":0,"max_hp_gain":0,"max_hp_loss":0,"event_name":"Purifier","floor":13,"gold_loss":0},{"cards_removed":["Strike_R"],"damage_healed":0,"gold_gain":0,"player_choice":"Gave Gold","damage_taken":0,"max_hp_gain":0,"max_hp_loss":0,"event_name":"Beggar","floor":19,"gold_loss":75},{"damage_healed":0,"gold_gain":0,"player_choice":"Read","damage_taken":0,"max_hp_gain":0,"max_hp_loss":0,"event_name":"The Library","floor":20,"gold_loss":0,"cards_obtained":["Spot Weakness"]},{"damage_healed":0,"gold_gain":0,"player_choice":"Ignored","damage_taken":0,"max_hp_gain":0,"max_hp_loss":0,"event_name":"Ghosts","floor":24,"gold_loss":0},{"damage_healed":0,"gold_gain":0,"player_choice":"Embrace Madness","damage_taken":9,"max_hp_gain":0,"max_hp_loss":0,"event_name":"Winding Halls","floor":36,"gold_loss":0,"cards_obtained":["Madness","Madness"]},{"damage_healed":0,"gold_gain":0,"player_choice":"Fight","damage_taken":0,"max_hp_gain":0,"max_hp_loss":0,"event_name":"MindBloom","floor":39,"gold_loss":0},{"damage_healed":0,"gold_gain":0,"player_choice":"Fight","damage_taken":0,"max_hp_gain":0,"max_hp_loss":0,"event_name":"Mysterious Sphere","floor":45,"gold_loss":0},{"damage_healed":0,"gold_gain":0,"player_choice":"3 cards matched","damage_taken":0,"max_hp_gain":0,"max_hp_loss":0,"event_name":"Match and Keep!","floor":48,"gold_loss":0,"cards_obtained":["Bash","Dark Embrace","Feel No Pain"]}],"is_beta":false,"boss_relics":[{"not_picked":["Fusion Hammer","Lizard Tail"],"picked":"Astrolabe"},{"not_picked":["Velvet Choker","White Beast Statue"],"picked":"Philosopher\u0027s Stone"}],"items_purged_floors":[12,22],"is_endless":false,"potions_floor_spawned":[2,3,5,16,18,28,29,31,37,41,45],"ascension_level":11}