{"gold_per_floor":[216,59,79,79,94,94,128,128,151,180,180,60,80,90,90,186,186,196,196,296,312,326,358,358,392,392,392],"floor_reached":27,"playtime":1082,"items_purged":["Strike_B"],"score":300,"play_id":"6e9f7575-911a-4c3a-85bb-2d484beabd81","local_time":"20190419173144","is_ascension_mode":true,"campfire_choices":[{"data":"Coolheaded","floor":6,"key":"SMITH"},{"data":"Zap","floor":8,"key":"SMITH"},{"floor":15,"key":"REST"},{"floor":24,"key":"REST"}],"neow_cost":"NONE","seed_source_timestamp":2264808443126827,"circlet_count":0,"master_deck":["Strike_B","Strike_B","Defend_B","Defend_B","Defend_B","Defend_B","Zap+1","Dualcast","Capacitor","FTL","Hologram","Capacitor","Coolheaded+1","Ball Lightning","Loop","Redo","Undo","Streamline","Echo Form","Self Repair","Barrage+1","Sweeping Beam+1"],"relics":["Cracked Core","Potion Belt","Bronze Scales","Peace Pipe","Velvet Choker","Boot","Ancient Tea Set","Cables"],"potions_floor_usage":[16,25,25,25,25],"damage_taken":[{"damage":3,"enemies":"Jaw Worm","floor":1,"turns":4},{"damage":0,"enemies":"Small Slimes","floor":3,"turns":2},{"damage":1,"enemies":"Cultist","floor":5,"turns":4},{"damage":48,"enemies":"Gremlin Nob","floor":7,"turns":6},{"damage":18,"enemies":"3 Sentries","floor":10,"turns":6},{"damage":2,"enemies":"3 Louse","floor":13,"turns":3},{"damage":3,"enemies":"Red Slaver","floor":14,"turns":4},{"damage":25,"enemies":"The Guardian","floor":16,"turns":9},{"damage":16,"enemies":"Chosen","floor":18,"turns":5},{"damage":4,"enemies":"Spheric Guardian","floor":21,"turns":3},{"damage":29,"enemies":"Snake Plant","floor":22,"turns":4},{"damage":38,"enemies":"Gremlin Leader","floor":23,"turns":8},{"damage":37,"enemies":"Slavers","floor":25,"turns":4},{"damage":22,"enemies":"3 Cultists","floor":27,"turns":3}],"seed_played":"-8170027457984234239","potions_obtained":[{"floor":3,"key":"Dexterity Potion"},{"floor":14,"key":"Regen Potion"},{"floor":16,"key":"PowerPotion"},{"floor":18,"key":"AttackPotion"},{"floor":21,"key":"Poison Potion"},{"floor":22,"key":"Fruit Juice"}],"is_trial":false,"path_per_floor":["M","$","M","?","M","R","E","R","T","E","?","$","M","M","R","B",null,"M","?","?","M","M","E","R","E","T","M"],"character_chosen":"DEFECT","items_purchased":["Capacitor","FTL","Hologram","Redo"],"campfire_rested":2,"item_purchase_floors":[2,2,2,12],"current_hp_per_floor":[72,72,72,77,76,76,28,28,28,10,10,10,8,5,29,16,80,64,64,64,60,45,14,38,20,20,0],"gold":392,"neow_bonus":"HUNDRED_GOLD","is_prod":false,"is_daily":false,"chose_seed":false,"campfire_upgraded":2,"win_rate":0,"timestamp":1555687904,"path_taken":["M","$","M","?","M","R","E","R","T","E","?","?","M","?","R","BOSS","M","?","?","?","M","E","R","E","T","M"],"build_version":"2019-04-04","purchased_purges":1,"victory":false,"max_hp_per_floor":[75,75,75,80,80,80,80,80,80,80,80,80,80,80,80,80,80,80,80,80,80,80,80,80,85,85,85],"card_choices":[{"not_picked":["Turbo","Rip and Tear","Compile Driver"],"picked":"SKIP","floor":1},{"not_picked":["Hologram","Force Field"],"picked":"Capacitor","floor":3},{"not_picked":["Go for the Eyes","Hologram"],"picked":"Coolheaded","floor":5},{"not_picked":["Compile Driver","Coolheaded"],"picked":"Ball Lightning","floor":7},{"not_picked":["Hologram","Fusion"],"picked":"Loop","floor":10},{"not_picked":["Undo","Ball Lightning","Fusion"],"picked":"SKIP","floor":13},{"not_picked":["Ball Lightning","Fusion"],"picked":"Undo","floor":13},{"not_picked":["Heatsinks","Creative AI"],"picked":"Streamline","floor":14},{"not_picked":["Hyperbeam","Rainbow"],"picked":"Echo Form","floor":16},{"not_picked":["Go for the Eyes","Fusion","Compile Driver"],"picked":"SKIP","floor":18},{"not_picked":["Cold Snap","Sweeping Beam+1"],"picked":"Self Repair","floor":21},{"not_picked":["BootSequence","Chill+1"],"picked":"Barrage+1","floor":22},{"not_picked":["Sunder","Undo","Hyperbeam"],"picked":"SKIP","floor":23},{"not_picked":["Hologram","Conserve Battery"],"picked":"Sweeping Beam+1","floor":25}],"player_experience":1131330,"relics_obtained":[{"floor":7,"key":"Potion Belt"},{"floor":9,"key":"Bronze Scales"},{"floor":10,"key":"Peace Pipe"},{"floor":23,"key":"Boot"},{"floor":25,"key":"Ancient Tea Set"},{"floor":26,"key":"Cables"}],"event_choices":[{"damage_healed":0,"gold_gain":0,"player_choice":"Donut","damage_taken":0,"max_hp_gain":5,"max_hp_loss":0,"event_name":"Big Fish","floor":4,"gold_loss":0},{"damage_healed":0,"gold_gain":0,"player_choice":"Fled","damage_taken":0,"max_hp_gain":0,"max_hp_loss":0,"event_name":"Scrap Ooze","floor":11,"gold_loss":0},{"cards_removed":["Strike_B"],"damage_healed":0,"gold_gain":0,"player_choice":"Elegance","damage_taken":0,"max_hp_gain":0,"max_hp_loss":0,"event_name":"Back to Basics","floor":19,"gold_loss":0},{"damage_healed":0,"gold_gain":100,"player_choice":"Pray","damage_taken":0,"max_hp_gain":0,"max_hp_loss":0,"event_name":"Golden Shrine","floor":20,"gold_loss":0}],"is_beta":true,"boss_relics":[{"not_picked":["Pandora\u0027s Box","Inserter"],"picked":"Velvet Choker"}],"items_purged_floors":[12],"is_endless":false,"potions_floor_spawned":[3,14,16,18,21,22],"killed_by":"3 Cultists","ascension_level":3}