{"gold_per_floor":[119,136,136,61,76,76,90,90,113,144,203,216,216,229,229,307,307,324,324,424,384,324],"floor_reached":22,"playtime":969,"items_purged":["Strike_B"],"score":375,"play_id":"aaeebe66-3eba-4e55-88a3-4a46f4835c9a","local_time":"20190506134415","is_ascension_mode":true,"campfire_choices":[{"data":"Coolheaded","floor":6,"key":"SMITH"},{"data":"Defragment","floor":8,"key":"SMITH"},{"floor":13,"key":"REST"},{"data":"Auto Shields","floor":15,"key":"SMITH"}],"neow_cost":"NONE","seed_source_timestamp":1293935221585312,"circlet_count":0,"master_deck":["AscendersBane","Strike_B+1","Strike_B+1","Strike_B+1","Defend_B+1","Defend_B+1","Defend_B+1","Defend_B+1","Zap","Dualcast","Gash","Gash","Compile Driver","Coolheaded+1","Defragment+1","Auto Shields+1","Sweeping Beam","Gash","Gash","Echo Form","Double Energy+1","Compile Driver"],"relics":["Cracked Core","Regal Pillow","Bronze Scales","PreservedInsect","Runic Pyramid","Emotion Chip","Blue Candle"],"potions_floor_usage":[11,11,22],"damage_taken":[{"damage":0,"enemies":"Cultist","floor":1,"turns":3},{"damage":2,"enemies":"2 Louse","floor":2,"turns":3},{"damage":7,"enemies":"Jaw Worm","floor":5,"turns":3},{"damage":20,"enemies":"3 Louse","floor":7,"turns":4},{"damage":8,"enemies":"Lagavulin","floor":10,"turns":6},{"damage":18,"enemies":"Gremlin Nob","floor":11,"turns":4},{"damage":1,"enemies":"Looter","floor":12,"turns":3},{"damage":10,"enemies":"Lots of Slimes","floor":14,"turns":2},{"damage":25,"enemies":"The Guardian","floor":16,"turns":9},{"damage":20,"enemies":"Spheric Guardian","floor":18,"turns":4},{"damage":17,"enemies":"Colosseum Slavers","floor":20,"turns":4},{"damage":23,"enemies":"Colosseum Nobs","floor":20,"turns":4},{"damage":6,"enemies":"2 Thieves","floor":22,"turns":2}],"seed_played":"-1840088149967881684","potions_obtained":[{"floor":1,"key":"Block Potion"},{"floor":10,"key":"Energy Potion"},{"floor":14,"key":"FocusPotion"},{"floor":20,"key":"LiquidBronze"},{"floor":21,"key":"Weak Potion"},{"floor":21,"key":"Ancient Potion"}],"is_trial":false,"path_per_floor":["M","M","?","$","M","R","M","R","T","E","?","M","R","M","R","B",null,"M","?","?","?","M"],"character_chosen":"DEFECT","items_purchased":[],"campfire_rested":1,"item_purchase_floors":[],"current_hp_per_floor":[64,62,67,67,60,60,40,40,40,32,14,13,50,40,40,15,61,41,41,1,1,0],"gold":324,"neow_bonus":"THREE_CARDS","is_prod":false,"is_daily":false,"chose_seed":false,"campfire_upgraded":3,"win_rate":0,"timestamp":1557143055,"path_taken":["M","M","?","$","M","R","M","R","T","E","?","M","R","?","R","BOSS","M","?","?","?","?"],"build_version":"2019-04-23","purchased_purges":1,"victory":false,"max_hp_per_floor":[71,71,76,76,76,76,76,76,76,76,76,76,76,76,76,76,76,76,76,76,76,76],"card_choices":[{"not_picked":["Barrage","Redo"],"picked":"Gash","floor":0},{"not_picked":["Scrape","Sweeping Beam"],"picked":"Gash","floor":1},{"not_picked":["Melter","Stack"],"picked":"Compile Driver","floor":2},{"not_picked":["Leap","Lockon"],"picked":"Coolheaded","floor":5},{"not_picked":["Glacier","Chill"],"picked":"Defragment","floor":7},{"not_picked":["Steam Power","Aggregate"],"picked":"Auto Shields","floor":10},{"not_picked":["Beam Cell","Chaos"],"picked":"Sweeping Beam","floor":11},{"not_picked":["Hologram","Rip and Tear"],"picked":"Gash","floor":12},{"not_picked":["Hologram","Amplify"],"picked":"Gash","floor":14},{"not_picked":["Rainbow","Amplify"],"picked":"Echo Form","floor":16},{"not_picked":["Steam","Go for the Eyes+1"],"picked":"Double Energy+1","floor":18},{"not_picked":["Steam","Auto Shields"],"picked":"Compile Driver","floor":20}],"player_experience":1540301,"relics_obtained":[{"floor":9,"key":"Regal Pillow"},{"floor":10,"key":"Bronze Scales"},{"floor":11,"key":"PreservedInsect"},{"floor":20,"key":"Emotion Chip"},{"floor":20,"key":"Blue Candle"}],"event_choices":[{"damage_healed":0,"gold_gain":0,"player_choice":"Donut","damage_taken":0,"max_hp_gain":5,"max_hp_loss":0,"event_name":"Big Fish","floor":3,"gold_loss":0},{"damage_healed":0,"gold_gain":0,"player_choice":"Searched \u00271\u0027 times","damage_taken":0,"max_hp_gain":0,"max_hp_loss":0,"event_name":"Dead Adventurer","floor":11,"gold_loss":0},{"damage_healed":0,"gold_gain":0,"player_choice":"Simplicity","damage_taken":0,"max_hp_gain":0,"max_hp_loss":0,"event_name":"Back to Basics","floor":19,"gold_loss":0,"cards_upgraded":["Strike_B","Strike_B","Strike_B","Defend_B","Defend_B","Defend_B","Defend_B"]},{"damage_healed":0,"gold_gain":0,"player_choice":"Fight","damage_taken":0,"max_hp_gain":0,"max_hp_loss":0,"event_name":"Colosseum","floor":20,"gold_loss":0},{"damage_healed":0,"gold_gain":0,"player_choice":"Fought Nobs","damage_taken":0,"max_hp_gain":0,"max_hp_loss":0,"event_name":"Colosseum","floor":20,"gold_loss":0},{"damage_healed":0,"gold_gain":0,"player_choice":"Bought 3 Potions","damage_taken":0,"max_hp_gain":0,"max_hp_loss":0,"event_name":"The Woman in Blue","floor":21,"gold_loss":0}],"is_beta":true,"boss_relics":[{"not_picked":["Astrolabe","Pandora\u0027s Box"],"picked":"Runic Pyramid"}],"items_purged_floors":[4],"is_endless":false,"potions_floor_spawned":[1,10,14,20,20],"killed_by":"2 Thieves","ascension_level":18}