{"gold_per_floor":[360,379,389,3,3,3,21,31,31,50,69,24,56,66,66,142,142,158,173,46,46,57,57,90,90,113,8,8,23,35,53,53,53],"floor_reached":33,"playtime":1861,"items_purged":["Strike_B"],"score":561,"play_id":"218610f6-5a22-4cb1-9ee1-9f5fbff53d24","local_time":"20190508191506","is_ascension_mode":true,"campfire_choices":[{"data":"Apotheosis","floor":6.0,"key":"SMITH"},{"data":"Echo Form","floor":15.0,"key":"SMITH"},{"floor":23.0,"key":"REST"},{"floor":25,"key":"REST"},{"floor":32,"key":"REST"}],"neow_cost":"TEN_PERCENT_HP_LOSS","seed_source_timestamp":0,"circlet_count":0,"master_deck":["AscendersBane","Strike_B","Strike_B","Strike_B+1","Defend_B+1","Defend_B","Defend_B","Defend_B","Zap","Dualcast","White Noise","BootSequence","Steam","Apotheosis+1","FTL","Fusion","Scrape+1","Echo Form+1","BootSequence","Conserve Battery","Chill+1","Amplify+1","Capacitor","Gash","Heatsinks","Rainbow","Static Discharge","Leap","Electrodynamics","Rebound","Decay","Coolheaded","Thunder Strike","Chill","Glacier","Heatsinks","Self Repair","Ball Lightning+1","Go for the Eyes"],"special_seed":0,"relics":["Cracked Core","Membership Card","Matryoshka","Whetstone","Eternal Feather","Bottled Lightning","Omamori","War Paint"],"potions_floor_usage":[24,33],"damage_taken":[{"damage":8.0,"enemies":"2 Louse","floor":1.0,"turns":4.0},{"damage":1.0,"enemies":"Cultist","floor":2.0,"turns":3.0},{"damage":0.0,"enemies":"Jaw Worm","floor":3.0,"turns":3.0},{"damage":1.0,"enemies":"2 Fungi Beasts","floor":7.0,"turns":3.0},{"damage":19.0,"enemies":"Exordium Thugs","floor":8.0,"turns":5.0},{"damage":0.0,"enemies":"3 Louse","floor":10.0,"turns":3.0},{"damage":0.0,"enemies":"Red Slaver","floor":11.0,"turns":3.0},{"damage":0.0,"enemies":"3 Sentries","floor":13.0,"turns":8.0},{"damage":0.0,"enemies":"Gremlin Gang","floor":14.0,"turns":2.0},{"damage":45.0,"enemies":"Hexaghost","floor":16.0,"turns":13.0},{"damage":14.0,"enemies":"Spheric Guardian","floor":18.0,"turns":6.0},{"damage":28.0,"enemies":"Chosen","floor":19.0,"turns":7.0},{"damage":10.0,"enemies":"Centurion and Healer","floor":22.0,"turns":11.0},{"damage":35,"enemies":"Slavers","floor":24,"turns":7},{"damage":0,"enemies":"Snake Plant","floor":29,"turns":5},{"damage":8,"enemies":"Snecko","floor":30,"turns":5},{"damage":31,"enemies":"Cultist and Chosen","floor":31,"turns":7},{"damage":53,"enemies":"Collector","floor":33,"turns":7}],"seed_played":"6242325384477119863","potions_obtained":[{"floor":1.0,"key":"Explosive Potion"},{"floor":3.0,"key":"Regen Potion"},{"floor":10.0,"key":"Explosive Potion"},{"floor":14.0,"key":"Poison Potion"},{"floor":18.0,"key":"Regen Potion"},{"floor":22.0,"key":"Dexterity Potion"},{"floor":30,"key":"AttackPotion"}],"is_trial":false,"path_per_floor":["M","M","M","$","?","R","M","M","T","M","M","$","E","M","R","B",null,"M","M","$","?","M","R","E","R","T","$","?","M","M","M","R","B"],"character_chosen":"DEFECT","items_purchased":["Membership Card","Apotheosis","FTL","Fusion","Capacitor","Electrodynamics","Rebound","Chill","Glacier","Heatsinks"],"campfire_rested":3,"item_purchase_floors":[4,4,4,4,12,20,20,27,27,27],"current_hp_per_floor":[56,55,55,55,55,55,54,35,35,35,35,35,35,35,35,4,49,35,7,7,7,12,49,14,51,51,51,51,51,43,12,52,0],"gold":53,"neow_bonus":"TWO_FIFTY_GOLD","is_prod":false,"is_daily":false,"chose_seed":false,"campfire_upgraded":2,"win_rate":0,"timestamp":1557357306,"path_taken":["M","M","M","$","?","R","M","?","T","M","M","$","E","M","R","BOSS","M","?","$","?","M","R","E","R","T","$","?","?","M","M","R","BOSS"],"build_version":"2019-01-23","purchased_purges":1,"victory":false,"max_hp_per_floor":[64,64,64,64,64,64,64,64,64,64,64,64,64,64,64,64,64,64,64,64,64,64,64,64,64,64,64,64,64,64,64,64,64],"card_choices":[{"not_picked":["Static Discharge","Sweeping Beam"],"picked":"White Noise","floor":1.0},{"not_picked":["Genetic Algorithm","Rip and Tear"],"picked":"BootSequence","floor":2.0},{"not_picked":["Redo","Beam Cell"],"picked":"Steam","floor":3.0},{"not_picked":["Skim","Defragment"],"picked":"BootSequence","floor":7.0},{"not_picked":["Barrage","Genetic Algorithm"],"picked":"Conserve Battery","floor":8.0},{"not_picked":["Steam","Cold Snap"],"picked":"Chill","floor":10.0},{"not_picked":["Tempest","Stack"],"picked":"Amplify","floor":11.0},{"not_picked":["Scrape","Leap"],"picked":"Gash","floor":13.0},{"not_picked":["Skim","Coolheaded"],"picked":"Heatsinks","floor":14.0},{"not_picked":["Core Surge","Multi-Cast"],"picked":"Rainbow","floor":16.0},{"not_picked":["Beam Cell","Coolheaded"],"picked":"Static Discharge","floor":18.0},{"not_picked":["Coolheaded","Redo"],"picked":"Leap","floor":19.0},{"not_picked":["Hello World","Steam"],"picked":"Coolheaded","floor":22.0},{"not_picked":["Undo","Chaos"],"picked":"Thunder Strike","floor":24},{"not_picked":["Capacitor","Gash"],"picked":"Self Repair","floor":29},{"not_picked":["Steam","Hologram"],"picked":"Ball Lightning+1","floor":30},{"not_picked":["BootSequence","Streamline+1"],"picked":"Go for the Eyes","floor":31}],"player_experience":2899737,"relics_obtained":[{"floor":9.0,"key":"Matryoshka"},{"floor":13.0,"key":"Whetstone"},{"floor":24,"key":"Bottled Lightning"},{"floor":26,"key":"Omamori"},{"floor":26,"key":"War Paint"}],"event_choices":[{"damage_healed":0.0,"max_hp_gain":0.0,"max_hp_loss":0.0,"gold_gain":0.0,"event_name":"Match and Keep!","player_choice":"2 cards matched","floor":5.0,"gold_loss":0.0,"damage_taken":0.0,"cards_obtained":["Scrape","Echo Form"]},{"damage_healed":0.0,"max_hp_gain":0.0,"max_hp_loss":0.0,"gold_gain":0.0,"event_name":"Forgotten Altar","player_choice":"Smashed Altar","floor":21.0,"gold_loss":0.0,"damage_taken":0.0,"cards_obtained":["Decay"]},{"damage_healed":0,"gold_gain":0,"player_choice":"Upgraded","damage_taken":0,"max_hp_gain":0,"max_hp_loss":0,"event_name":"Upgrade Shrine","floor":28,"gold_loss":0,"cards_upgraded":["Amplify"]}],"is_beta":false,"boss_relics":[{"not_picked":["Nuclear Battery","Pandora\u0027s Box"],"picked":"Eternal Feather"}],"items_purged_floors":[20],"is_endless":false,"potions_floor_spawned":[1,3,10,13,14,18,22,30],"killed_by":"Collector","ascension_level":16}