{"gold_per_floor":[109,122,37,54,68,103,103,137,206,206,220,232,252,252,252,325,325,336,46,46,58,58,58,58],"floor_reached":24,"playtime":1478,"items_purged":["Strike_R"],"score":406,"play_id":"7c8c3a1f-7e2d-4f74-af43-d6ad4416eec3","local_time":"20190509184641","is_ascension_mode":true,"campfire_choices":[{"data":"Bash","floor":7,"key":"SMITH"},{"data":"Armaments","floor":10,"key":"SMITH"},{"data":"Hemokinesis","floor":15,"key":"SMITH"},{"data":"Bloodletting","floor":23,"key":"SMITH"}],"neow_cost":"NONE","seed_source_timestamp":1570771856867245,"circlet_count":0,"master_deck":["AscendersBane","Strike_R+1","Strike_R","Strike_R+1","Strike_R","Defend_R","Defend_R","Defend_R","Defend_R","Bash+1","Anger","Pummel","Bloodletting+1","Shrug It Off","True Grit+1","Pommel Strike","Hemokinesis+1","Spot Weakness","Armaments+1","Shrug It Off","Headbutt","Dropkick","Barricade","Havoc","Headbutt","Heavy Blade","Twin Strike+1"],"relics":["Burning Blood","Pantograph","Thread and Needle","Darkstone Periapt","Whetstone"],"potions_floor_usage":[6,8,16,24],"damage_taken":[{"damage":4,"enemies":"Small Slimes","floor":1,"turns":3},{"damage":9,"enemies":"Jaw Worm","floor":2,"turns":4},{"damage":17,"enemies":"2 Louse","floor":4,"turns":4},{"damage":11,"enemies":"Blue Slaver","floor":5,"turns":3},{"damage":11,"enemies":"Gremlin Nob","floor":6,"turns":3},{"damage":36,"enemies":"3 Sentries","floor":8,"turns":8},{"damage":1,"enemies":"Large Slime","floor":11,"turns":6},{"damage":0,"enemies":"Lots of Slimes","floor":12,"turns":6},{"damage":7,"enemies":"3 Louse","floor":13,"turns":4},{"damage":37,"enemies":"The Guardian","floor":16,"turns":10},{"damage":11,"enemies":"Spheric Guardian","floor":18,"turns":8},{"damage":44,"enemies":"Shell Parasite","floor":21,"turns":5},{"damage":28,"enemies":"Slavers","floor":24,"turns":2}],"seed_played":"6196722504903646799","potions_obtained":[{"floor":1,"key":"FearPotion"},{"floor":4,"key":"SteroidPotion"},{"floor":5,"key":"Regen Potion"},{"floor":13,"key":"Strength Potion"},{"floor":21,"key":"FearPotion"}],"is_trial":false,"path_per_floor":["M","M","$","M","M","E","R","E","T","R","M","M","M","?","R","B",null,"M","$","?","M","?","R","E"],"character_chosen":"IRONCLAD","items_purchased":["Shrug It Off","True Grit","Headbutt","Whetstone"],"campfire_rested":0,"item_purchase_floors":[3,3,19,19],"current_hp_per_floor":[70,67,67,56,51,46,46,31,31,31,36,42,41,41,41,35,65,60,60,60,22,22,22,0],"gold":58,"neow_bonus":"THREE_CARDS","is_prod":false,"is_daily":false,"chose_seed":false,"campfire_upgraded":4,"win_rate":0,"timestamp":1557420401,"path_taken":["M","M","$","M","M","E","R","E","T","R","M","M","M","?","R","BOSS","M","$","?","M","?","R","E"],"build_version":"2019-05-07","purchased_purges":1,"victory":false,"max_hp_per_floor":[75,75,75,75,75,75,75,75,75,75,75,75,75,75,75,75,75,75,75,75,75,75,75,75],"card_choices":[{"not_picked":["Flex","Twin Strike"],"picked":"Anger","floor":0},{"not_picked":["Blood for Blood","Twin Strike"],"picked":"Pummel","floor":1},{"not_picked":["Evolve","Feel No Pain"],"picked":"Bloodletting","floor":2},{"not_picked":["Headbutt","Combust"],"picked":"Pommel Strike","floor":4},{"not_picked":["Corruption","Reckless Charge"],"picked":"Hemokinesis","floor":5},{"not_picked":["Shockwave","Bludgeon"],"picked":"Spot Weakness","floor":6},{"not_picked":["Carnage","Anger"],"picked":"Armaments","floor":8},{"not_picked":["Ghostly Armor","Infernal Blade"],"picked":"Shrug It Off","floor":11},{"not_picked":["Warcry","Heavy Blade"],"picked":"Headbutt","floor":12},{"not_picked":["Twin Strike","Body Slam"],"picked":"Dropkick","floor":13},{"not_picked":["Juggernaut","Exhume"],"picked":"Barricade","floor":16},{"not_picked":["Hemokinesis","Wild Strike"],"picked":"Havoc","floor":18},{"not_picked":["Warcry+1","Heavy Blade"],"picked":"Twin Strike+1","floor":21}],"player_experience":1674548,"relics_obtained":[{"floor":6,"key":"Pantograph"},{"floor":8,"key":"Thread and Needle"},{"floor":9,"key":"Darkstone Periapt"}],"event_choices":[{"damage_healed":0,"gold_gain":0,"player_choice":"Grow","damage_taken":0,"max_hp_gain":0,"max_hp_loss":0,"event_name":"Living Wall","floor":14,"gold_loss":0,"cards_upgraded":["True Grit"]},{"damage_healed":0,"gold_gain":0,"player_choice":"Read","damage_taken":0,"max_hp_gain":0,"max_hp_loss":0,"event_name":"The Library","floor":20,"gold_loss":0,"cards_obtained":["Heavy Blade"]},{"damage_healed":0,"gold_gain":0,"player_choice":"Ignored","damage_taken":0,"max_hp_gain":0,"max_hp_loss":0,"event_name":"Ghosts","floor":22,"gold_loss":0}],"is_beta":true,"boss_relics":[{"not_picked":["Busted Crown","Mark of Pain","Snecko Eye"]}],"items_purged_floors":[19],"is_endless":false,"potions_floor_spawned":[1,4,5,13,21],"killed_by":"Slavers","ascension_level":19}