{"gold_per_floor":[112,112,112,11,26,26,26,26,26,26,36,51,51,51,51,149,149,160,172,4,17,36,36,36,36,36,36,54,68,68,98,98,203,203,213,226,226,226,226,226,126,126],"floor_reached":42,"playtime":2775,"items_purged":["Regret","Defend_B"],"score":575,"play_id":"26595566-fde5-48db-b72a-211650073237","local_time":"20181029214547","is_ascension_mode":true,"campfire_choices":[{"data":"Zap","floor":6,"key":"SMITH"},{"data":"Genetic Algorithm","floor":8,"key":"SMITH"},{"data":"Dualcast","floor":10,"key":"SMITH"},{"data":"Hologram","floor":15,"key":"SMITH"},{"data":"Panache","floor":23,"key":"SMITH"},{"data":"White Noise","floor":25,"key":"SMITH"},{"data":"Hologram","floor":32,"key":"SMITH"},{"data":"Madness","floor":40,"key":"SMITH"}],"neow_cost":"NONE","seed_source_timestamp":621851142040600,"circlet_count":0,"master_deck":["Defend_B","Defend_B","Defend_B","Zap+1","Dualcast+1","Amplify","Conserve Battery","Hologram+1","Genetic Algorithm+1","Conserve Battery","Hello World","Machine Learning","Coolheaded","White Noise+1","Panache+1","Conserve Battery+1","Conserve Battery","Bite","Bite","Bite","Bite","Bite","Biased Cognition","Hologram+1","Multi-Cast","Electrodynamics","Compile Driver+1","Gash","Madness","Madness+1"],"relics":["Cracked Core","Orichalcum","Cables","Symbiotic Virus","Eternal Feather","DataDisk","Torii","Nuclear Battery","Question Card"],"potions_floor_usage":[16,33,42,42],"damage_taken":[{"damage":9,"enemies":"2 Louse","floor":1,"turns":2},{"damage":2,"enemies":"Jaw Worm","floor":5,"turns":4},{"damage":0,"enemies":"Cultist","floor":11,"turns":2},{"damage":21,"enemies":"3 Louse","floor":12,"turns":3},{"damage":8,"enemies":"Hexaghost","floor":16,"turns":8},{"damage":0,"enemies":"Chosen","floor":18,"turns":4},{"damage":15,"enemies":"Spheric Guardian","floor":19,"turns":5},{"damage":26,"enemies":"Shelled Parasite and Fungi","floor":21,"turns":5},{"damage":0,"enemies":"Chosen and Byrds","floor":22,"turns":8},{"damage":0,"enemies":"Sentry and Sphere","floor":28,"turns":4},{"damage":5,"enemies":"Centurion and Healer","floor":29,"turns":5},{"damage":15,"enemies":"Book of Stabbing","floor":31,"turns":4},{"damage":38,"enemies":"Champ","floor":33,"turns":7},{"damage":2,"enemies":"3 Shapes","floor":35,"turns":5},{"damage":1,"enemies":"Orb Walker","floor":36,"turns":4},{"damage":53,"enemies":"2 Orb Walkers","floor":42,"turns":3}],"seed_played":"4498855335103073998","potions_obtained":[{"floor":7,"key":"PowerPotion"},{"floor":7,"key":"Energy Potion"},{"floor":7,"key":"Energy Potion"},{"floor":16,"key":"Explosive Potion"},{"floor":22,"key":"LiquidBronze"},{"floor":33,"key":"Poison Potion"}],"is_trial":false,"path_per_floor":["M","?","?","$","M","R","?","R","T","R","M","M","$","?","R","B",null,"M","M","$","M","M","R","?","R","T","?","M","M","?","E","R","B",null,"M","M","?","T","?","R","$"],"character_chosen":"DEFECT","items_purchased":["Hologram","Panache"],"campfire_rested":0,"item_purchase_floors":[4,20],"current_hp_per_floor":[59,59,52,52,50,50,50,50,50,50,50,29,29,29,29,21,62,62,47,47,21,21,33,33,45,45,45,52,52,52,41,52,25,45,51,52,45,45,45,52,52,0],"gold":126,"neow_bonus":"ONE_RANDOM_RARE_CARD","is_prod":false,"is_daily":false,"chose_seed":false,"campfire_upgraded":8,"win_rate":0,"timestamp":1540863947,"path_taken":["M","?","?","$","?","R","?","R","T","R","M","M","$","?","R","BOSS","M","M","$","M","M","R","?","R","T","?","M","M","?","E","R","BOSS","M","M","?","?","?","R","$","?"],"build_version":"2018-10-25v2","purchased_purges":2,"victory":false,"max_hp_per_floor":[75,75,75,75,75,75,75,75,75,75,75,75,75,75,75,75,75,75,75,75,75,75,75,75,75,75,52,52,52,52,52,52,52,52,52,52,52,52,52,52,52,52],"card_choices":[{"not_picked":["Beam Cell","Turbo"],"picked":"Conserve Battery","floor":1},{"not_picked":["Sweeping Beam","Gash"],"picked":"Genetic Algorithm","floor":5},{"not_picked":["Cold Snap","Ball Lightning"],"picked":"Conserve Battery","floor":11},{"not_picked":["Streamline","Rainbow"],"picked":"Hello World","floor":12},{"not_picked":["Seek","Buffer"],"picked":"Machine Learning","floor":16},{"not_picked":["Compile Driver","Stack"],"picked":"Coolheaded","floor":18},{"not_picked":["Lockon","Barrage"],"picked":"White Noise","floor":19},{"not_picked":["Beam Cell+1","Sweeping Beam"],"picked":"Conserve Battery+1","floor":21},{"not_picked":["Streamline","Gash+1"],"picked":"Conserve Battery","floor":22},{"not_picked":["Sweeping Beam","White Noise"],"picked":"Biased Cognition","floor":28},{"not_picked":["Glacier","Steam"],"picked":"Hologram","floor":29},{"not_picked":["Streamline","Steam"],"picked":"Multi-Cast","floor":31},{"not_picked":["Biased Cognition","Buffer"],"picked":"Electrodynamics","floor":33},{"not_picked":["Steam","Undo"],"picked":"Compile Driver+1","floor":35},{"not_picked":["Stack+1","Leap"],"picked":"Gash","floor":36}],"player_experience":1510901,"relics_obtained":[{"floor":9,"key":"Symbiotic Virus"},{"floor":26,"key":"DataDisk"},{"floor":31,"key":"Torii"},{"floor":38,"key":"Question Card"}],"event_choices":[{"damage_healed":0,"gold_gain":0,"player_choice":"Box","damage_taken":0,"relics_obtained":["Orichalcum"],"max_hp_gain":0,"max_hp_loss":0,"event_name":"Big Fish","floor":2,"gold_loss":0,"cards_obtained":["Regret"]},{"damage_healed":0,"gold_gain":0,"player_choice":"Success","damage_taken":7,"relics_obtained":["Cables"],"max_hp_gain":0,"max_hp_loss":0,"event_name":"Scrap Ooze","floor":3,"gold_loss":0},{"damage_healed":0,"gold_gain":0,"player_choice":"Got Potions","damage_taken":0,"max_hp_gain":0,"max_hp_loss":0,"event_name":"The Lab","floor":7,"gold_loss":0},{"damage_healed":0,"gold_gain":0,"player_choice":"Leave","damage_taken":0,"max_hp_gain":0,"max_hp_loss":0,"event_name":"FaceTrader","floor":14,"gold_loss":0},{"damage_healed":0,"gold_gain":0,"player_choice":"Smashed Altar","damage_taken":0,"max_hp_gain":0,"max_hp_loss":0,"event_name":"Forgotten Altar","floor":24,"gold_loss":0,"cards_obtained":["Decay"]},{"damage_healed":0,"gold_gain":0,"player_choice":"Became a vampire","damage_taken":0,"max_hp_gain":0,"max_hp_loss":23,"event_name":"Vampires","floor":27,"gold_loss":0,"cards_obtained":["Bite","Bite","Bite","Bite","Bite"]},{"cards_removed":["Decay"],"damage_healed":0,"gold_gain":0,"player_choice":"Removed Curses","damage_taken":0,"max_hp_gain":0,"max_hp_loss":0,"event_name":"Fountain of Cleansing","floor":30,"gold_loss":0},{"damage_healed":0,"gold_gain":0,"player_choice":"Embrace Madness","damage_taken":7,"max_hp_gain":0,"max_hp_loss":0,"event_name":"Winding Halls","floor":37,"gold_loss":0,"cards_obtained":["Madness","Madness"]},{"damage_healed":0,"gold_gain":0,"player_choice":"Ignored","damage_taken":0,"max_hp_gain":0,"max_hp_loss":0,"event_name":"Tomb of Lord Red Mask","floor":39,"gold_loss":0},{"damage_healed":0,"gold_gain":0,"player_choice":"Fight","damage_taken":0,"max_hp_gain":0,"max_hp_loss":0,"event_name":"Mysterious Sphere","floor":42,"gold_loss":0}],"is_beta":false,"boss_relics":[{"not_picked":["Orrery","Fusion Hammer"],"picked":"Eternal Feather"},{"not_picked":["Calling Bell","Empty Cage"],"picked":"Nuclear Battery"}],"items_purged_floors":[4,41],"is_endless":false,"potions_floor_spawned":[12,16,22,29,31,33,35],"killed_by":"2 Orb Walkers","ascension_level":6}