{"gold_per_floor":[119,135,135,154,154,154,170,170,170,180,195,195,23,23,23,95,95,113,124,28,40,40,40,40,40,40,40,50,50,62,73,73,73],"floor_reached":33,"playtime":1209,"items_purged":["Defend_R"],"score":477,"play_id":"50ff3ea6-acf3-4a3d-9969-e9b65c5c45be","local_time":"20190427212742","is_ascension_mode":true,"campfire_choices":[{"data":"Searing Blow","floor":6,"key":"SMITH"},{"data":"Searing Blow+1","floor":8,"key":"SMITH"},{"data":"Searing Blow+2","floor":12,"key":"SMITH"},{"data":"Searing Blow+3","floor":15,"key":"SMITH"},{"data":"Searing Blow+4","floor":23,"key":"SMITH"},{"data":"Searing Blow+6","floor":27,"key":"SMITH"},{"data":"Searing Blow+7","floor":29,"key":"SMITH"},{"data":"Searing Blow+8","floor":32,"key":"SMITH"}],"neow_cost":"NONE","seed_source_timestamp":543901267058473,"circlet_count":0,"master_deck":["AscendersBane","Strike_R","Strike_R","Strike_R","Strike_R","Defend_R","Defend_R","Defend_R","Bash","Searing Blow+9","Thunderclap","Headbutt","Pommel Strike","Finesse","Brutality","Shrug It Off","Flash of Steel","Headbutt"],"relics":["Burning Blood","Ancient Tea Set","Champion Belt","Sundial","Black Star","Red Skull"],"potions_floor_usage":[16,16,33,33],"damage_taken":[{"damage":1,"enemies":"Cultist","floor":1,"turns":3},{"damage":0,"enemies":"Small Slimes","floor":2,"turns":3},{"damage":12,"enemies":"Jaw Worm","floor":4,"turns":3},{"damage":13,"enemies":"Red Slaver","floor":7,"turns":4},{"damage":0,"enemies":"Exordium Thugs","floor":10,"turns":3},{"damage":12,"enemies":"2 Fungi Beasts","floor":11,"turns":3},{"damage":0,"enemies":"Slime Boss","floor":16,"turns":4},{"damage":13,"enemies":"Spheric Guardian","floor":18,"turns":3},{"damage":12,"enemies":"Chosen","floor":19,"turns":3},{"damage":44,"enemies":"Centurion and Healer","floor":21,"turns":5},{"damage":1,"enemies":"Cultist and Chosen","floor":28,"turns":3},{"damage":2,"enemies":"3 Cultists","floor":30,"turns":3},{"damage":13,"enemies":"Sentry and Sphere","floor":31,"turns":3},{"damage":42,"enemies":"Collector","floor":33,"turns":5}],"seed_played":"1560612093241700948","potions_obtained":[{"floor":1,"key":"PowerPotion"},{"floor":7,"key":"PowerPotion"},{"floor":16,"key":"EssenceOfSteel"},{"floor":18,"key":"BloodPotion"}],"is_trial":false,"path_per_floor":["M","M","T","M","?","R","M","R","T","M","M","R","$","?","R","B",null,"M","M","$","M","?","R","$","?","T","R","M","R","M","M","R","B"],"character_chosen":"IRONCLAD","items_purchased":["Finesse","Flash of Steel"],"campfire_rested":0,"item_purchase_floors":[13,20],"current_hp_per_floor":[77,80,80,74,67,67,60,60,60,66,60,60,60,60,60,66,77,70,64,64,26,26,26,26,26,26,26,31,31,35,28,28,0],"gold":73,"neow_bonus":"RANDOM_COMMON_RELIC","is_prod":false,"is_daily":false,"chose_seed":false,"campfire_upgraded":8,"win_rate":0,"timestamp":1556393262,"path_taken":["M","M","?","M","?","R","M","R","T","M","M","R","$","?","R","BOSS","M","M","$","M","?","R","?","?","T","R","?","R","M","M","R","BOSS"],"build_version":"2019-04-23","purchased_purges":1,"victory":false,"max_hp_per_floor":[80,80,80,80,80,80,80,80,80,80,80,80,80,80,80,80,80,80,80,80,80,80,80,80,80,80,80,80,80,80,80,80,80],"card_choices":[{"not_picked":["Wild Strike","Headbutt"],"picked":"Searing Blow","floor":1},{"not_picked":["Searing Blow","Rupture"],"picked":"Thunderclap","floor":2},{"not_picked":["Clothesline","Warcry","Wild Strike"],"picked":"SKIP","floor":4},{"not_picked":["Exhume","Shrug It Off"],"picked":"Headbutt","floor":7},{"not_picked":["Corruption","Havoc"],"picked":"Pommel Strike","floor":10},{"not_picked":["Metallicize","Heavy Blade","Perfected Strike"],"picked":"SKIP","floor":11},{"not_picked":["Dark Embrace","Immolate"],"picked":"Brutality","floor":16},{"not_picked":["Havoc","Heavy Blade","Shockwave"],"picked":"SKIP","floor":18},{"not_picked":["Power Through","Burning Pact"],"picked":"Shrug It Off","floor":19},{"not_picked":["Iron Wave","Twin Strike+1","Perfected Strike"],"picked":"SKIP","floor":21},{"not_picked":["Anger","Thunderclap"],"picked":"Headbutt","floor":28},{"not_picked":["Perfected Strike","Second Wind","Armaments+1"],"picked":"SKIP","floor":30},{"not_picked":["Infernal Blade","Bludgeon","Twin Strike+1"],"picked":"SKIP","floor":31}],"player_experience":1265964,"relics_obtained":[{"floor":3,"key":"Champion Belt"},{"floor":9,"key":"Sundial"},{"floor":26,"key":"Red Skull"}],"event_choices":[{"cards_removed":["Strike_R"],"damage_healed":0,"gold_gain":0,"player_choice":"Card Removal","damage_taken":7,"max_hp_gain":0,"max_hp_loss":0,"event_name":"Golden Wing","floor":5,"gold_loss":0},{"damage_healed":0,"gold_gain":0,"player_choice":"Got Potions","damage_taken":0,"max_hp_gain":0,"max_hp_loss":0,"event_name":"Lab","floor":14,"gold_loss":0},{"damage_healed":0,"gold_gain":0,"player_choice":"Ignored","damage_taken":0,"max_hp_gain":0,"max_hp_loss":0,"event_name":"Ghosts","floor":22,"gold_loss":0},{"damage_healed":0,"gold_gain":0,"player_choice":"Upgraded","damage_taken":0,"max_hp_gain":0,"max_hp_loss":0,"event_name":"Upgrade Shrine","floor":25,"gold_loss":0,"cards_upgraded":["Searing Blow"]}],"is_beta":true,"boss_relics":[{"not_picked":["Tiny House","Snecko Eye"],"picked":"Black Star"}],"items_purged_floors":[13],"is_endless":false,"potions_floor_spawned":[1,7,11,16,18,30],"killed_by":"Collector","ascension_level":13}