{"gold_per_floor":[109,109,119,132,57,57,57,70,95,155,155,186,204,220,220,291,291,291,24,24,24,24,24,24,24,24,24,24,24,24],"floor_reached":30,"playtime":853,"items_purged":["Strike_R"],"score":562,"play_id":"b4795247-3fff-470b-9c87-5ec7148f9fd4","local_time":"20190506194911","is_ascension_mode":true,"campfire_choices":[{"data":"Bash","floor":6,"key":"SMITH"},{"floor":11,"key":"REST"},{"floor":15,"key":"REST"},{"data":"Limit Break","floor":24,"key":"SMITH"},{"floor":27,"key":"REST"}],"neow_cost":"NONE","seed_source_timestamp":1315947500306784,"circlet_count":0,"master_deck":["AscendersBane","Strike_R","Strike_R","Strike_R","Defend_R","Defend_R","Defend_R","Defend_R","Bash+1","Hemokinesis","Sword Boomerang","Pommel Strike","Headbutt","Thunderclap","Bloodletting","Battle Trance","Clothesline","Twin Strike","Feed","Metallicize","Sword Boomerang","Limit Break+1","Flex"],"relics":["Burning Blood","Omamori","Vajra","Gremlin Horn","Ectoplasm","Blood Vial","Tiny Chest","Juzu Bracelet","Bottled Lightning","Bag of Marbles","Frozen Egg 2"],"potions_floor_usage":[10,29,30],"damage_taken":[{"damage":3,"enemies":"2 Louse","floor":1,"turns":3},{"damage":4,"enemies":"Cultist","floor":3,"turns":3},{"damage":7,"enemies":"Small Slimes","floor":4,"turns":3},{"damage":11,"enemies":"3 Louse","floor":8,"turns":4},{"damage":46,"enemies":"Lagavulin Event","floor":10,"turns":5},{"damage":38,"enemies":"3 Sentries","floor":12,"turns":9},{"damage":7,"enemies":"2 Fungi Beasts","floor":13,"turns":2},{"damage":14,"enemies":"Looter","floor":14,"turns":2},{"damage":9,"enemies":"Slime Boss","floor":16,"turns":6},{"damage":20,"enemies":"3 Byrds","floor":18,"turns":4},{"damage":42,"enemies":"Book of Stabbing","floor":23,"turns":4},{"damage":6,"enemies":"Spheric Guardian","floor":29,"turns":3},{"damage":55,"enemies":"Slavers","floor":30,"turns":3}],"seed_played":"1469267849593059239","potions_obtained":[{"floor":1,"key":"FearPotion"},{"floor":3,"key":"Ancient Potion"},{"floor":18,"key":"Swift Potion"}],"is_trial":false,"path_per_floor":["M","$","M","M","$","R","?","M","T","?","R","E","M","M","R","B",null,"M","$","?","?","$","E","R","?","T","R","T","M","E"],"character_chosen":"IRONCLAD","items_purchased":["Blood Vial","Metallicize","Sword Boomerang"],"campfire_rested":3,"item_purchase_floors":[19,19,19],"current_hp_per_floor":[71,71,73,72,72,72,72,67,67,27,49,17,16,8,30,27,63,52,52,52,52,52,18,18,18,18,41,41,46,0],"gold":24,"neow_bonus":"TRANSFORM_CARD","is_prod":false,"is_daily":false,"chose_seed":false,"campfire_upgraded":2,"win_rate":0,"timestamp":1557164951,"path_taken":["M","$","M","M","$","R","?","?","T","?","R","E","M","M","R","BOSS","M","$","?","?","$","E","R","?","T","R","?","M","E"],"build_version":"2019-04-23","purchased_purges":1,"victory":false,"max_hp_per_floor":[75,75,75,75,75,75,75,75,75,75,75,75,75,75,75,75,75,78,78,78,78,78,78,78,78,78,78,78,81,81],"card_choices":[{"not_picked":["Evolve","Thunderclap"],"picked":"Sword Boomerang","floor":1},{"not_picked":["Hemokinesis","Anger"],"picked":"Pommel Strike","floor":3},{"not_picked":["Body Slam","Twin Strike"],"picked":"Headbutt","floor":4},{"not_picked":["Havoc","Second Wind"],"picked":"Thunderclap","floor":8},{"not_picked":["Burning Pact","Flex"],"picked":"Bloodletting","floor":10},{"not_picked":["Searing Blow","Warcry"],"picked":"Battle Trance","floor":12},{"not_picked":["Headbutt","Blood for Blood"],"picked":"Clothesline","floor":13},{"not_picked":["Rage","True Grit"],"picked":"Twin Strike","floor":14},{"not_picked":["Bludgeon","Demon Form"],"picked":"Feed","floor":16},{"not_picked":["Flex","Second Wind","Havoc"],"picked":"SKIP","floor":18},{"not_picked":["Warcry","Headbutt"],"picked":"Limit Break","floor":23},{"not_picked":["Anger","Pommel Strike"],"picked":"Flex","floor":29}],"player_experience":1545496,"relics_obtained":[{"floor":9,"key":"Omamori"},{"floor":10,"key":"Vajra"},{"floor":12,"key":"Gremlin Horn"},{"floor":23,"key":"Bottled Lightning"},{"floor":26,"key":"Bag of Marbles"},{"floor":28,"key":"Frozen Egg 2"}],"event_choices":[{"damage_healed":0,"gold_gain":0,"player_choice":"0 cards matched","damage_taken":0,"max_hp_gain":0,"max_hp_loss":0,"event_name":"Match and Keep!","floor":7,"gold_loss":0,"cards_obtained":[]},{"damage_healed":0,"gold_gain":30,"player_choice":"Searched \u00272\u0027 times","damage_taken":0,"max_hp_gain":0,"max_hp_loss":0,"event_name":"Dead Adventurer","floor":10,"gold_loss":0},{"damage_healed":0,"gold_gain":0,"player_choice":"Stole Relic","damage_taken":0,"relics_obtained":["Tiny Chest"],"max_hp_gain":0,"max_hp_loss":0,"event_name":"Addict","floor":20,"gold_loss":0,"cards_obtained":["Shame"]},{"damage_healed":0,"gold_gain":0,"player_choice":"Opened","damage_taken":0,"relics_obtained":["Juzu Bracelet"],"max_hp_gain":0,"max_hp_loss":0,"event_name":"The Mausoleum","floor":21,"gold_loss":0,"cards_obtained":["Writhe"]},{"damage_healed":0,"gold_gain":0,"player_choice":"Ignored","damage_taken":0,"max_hp_gain":0,"max_hp_loss":0,"event_name":"Ghosts","floor":25,"gold_loss":0}],"is_beta":true,"boss_relics":[{"not_picked":["White Beast Statue","Busted Crown"],"picked":"Ectoplasm"}],"items_purged_floors":[5],"is_endless":false,"potions_floor_spawned":[1,3,4,18],"killed_by":"Slavers","ascension_level":18}