{"gold_per_floor":[361,239,189,63,76,101,101,101,101,1,14,32,32,32,32,131,131,145,163,163,179,179,205,205,215,242,242,271,371,371],"floor_reached":30,"playtime":1446,"items_purged":["Strike_B","Strike_B"],"score":291,"play_id":"58b2f888-8d30-446c-b8b5-2fc9371c87d5","local_time":"20190402115150","is_ascension_mode":false,"campfire_choices":[{"floor":7,"key":"REST"},{"data":"Creative AI","floor":13,"key":"SMITH"},{"data":"Hologram","floor":15,"key":"SMITH"},{"data":"Redo","floor":24,"key":"SMITH"},{"data":"Dualcast","floor":27,"key":"SMITH"}],"neow_cost":"PERCENT_DAMAGE","seed_source_timestamp":775251038006462,"circlet_count":0,"master_deck":["Strike_B","Defend_B","Defend_B","Defend_B","Defend_B","Zap+1","Dualcast+1","Cold Snap","Capacitor","Redo+1","Sweeping Beam","Glacier","Doom and Gloom+1","Creative AI+1","Hologram+1","Echo Form","Ball Lightning+1","Coolheaded+1","Ghostly+1","Ghostly+1","Ghostly+1","Ghostly+1","Ghostly+1","Seek+1","Streamline+1","Genetic Algorithm+1"],"relics":["Cracked Core","Molten Egg 2","Blood Vial","Velvet Choker","Toxic Egg 2","Du-Vu Doll","Smiling Mask","Oddly Smooth Stone"],"potions_floor_usage":[23,23,28],"damage_taken":[{"damage":0,"enemies":"2 Louse","floor":1,"turns":1},{"damage":6,"enemies":"Jaw Worm","floor":5,"turns":3},{"damage":23,"enemies":"3 Sentries","floor":6,"turns":7},{"damage":0,"enemies":"Cultist","floor":11,"turns":3},{"damage":6,"enemies":"Red Slaver","floor":12,"turns":3},{"damage":38,"enemies":"The Guardian","floor":16,"turns":12},{"damage":15,"enemies":"2 Thieves","floor":18,"turns":4},{"damage":1,"enemies":"Shell Parasite","floor":19,"turns":6},{"damage":32,"enemies":"Shelled Parasite and Fungi","floor":21,"turns":5},{"damage":16,"enemies":"Book of Stabbing","floor":23,"turns":6},{"damage":2,"enemies":"3 Cultists","floor":25,"turns":3},{"damage":15,"enemies":"Slavers","floor":28,"turns":5},{"damage":6,"enemies":"Snake Plant","floor":30,"turns":3}],"seed_played":"-6579645750195205820","potions_obtained":[{"floor":5,"key":"Explosive Potion"},{"floor":11,"key":"LiquidBronze"},{"floor":12,"key":"SkillPotion"},{"floor":14,"key":"PowerPotion"},{"floor":19,"key":"Energy Potion"},{"floor":25,"key":"Energy Potion"},{"floor":28,"key":"FocusPotion"}],"is_trial":false,"path_per_floor":["M","$","?","$","M","E","R","?","T","$","M","M","R","?","R","B",null,"M","M","T","M","?","E","R","M","T","R","E","?","M"],"character_chosen":"DEFECT","items_purchased":["Capacitor","Redo","Sweeping Beam"],"campfire_rested":1,"item_purchase_floors":[2,2,4],"current_hp_per_floor":[54,54,54,54,48,25,47,47,47,47,49,45,45,45,45,9,75,60,61,61,31,31,17,17,17,17,17,4,4,0],"gold":371,"neow_bonus":"TWO_FIFTY_GOLD","is_prod":false,"is_daily":false,"chose_seed":false,"campfire_upgraded":4,"win_rate":0.0,"timestamp":1554198710,"path_taken":["M","$","?","$","M","E","R","?","T","$","M","M","R","?","R","BOSS","M","?","?","M","?","E","R","M","T","R","E","?","?"],"build_version":"2019-03-15","purchased_purges":2,"victory":false,"max_hp_per_floor":[75,75,75,75,75,75,75,75,75,75,75,75,75,75,75,75,75,75,75,75,75,37,37,37,37,37,37,37,37,37],"card_choices":[{"not_picked":["Rebound","FTL"],"picked":"Cold Snap","floor":1},{"not_picked":["Leap","Conserve Battery"],"picked":"Glacier","floor":5},{"not_picked":["Skim","Leap"],"picked":"Doom and Gloom","floor":6},{"not_picked":["Glacier","Heatsinks"],"picked":"Creative AI","floor":11},{"not_picked":["Undo","Fusion"],"picked":"Hologram","floor":12},{"not_picked":["Electrodynamics","Machine Learning"],"picked":"Echo Form","floor":16},{"not_picked":["Hello World+1","Conserve Battery"],"picked":"Ball Lightning+1","floor":18},{"not_picked":["Fusion","Doom and Gloom+1","Cold Snap+1"],"picked":"SKIP","floor":19},{"not_picked":["Consume+1","Rebound+1"],"picked":"Coolheaded+1","floor":21},{"not_picked":["Conserve Battery+1","Heatsinks"],"picked":"Seek+1","floor":23},{"not_picked":["Capacitor","Leap+1"],"picked":"Streamline+1","floor":25},{"not_picked":["Conserve Battery+1","Auto Shields+1"],"picked":"Genetic Algorithm+1","floor":28}],"player_experience":1111425,"relics_obtained":[{"floor":6,"key":"Molten Egg 2"},{"floor":9,"key":"Blood Vial"},{"floor":20,"key":"Toxic Egg 2"},{"floor":23,"key":"Du-Vu Doll"},{"floor":26,"key":"Smiling Mask"},{"floor":28,"key":"Oddly Smooth Stone"}],"event_choices":[{"cards_removed":["Strike_B"],"damage_healed":0,"gold_gain":0,"player_choice":"Card Removal","damage_taken":0,"max_hp_gain":0,"max_hp_loss":0,"event_name":"The Cleric","floor":3,"gold_loss":50},{"damage_healed":0,"gold_gain":0,"player_choice":"Grow","damage_taken":0,"max_hp_gain":0,"max_hp_loss":0,"event_name":"Living Wall","floor":8,"gold_loss":0,"cards_upgraded":["Zap"]},{"damage_healed":0,"gold_gain":0,"player_choice":"Got Potions","damage_taken":0,"max_hp_gain":0,"max_hp_loss":0,"event_name":"Lab","floor":14,"gold_loss":0},{"damage_healed":0,"gold_gain":0,"player_choice":"Became a Ghost","damage_taken":0,"max_hp_gain":0,"max_hp_loss":38,"event_name":"Ghosts","floor":22,"gold_loss":0,"cards_obtained":["Ghostly","Ghostly","Ghostly","Ghostly","Ghostly"]},{"damage_healed":0,"gold_gain":100,"player_choice":"Pray","damage_taken":0,"max_hp_gain":0,"max_hp_loss":0,"event_name":"Golden Shrine","floor":29,"gold_loss":0}],"is_beta":true,"boss_relics":[{"not_picked":["Cursed Key","Black Star"],"picked":"Velvet Choker"}],"items_purged_floors":[4,10],"is_endless":false,"potions_floor_spawned":[5,11,12,19,25,28],"killed_by":"Snake Plant","ascension_level":0}