{"gold_per_floor":[118,135,310,39,51,85,85,46,69,94,109,128,157,157,157,252,252,272,282,146,159,159,159,176,176],"floor_reached":25,"playtime":1208,"items_purged":["Doubt","Pain"],"score":256,"play_id":"1344fb3c-d1da-44b4-8110-4fdf384e13c0","local_time":"20181023215704","is_ascension_mode":true,"campfire_choices":[{"floor":7,"key":"REST"},{"floor":15,"key":"REST"},{"data":"Echo Form","floor":23,"key":"SMITH"}],"neow_cost":"PERCENT_DAMAGE","seed_source_timestamp":105697033163200,"circlet_count":0,"master_deck":["Strike_B","Strike_B","Strike_B","Defend_B","Defend_B","Defend_B","Defend_B","Zap","Dualcast","Consume","FTL","Ball Lightning","Coolheaded","Static Discharge","Auto Shields","Redo","Steam Power","BootSequence","Echo Form+1","Injury","Writhe","Stack+1","Leap","Defragment"],"relics":["Cracked Core","Thread and Needle","Medical Kit","Bronze Scales","Happy Flower","Odd Mushroom","Du-Vu Doll","Calling Bell","Omamori","Letter Opener","FossilizedHelix","Strawberry"],"potions_floor_usage":[13,16,21,24,25],"damage_taken":[{"damage":2,"enemies":"2 Louse","floor":1,"turns":3},{"damage":4,"enemies":"Cultist","floor":2,"turns":4},{"damage":0,"enemies":"Small Slimes","floor":5,"turns":3},{"damage":23,"enemies":"Lagavulin","floor":6,"turns":5},{"damage":9,"enemies":"The Mushroom Lair","floor":10,"turns":4},{"damage":0,"enemies":"Blue Slaver","floor":11,"turns":3},{"damage":0,"enemies":"Red Slaver","floor":12,"turns":3},{"damage":11,"enemies":"3 Sentries","floor":13,"turns":3},{"damage":3,"enemies":"The Guardian","floor":16,"turns":9},{"damage":5,"enemies":"Shell Parasite","floor":18,"turns":4},{"damage":0,"enemies":"Chosen","floor":19,"turns":4},{"damage":9,"enemies":"Centurion and Healer","floor":21,"turns":7},{"damage":0,"enemies":"Snecko","floor":24,"turns":4},{"damage":0,"enemies":"Colosseum Slavers","floor":25,"turns":3},{"damage":85,"enemies":"Colosseum Nobs","floor":25,"turns":4}],"seed_played":"-714484040092669202","potions_obtained":[{"floor":2,"key":"Explosive Potion"},{"floor":12,"key":"Fire Potion"},{"floor":13,"key":"Fire Potion"},{"floor":16,"key":"Weak Potion"},{"floor":18,"key":"Regen Potion"},{"floor":24,"key":"SteroidPotion"}],"is_trial":false,"path_per_floor":["M","M","?","$","M","E","R","$","T","?","M","M","E","?","R","B",null,"M","M","$","M","?","R","M"],"character_chosen":"DEFECT","items_purchased":["Medical Kit","Static Discharge","Defragment"],"campfire_rested":2,"item_purchase_floors":[4,8,20],"current_hp_per_floor":[52,48,48,48,48,25,47,47,47,38,38,38,27,20,42,39,75,70,70,70,61,68,68,68,0],"gold":176,"neow_bonus":"ONE_RARE_RELIC","is_prod":false,"is_daily":false,"chose_seed":false,"campfire_upgraded":1,"win_rate":0,"timestamp":1540346224,"path_taken":["M","M","?","$","?","E","R","$","T","?","M","M","E","?","R","BOSS","M","M","$","M","?","R","M","?"],"build_version":"2018-10-18","purchased_purges":2,"victory":false,"max_hp_per_floor":[75,75,75,75,75,75,75,75,75,75,75,75,75,75,75,75,75,75,75,75,75,82,82,82,82],"card_choices":[{"not_picked":["Turbo","Steam"],"picked":"Consume","floor":1},{"not_picked":["Compile Driver","Double Energy"],"picked":"FTL","floor":2},{"not_picked":["Beam Cell","Streamline"],"picked":"Ball Lightning","floor":5},{"not_picked":["Barrage","Multi-Cast"],"picked":"Coolheaded","floor":6},{"not_picked":["Sweeping Beam","Streamline"],"picked":"Auto Shields","floor":10},{"not_picked":["Rip and Tear","Streamline"],"picked":"Redo","floor":11},{"not_picked":["Force Field","Hyperbeam"],"picked":"Steam Power","floor":12},{"not_picked":["Barrage","Tempest"],"picked":"BootSequence","floor":13},{"not_picked":["Seek","Fission"],"picked":"Echo Form","floor":16},{"not_picked":["Go for the Eyes","Sweeping Beam"],"picked":"Stack+1","floor":18},{"not_picked":["Auto Shields","Redo+1"],"picked":"Leap","floor":19},{"not_picked":["Aggregate","Compile Driver","Go for the Eyes"],"picked":"SKIP","floor":21},{"not_picked":["Ball Lightning","Beam Cell","Cold Snap"],"picked":"SKIP","floor":24}],"player_experience":1363244,"relics_obtained":[{"floor":6,"key":"Bronze Scales"},{"floor":9,"key":"Happy Flower"},{"floor":10,"key":"Odd Mushroom"},{"floor":13,"key":"Du-Vu Doll"},{"floor":17,"key":"Omamori"},{"floor":17,"key":"Letter Opener"},{"floor":17,"key":"FossilizedHelix"}],"event_choices":[{"damage_healed":0,"gold_gain":175,"player_choice":"AGREE","damage_taken":0,"max_hp_gain":0,"max_hp_loss":0,"event_name":"Liars Game","floor":3,"gold_loss":0,"cards_obtained":["Doubt"]},{"damage_healed":0,"gold_gain":0,"player_choice":"Fought Mushrooms","damage_taken":0,"max_hp_gain":0,"max_hp_loss":0,"event_name":"Mushrooms","floor":10,"gold_loss":0},{"cards_removed":["Strike_B"],"damage_healed":0,"gold_gain":0,"player_choice":"Card Removal","damage_taken":7,"max_hp_gain":0,"max_hp_loss":0,"event_name":"Golden Wing","floor":14,"gold_loss":0},{"damage_healed":0,"gold_gain":0,"player_choice":"Opened","damage_taken":0,"relics_obtained":["Strawberry"],"max_hp_gain":0,"max_hp_loss":0,"event_name":"The Mausoleum","floor":22,"gold_loss":0,"cards_obtained":["Writhe"]},{"damage_healed":0,"gold_gain":0,"player_choice":"Fight","damage_taken":0,"max_hp_gain":0,"max_hp_loss":0,"event_name":"Colosseum","floor":25,"gold_loss":0},{"damage_healed":0,"gold_gain":0,"player_choice":"Fought Nobs","damage_taken":0,"max_hp_gain":0,"max_hp_loss":0,"event_name":"Colosseum","floor":25,"gold_loss":0}],"is_beta":false,"boss_relics":[{"not_picked":["Runic Pyramid","Empty Cage"],"picked":"Calling Bell"}],"items_purged_floors":[4,20],"is_endless":false,"potions_floor_spawned":[2,12,13,16,18,24,25],"killed_by":"Colosseum Nobs","ascension_level":4}