{"gold_per_floor":[110,130,130,130,160,160,192,192,192,192,192],"floor_reached":11,"playtime":325,"items_purged":[],"score":107,"play_id":"dfdb1533-3a02-4639-970c-83ce3c5da45f","local_time":"20190429105102","is_ascension_mode":true,"campfire_choices":[{"floor":6,"key":"REST"},{"floor":8,"key":"REST"}],"neow_cost":"NONE","seed_source_timestamp":679386121703875,"circlet_count":0,"master_deck":["AscendersBane","Strike_B","Strike_B","Strike_B","Defend_B","Defend_B","Defend_B","Defend_B","Zap+1","Dualcast","Undo","Coolheaded+1","Sweeping Beam"],"relics":["Cracked Core","Tiny Chest","Bottled Flame","Toxic Egg 2","Golden Idol"],"potions_floor_usage":[7],"damage_taken":[{"damage":5,"enemies":"2 Louse","floor":1,"turns":2},{"damage":12,"enemies":"Jaw Worm","floor":2,"turns":3},{"damage":20,"enemies":"3 Sentries","floor":7,"turns":15},{"damage":58,"enemies":"Gremlin Nob","floor":11,"turns":4}],"seed_played":"-7224711357859009543","potions_obtained":[{"floor":2,"key":"Block Potion"}],"is_trial":false,"path_per_floor":["M","M","?","?","?","R","E","R","T","?","E"],"character_chosen":"DEFECT","items_purchased":[],"campfire_rested":2,"item_purchase_floors":[],"current_hp_per_floor":[63,51,51,44,26,48,28,50,50,50,0],"gold":192,"neow_bonus":"UPGRADE_CARD","is_prod":false,"is_daily":false,"chose_seed":false,"campfire_upgraded":0,"win_rate":0,"timestamp":1556527862,"path_taken":["M","M","?","?","?","R","E","R","T","?","E"],"build_version":"2019-04-23","purchased_purges":0,"victory":false,"max_hp_per_floor":[75,75,75,75,75,75,75,75,75,69,69],"card_choices":[{"not_picked":["Hologram","Rebound"],"picked":"Undo","floor":1},{"not_picked":["Gash","Redo"],"picked":"Coolheaded","floor":2},{"not_picked":["Steam","Hologram"],"picked":"Sweeping Beam","floor":7}],"player_experience":1306502,"relics_obtained":[{"floor":7,"key":"Bottled Flame"},{"floor":9,"key":"Toxic Egg 2"}],"event_choices":[{"damage_healed":0,"gold_gain":0,"player_choice":"Grow","damage_taken":0,"max_hp_gain":0,"max_hp_loss":0,"event_name":"Living Wall","floor":3,"gold_loss":0,"cards_upgraded":["Coolheaded"]},{"cards_removed":["Strike_B"],"damage_healed":0,"gold_gain":0,"player_choice":"Card Removal","damage_taken":7,"max_hp_gain":0,"max_hp_loss":0,"event_name":"Golden Wing","floor":4,"gold_loss":0},{"damage_healed":0,"gold_gain":0,"player_choice":"Success","damage_taken":18,"relics_obtained":["Tiny Chest"],"max_hp_gain":0,"max_hp_loss":0,"event_name":"Scrap Ooze","floor":5,"gold_loss":0},{"damage_healed":0,"gold_gain":0,"player_choice":"Lose Max HP","damage_taken":0,"relics_obtained":["Golden Idol"],"max_hp_gain":0,"max_hp_loss":6,"event_name":"Golden Idol","floor":10,"gold_loss":0}],"is_beta":true,"boss_relics":[],"items_purged_floors":[],"is_endless":false,"potions_floor_spawned":[2],"killed_by":"Gremlin Nob","ascension_level":11}