{"gold_per_floor":[117,132,132,151,151,179,195,228,228,228,228,94,94,118,118,216,216,235,510,510,635,635],"floor_reached":22,"playtime":661,"items_purged":["Strike_R"],"score":399,"play_id":"c5f74ef9-1f10-4baf-bf97-3cfb6c28697b","local_time":"20190512113249","is_ascension_mode":true,"campfire_choices":[{"data":"Uppercut","floor":11,"key":"SMITH"},{"data":"Armaments","floor":13,"key":"SMITH"},{"floor":15,"key":"REST"}],"neow_cost":"NONE","seed_source_timestamp":1804757298694096,"circlet_count":0,"master_deck":["AscendersBane","Defend_R","Defend_R","Defend_R","Defend_R","Bash","Pommel Strike","Cleave","Double Tap","Uppercut+1","Metallicize","Injury","Armaments+1","Dropkick","Bludgeon","Clothesline","Regret","Bite","Bite","Bite","Bite","Bite","Headbutt"],"relics":["Burning Blood","NeowsBlessing","Dodecahedron","Gremlin Horn","Question Card","Juzu Bracelet","Golden Idol","Philosopher\u0027s Stone","Gambling Chip","Meat on the Bone"],"potions_floor_usage":[6,16,16],"damage_taken":[{"damage":0,"enemies":"Jaw Worm","floor":1,"turns":1},{"damage":0,"enemies":"Cultist","floor":2,"turns":1},{"damage":0,"enemies":"Small Slimes","floor":4,"turns":1},{"damage":11,"enemies":"Gremlin Nob","floor":6,"turns":3},{"damage":4,"enemies":"Looter","floor":7,"turns":3},{"damage":55,"enemies":"Lagavulin","floor":8,"turns":9},{"damage":9,"enemies":"Red Slaver","floor":14,"turns":4},{"damage":52,"enemies":"Slime Boss","floor":16,"turns":11},{"damage":18,"enemies":"2 Thieves","floor":18,"turns":4},{"damage":29,"enemies":"Colosseum Slavers","floor":21,"turns":3},{"damage":31,"enemies":"Colosseum Nobs","floor":21,"turns":5},{"damage":26,"enemies":"3 Byrds","floor":22,"turns":2}],"seed_played":"1992527308251009064","potions_obtained":[{"floor":4,"key":"SteroidPotion"},{"floor":8,"key":"Explosive Potion"},{"floor":14,"key":"Regen Potion"}],"is_trial":false,"path_per_floor":["M","M","?","M","T","E","M","E","T","?","R","$","R","M","R","B",null,"M","?","?","?","M"],"character_chosen":"IRONCLAD","items_purchased":["Armaments"],"campfire_rested":1,"item_purchase_floors":[12],"current_hp_per_floor":[74,75,75,75,75,70,72,23,23,23,23,23,23,20,42,11,59,47,47,47,13,0],"gold":635,"neow_bonus":"THREE_ENEMY_KILL","is_prod":false,"is_daily":false,"chose_seed":false,"campfire_upgraded":2,"win_rate":0,"timestamp":1557653569,"path_taken":["M","M","?","?","?","E","M","E","T","?","R","$","R","M","R","BOSS","M","?","?","?","M"],"build_version":"2019-05-07","purchased_purges":1,"victory":false,"max_hp_per_floor":[75,75,75,75,75,75,75,75,75,75,75,75,75,75,75,75,75,75,75,52,52,52],"card_choices":[{"not_picked":["Bloodletting","Headbutt"],"picked":"Pommel Strike","floor":1},{"not_picked":["Heavy Blade","Sword Boomerang"],"picked":"Cleave","floor":2},{"not_picked":["Twin Strike","Wild Strike","Havoc"],"picked":"SKIP","floor":4},{"not_picked":["Headbutt","Battle Trance"],"picked":"Uppercut","floor":6},{"not_picked":["Twin Strike","Clash"],"picked":"Metallicize","floor":7},{"not_picked":["Anger","Wild Strike","Corruption"],"picked":"SKIP","floor":8},{"not_picked":["Flex","Rampage","Burning Pact"],"picked":"Dropkick","floor":14},{"not_picked":["Double Tap","Barricade","Limit Break"],"picked":"Bludgeon","floor":16},{"not_picked":["Entrench","Rampage","Intimidate"],"picked":"Clothesline","floor":18},{"not_picked":["Clash+1","Anger","Heavy Blade+1"],"picked":"Headbutt","floor":21}],"player_experience":1839145,"relics_obtained":[{"floor":5,"key":"Dodecahedron"},{"floor":6,"key":"Gremlin Horn"},{"floor":8,"key":"Question Card"},{"floor":9,"key":"Juzu Bracelet"},{"floor":21,"key":"Gambling Chip"},{"floor":21,"key":"Meat on the Bone"}],"event_choices":[{"damage_healed":0,"gold_gain":0,"cards_transformed":["Strike_R"],"player_choice":"Transformed","damage_taken":0,"max_hp_gain":0,"max_hp_loss":0,"event_name":"Transmorgrifier","floor":3,"gold_loss":0,"cards_obtained":["Double Tap"]},{"damage_healed":0,"gold_gain":0,"player_choice":"Take Wound","damage_taken":0,"relics_obtained":["Golden Idol"],"max_hp_gain":0,"max_hp_loss":0,"event_name":"Golden Idol","floor":10,"gold_loss":0,"cards_obtained":["Injury"]},{"damage_healed":0,"gold_gain":275,"player_choice":"Desecrate","damage_taken":0,"max_hp_gain":0,"max_hp_loss":0,"event_name":"Golden Shrine","floor":19,"gold_loss":0,"cards_obtained":["Regret"]},{"damage_healed":0,"gold_gain":0,"player_choice":"Became a vampire","damage_taken":0,"max_hp_gain":0,"max_hp_loss":23,"event_name":"Vampires","floor":20,"gold_loss":0,"cards_obtained":["Bite","Bite","Bite","Bite","Bite"]},{"damage_healed":0,"gold_gain":0,"player_choice":"Fight","damage_taken":0,"max_hp_gain":0,"max_hp_loss":0,"event_name":"Colosseum","floor":21,"gold_loss":0},{"damage_healed":0,"gold_gain":0,"player_choice":"Fought Nobs","damage_taken":0,"max_hp_gain":0,"max_hp_loss":0,"event_name":"Colosseum","floor":21,"gold_loss":0}],"is_beta":true,"boss_relics":[{"not_picked":["Astrolabe","Lizard Tail"],"picked":"Philosopher\u0027s Stone"}],"items_purged_floors":[12],"is_endless":false,"potions_floor_spawned":[4,8,14,21],"killed_by":"3 Byrds","ascension_level":19}