{"gold_per_floor":[109,129,229,243,263,263,297,297,297,2,16,36,64,78,78,182,182,194,43,43,59,59,91,91],"floor_reached":24,"playtime":1017,"items_purged":[],"score":365,"play_id":"c2166932-ebfc-486d-abec-29f749f83605","local_time":"20190429115943","is_ascension_mode":true,"campfire_choices":[{"data":"Zap","floor":6,"key":"SMITH"},{"data":"Conserve Battery","floor":8,"key":"SMITH"},{"floor":15,"key":"REST"}],"neow_cost":"NONE","seed_source_timestamp":682815229175098,"circlet_count":0,"master_deck":["AscendersBane","Strike_B","Strike_B","Strike_B","Strike_B","Defend_B","Defend_B","Defend_B","Defend_B","Zap+1","Dualcast","Leap","Redo","Conserve Battery+1","Compile Driver","Go for the Eyes","Capacitor","Cold Snap","Coolheaded","Loop","Creative AI","Biased Cognition","Defragment","Defragment","Reinforced Body"],"relics":["Cracked Core","Bottled Lightning","Bird Faced Urn","OrangePellets","Turnip","Inserter","Singing Bowl"],"potions_floor_usage":[7,7,13,23,23],"damage_taken":[{"damage":11,"enemies":"2 Louse","floor":1,"turns":3},{"damage":1,"enemies":"Cultist","floor":2,"turns":4},{"damage":0,"enemies":"Small Slimes","floor":4,"turns":4},{"damage":2,"enemies":"3 Louse","floor":5,"turns":4},{"damage":14,"enemies":"Lagavulin","floor":7,"turns":6},{"damage":6,"enemies":"Lots of Slimes","floor":11,"turns":5},{"damage":8,"enemies":"2 Fungi Beasts","floor":12,"turns":3},{"damage":12,"enemies":"Gremlin Nob","floor":13,"turns":5},{"damage":5,"enemies":"Blue Slaver","floor":14,"turns":4},{"damage":33,"enemies":"Slime Boss","floor":16,"turns":11},{"damage":56,"enemies":"3 Byrds","floor":18,"turns":5},{"damage":11,"enemies":"Shell Parasite","floor":21,"turns":11},{"damage":57,"enemies":"Slavers","floor":23,"turns":7},{"damage":10,"enemies":"Snake Plant","floor":24,"turns":2}],"seed_played":"209502342868643053","potions_obtained":[{"floor":0,"key":"AttackPotion"},{"floor":0,"key":"Ancient Potion"},{"floor":0,"key":"Weak Potion"},{"floor":7,"key":"Strength Potion"},{"floor":12,"key":"PowerPotion"},{"floor":16,"key":"EssenceOfSteel"},{"floor":21,"key":"FocusPotion"}],"is_trial":false,"path_per_floor":["M","M","?","M","M","R","E","R","T","$","M","M","E","M","R","B",null,"M","$","?","M","?","E","M"],"character_chosen":"DEFECT","items_purchased":["OrangePellets","Capacitor","Cold Snap","Defragment","Reinforced Body"],"campfire_rested":1,"item_purchase_floors":[10,10,10,19,19],"current_hp_per_floor":[57,56,56,56,54,54,40,40,40,40,36,30,24,23,45,32,64,14,14,39,52,52,5,0],"gold":91,"neow_bonus":"THREE_SMALL_POTIONS","is_prod":false,"is_daily":false,"chose_seed":false,"campfire_upgraded":2,"win_rate":0,"timestamp":1556531983,"path_taken":["M","M","?","M","M","R","E","R","T","?","M","M","E","?","R","BOSS","M","$","?","M","?","E","M"],"build_version":"2019-04-23","purchased_purges":0,"victory":false,"max_hp_per_floor":[75,75,75,75,75,75,75,75,75,75,75,75,75,75,75,75,75,75,75,75,75,75,77,77],"card_choices":[{"not_picked":["Go for the Eyes","Consume"],"picked":"Leap","floor":1},{"not_picked":["Heatsinks","Leap"],"picked":"Redo","floor":2},{"not_picked":["Hologram","Blizzard"],"picked":"Conserve Battery","floor":4},{"not_picked":["Darkness","Cold Snap"],"picked":"Compile Driver","floor":5},{"not_picked":["Sunder","Lockon"],"picked":"Go for the Eyes","floor":7},{"not_picked":["Meteor Strike","Capacitor"],"picked":"Coolheaded","floor":11},{"not_picked":["Ball Lightning","Hello World"],"picked":"Loop","floor":12},{"not_picked":["Redo","Coolheaded"],"picked":"Creative AI","floor":13},{"not_picked":["Leap","Chaos","Reprogram"],"picked":"SKIP","floor":14},{"not_picked":["Fission","Meteor Strike"],"picked":"Biased Cognition","floor":16},{"not_picked":["Steam","Aggregate"],"picked":"Defragment","floor":18},{"not_picked":["Streamline","Go for the Eyes","Stack"],"picked":"SKIP","floor":21},{"not_picked":["Thunder Strike","Beam Cell","Skim+1"],"picked":"Singing Bowl","floor":23}],"player_experience":1309612,"relics_obtained":[{"floor":7,"key":"Bottled Lightning"},{"floor":9,"key":"Bird Faced Urn"},{"floor":13,"key":"Turnip"},{"floor":23,"key":"Singing Bowl"}],"event_choices":[{"damage_healed":0,"gold_gain":100,"player_choice":"Pray","damage_taken":0,"max_hp_gain":0,"max_hp_loss":0,"event_name":"Golden Shrine","floor":3,"gold_loss":0},{"damage_healed":25,"gold_gain":0,"player_choice":"Heal","damage_taken":0,"max_hp_gain":0,"max_hp_loss":0,"event_name":"The Library","floor":20,"gold_loss":0},{"damage_healed":0,"gold_gain":0,"player_choice":"Ignored","damage_taken":0,"max_hp_gain":0,"max_hp_loss":0,"event_name":"Beggar","floor":22,"gold_loss":0}],"is_beta":true,"boss_relics":[{"not_picked":["Velvet Choker","Pandora\u0027s Box"],"picked":"Inserter"}],"items_purged_floors":[],"is_endless":false,"potions_floor_spawned":[7,12,16,21],"killed_by":"Snake Plant","ascension_level":12}