{"gold_per_floor":[109,126,51,66,66,66,93,111,111,45,45,63,63,63,63,63],"floor_reached":16,"playtime":612,"items_purged":[],"score":185,"play_id":"2e32c497-bf42-4863-9b23-93c8d474dee0","local_time":"20190503203400","is_ascension_mode":true,"campfire_choices":[{"data":"Footwork","floor":6,"key":"SMITH"},{"floor":13,"key":"REST"},{"data":"Neutralize","floor":15,"key":"SMITH"}],"neow_cost":"TEN_PERCENT_HP_LOSS","seed_source_timestamp":1059677516463970,"circlet_count":0,"master_deck":["AscendersBane","Defend_G","Defend_G","Defend_G","Defend_G","Defend_G","Strike_G","Strike_G","Strike_G","Strike_G","Strike_G","Survivor","Neutralize+1","Venomology","Blur","Cloak And Dagger","Footwork+1","PiercingWail","Dodge and Roll","Cloak And Dagger"],"relics":["Ring of the Snake","Meat on the Bone","Turnip"],"potions_floor_usage":[4,7,7,8,12,16],"damage_taken":[{"damage":9,"enemies":"Jaw Worm","floor":1,"turns":8},{"damage":10,"enemies":"Small Slimes","floor":2,"turns":5},{"damage":0,"enemies":"Cultist","floor":4,"turns":5},{"damage":36,"enemies":"Gremlin Nob","floor":7,"turns":6},{"damage":0,"enemies":"Blue Slaver","floor":8,"turns":8},{"damage":0,"enemies":"2 Fungi Beasts","floor":12,"turns":4},{"damage":52,"enemies":"Slime Boss","floor":16,"turns":15}],"seed_played":"8849207875083776669","potions_obtained":[{"floor":8,"key":"Explosive Potion"},{"floor":12,"key":"Block Potion"}],"is_trial":false,"path_per_floor":["M","M","$","M","$","R","E","M","T","?","$","M","R","?","R","B"],"character_chosen":"THE_SILENT","items_purchased":["Footwork"],"campfire_rested":1,"item_purchase_floors":[3],"current_hp_per_floor":[50,40,40,40,40,40,4,16,16,16,16,28,46,51,51,0],"gold":63,"neow_bonus":"THREE_RARE_CARDS","is_prod":false,"is_daily":false,"chose_seed":false,"campfire_upgraded":2,"win_rate":0,"timestamp":1556908440,"path_taken":["M","M","$","M","$","R","E","M","T","?","$","M","R","?","R","BOSS"],"build_version":"2019-04-23","purchased_purges":0,"victory":false,"max_hp_per_floor":[60,60,60,60,60,60,60,60,60,60,60,60,60,65,65,65],"card_choices":[{"not_picked":["Bullet Time","Glass Knife"],"picked":"Venomology","floor":0},{"not_picked":["Deadly Poison","Blade Dance"],"picked":"Blur","floor":1},{"not_picked":["Deadly Poison","Skewer"],"picked":"Cloak And Dagger","floor":2},{"not_picked":["Terror","Distraction"],"picked":"PiercingWail","floor":4},{"not_picked":["Tools of the Trade","Deadly Poison"],"picked":"Dodge and Roll","floor":7},{"not_picked":["Accuracy","Terror"],"picked":"Cloak And Dagger","floor":8},{"not_picked":["Quick Slash","Slice","Deflect"],"picked":"SKIP","floor":12}],"player_experience":1475637,"relics_obtained":[{"floor":7,"key":"Meat on the Bone"},{"floor":9,"key":"Turnip"}],"event_choices":[{"damage_healed":0,"gold_gain":0,"player_choice":"Left Gold","damage_taken":0,"max_hp_gain":0,"max_hp_loss":0,"event_name":"World of Goop","floor":10,"gold_loss":66},{"damage_healed":0,"gold_gain":0,"player_choice":"Donut","damage_taken":0,"max_hp_gain":5,"max_hp_loss":0,"event_name":"Big Fish","floor":14,"gold_loss":0}],"is_beta":true,"boss_relics":[],"items_purged_floors":[],"is_endless":false,"potions_floor_spawned":[2,8,12],"killed_by":"Slime Boss","ascension_level":17}