{"gold_per_floor":[116,128,278,289,45,45,71,71,71,84,95,126,126,158,158,158],"floor_reached":16,"playtime":499,"items_purged":["Doubt"],"score":222,"play_id":"d1b9403c-abb4-42de-ab05-64795657f914","local_time":"20190503114341","is_ascension_mode":true,"campfire_choices":[{"data":"Madness","floor":6,"key":"SMITH"},{"floor":8,"key":"REST"},{"floor":15,"key":"REST"}],"neow_cost":"NONE","seed_source_timestamp":1027971467314689,"circlet_count":0,"master_deck":["AscendersBane","Strike_B","Strike_B","Strike_B","Strike_B","Defend_B","Defend_B","Defend_B+1","Defend_B","Zap","Dualcast","Madness+1","Leap","Gash","Sweeping Beam+1","Barrage","Gash","Core Surge","Capacitor","Hologram"],"relics":["Cracked Core","Vajra","Mercury Hourglass","Shuriken","Blood Vial","Bottled Lightning"],"potions_floor_usage":[7,14,14],"damage_taken":[{"damage":4,"enemies":"Small Slimes","floor":1,"turns":3},{"damage":5,"enemies":"2 Louse","floor":2,"turns":2},{"damage":1,"enemies":"Cultist","floor":4,"turns":4},{"damage":29,"enemies":"Gremlin Nob","floor":7,"turns":5},{"damage":0,"enemies":"Exordium Wildlife","floor":10,"turns":2},{"damage":3,"enemies":"3 Louse","floor":11,"turns":3},{"damage":10,"enemies":"3 Sentries","floor":12,"turns":5},{"damage":12,"enemies":"Lagavulin","floor":14,"turns":4},{"damage":28,"enemies":"Hexaghost","floor":16,"turns":7}],"seed_played":"482349134620534378","potions_obtained":[{"floor":2,"key":"Weak Potion"},{"floor":7,"key":"Energy Potion"},{"floor":10,"key":"SpeedPotion"}],"is_trial":false,"path_per_floor":["M","M","?","M","$","R","E","R","T","M","M","E","?","E","R","B"],"character_chosen":"DEFECT","items_purchased":["Vajra"],"campfire_rested":2,"item_purchase_floors":[5],"current_hp_per_floor":[60,55,55,54,54,54,25,46,46,46,43,33,12,2,23,0],"gold":158,"neow_bonus":"RANDOM_COLORLESS","is_prod":false,"is_daily":false,"chose_seed":false,"campfire_upgraded":1,"win_rate":0,"timestamp":1556876621,"path_taken":["M","M","?","M","$","R","E","R","T","M","M","E","?","E","R","BOSS"],"build_version":"2019-04-23","purchased_purges":1,"victory":false,"max_hp_per_floor":[71,71,71,71,71,71,71,71,71,71,71,71,71,71,71,71],"card_choices":[{"not_picked":["Darkness","Turbo"],"picked":"Leap","floor":1},{"not_picked":["Stack","Recycle"],"picked":"Gash","floor":2},{"not_picked":["Recycle","Ball Lightning"],"picked":"Sweeping Beam","floor":4},{"not_picked":["Melter","Storm"],"picked":"Barrage","floor":7},{"not_picked":["Streamline","White Noise"],"picked":"Gash","floor":10},{"not_picked":["Recycle","Coolheaded"],"picked":"Core Surge","floor":11},{"not_picked":["Beam Cell","Rebound"],"picked":"Capacitor","floor":12},{"not_picked":["Beam Cell","Ball Lightning"],"picked":"Hologram","floor":14}],"player_experience":1447969,"relics_obtained":[{"floor":7,"key":"Mercury Hourglass"},{"floor":9,"key":"Shuriken"},{"floor":12,"key":"Blood Vial"},{"floor":14,"key":"Bottled Lightning"}],"event_choices":[{"damage_healed":0,"gold_gain":150,"player_choice":"AGREE","damage_taken":0,"max_hp_gain":0,"max_hp_loss":0,"event_name":"Liars Game","floor":3,"gold_loss":0,"cards_obtained":["Doubt"]},{"damage_healed":0,"gold_gain":0,"player_choice":"Entered Light","damage_taken":21,"max_hp_gain":0,"max_hp_loss":0,"event_name":"Shining Light","floor":13,"gold_loss":0,"cards_upgraded":["Defend_B","Sweeping Beam"]}],"is_beta":true,"boss_relics":[],"items_purged_floors":[5],"is_endless":false,"potions_floor_spawned":[2,7,10],"killed_by":"Hexaghost","ascension_level":17}