{"gold_per_floor":[114,163,163,163,177,177,196,225,225,235,252,177,127,218,218,218],"floor_reached":16,"playtime":598,"items_purged":["Strike_R"],"score":150,"play_id":"40caec9f-a464-4596-acbc-d25e8c26eb03","local_time":"20190107194929","is_ascension_mode":true,"campfire_choices":[{"data":"Armaments","floor":6,"key":"SMITH"},{"floor":15,"key":"REST"}],"neow_cost":"NONE","seed_source_timestamp":680994090190200,"circlet_count":0,"master_deck":["AscendersBane","Strike_R","Strike_R","Strike_R","Defend_R","Defend_R","Defend_R","Defend_R","Bash","Panacea","Whirlwind","Armaments+1","Reckless Charge","Evolve","Immolate+1","Iron Wave+1"],"relics":["Burning Blood","Happy Flower","Bag of Preparation","Ancient Tea Set","Molten Egg 2","Tiny Chest"],"potions_floor_usage":[11,14],"damage_taken":[{"damage":1,"enemies":"Cultist","floor":1,"turns":3},{"damage":0,"enemies":"2 Louse","floor":5,"turns":1},{"damage":18,"enemies":"Jaw Worm","floor":7,"turns":5},{"damage":35,"enemies":"3 Sentries","floor":8,"turns":8},{"damage":13,"enemies":"Red Slaver","floor":10,"turns":4},{"damage":13,"enemies":"Blue Slaver","floor":11,"turns":2},{"damage":16,"enemies":"Gremlin Nob","floor":14,"turns":3},{"damage":39,"enemies":"The Guardian","floor":16,"turns":9}],"seed_played":"-2876035355012320422","potions_obtained":[{"floor":7,"key":"SpeedPotion"},{"floor":8,"key":"AttackPotion"},{"floor":11,"key":"Explosive Potion"},{"floor":14,"key":"SteroidPotion"}],"is_trial":false,"path_per_floor":["M","T","?","?","M","R","M","E","T","M","M","$","?","?","R","B"],"character_chosen":"IRONCLAD","items_purchased":[],"campfire_rested":1,"item_purchase_floors":[],"current_hp_per_floor":[77,77,77,77,80,80,68,39,39,32,25,25,25,15,39,0],"gold":218,"neow_bonus":"RANDOM_COLORLESS","is_prod":false,"is_daily":false,"chose_seed":false,"campfire_upgraded":1,"win_rate":0,"timestamp":1546908569,"path_taken":["M","?","?","?","M","R","M","E","T","?","M","?","?","?","R","BOSS"],"build_version":"2019-01-03v4","purchased_purges":1,"victory":false,"max_hp_per_floor":[80,80,80,80,80,80,80,80,80,80,80,80,80,80,80,80],"card_choices":[{"not_picked":["Headbutt","Heavy Blade"],"picked":"Whirlwind","floor":1},{"not_picked":["Corruption","Clash"],"picked":"Armaments","floor":5},{"not_picked":["Bloodletting","Thunderclap"],"picked":"Reckless Charge","floor":7},{"not_picked":["Whirlwind","Fire Breathing"],"picked":"Evolve","floor":8},{"not_picked":["True Grit","Clash+1"],"picked":"Immolate+1","floor":10},{"not_picked":["Body Slam+1","Twin Strike+1"],"picked":"Iron Wave+1","floor":11}],"player_experience":1718454,"relics_obtained":[{"floor":2,"key":"Happy Flower"},{"floor":8,"key":"Ancient Tea Set"},{"floor":9,"key":"Molten Egg 2"},{"floor":14,"key":"Tiny Chest"}],"event_choices":[{"damage_healed":0,"gold_gain":0,"player_choice":"Box","damage_taken":0,"relics_obtained":["Bag of Preparation"],"max_hp_gain":0,"max_hp_loss":0,"event_name":"Big Fish","floor":3,"gold_loss":0,"cards_obtained":["Regret"]},{"cards_removed":["Regret"],"damage_healed":0,"gold_gain":0,"player_choice":"Forget","damage_taken":0,"max_hp_gain":0,"max_hp_loss":0,"event_name":"Living Wall","floor":4,"gold_loss":0},{"cards_removed":["Strike_R"],"damage_healed":0,"gold_gain":0,"player_choice":"Card Removal","damage_taken":0,"max_hp_gain":0,"max_hp_loss":0,"event_name":"The Cleric","floor":13,"gold_loss":50},{"damage_healed":0,"gold_gain":0,"player_choice":"Searched \u00272\u0027 times","damage_taken":0,"max_hp_gain":0,"max_hp_loss":0,"event_name":"Dead Adventurer","floor":14,"gold_loss":0}],"is_beta":false,"boss_relics":[],"items_purged_floors":[12],"is_endless":false,"potions_floor_spawned":[7,8,11,14],"killed_by":"The Guardian","ascension_level":10}