{"gold_per_floor":[118,293,312,262,279,279,299,299,326,356,94,109,109,79,79,174,174,149,0,0],"floor_reached":20,"playtime":789,"items_purged":["Strike_R"],"score":215,"play_id":"4c697219-d5a5-4b4d-b51d-f2dc1ea498ed","local_time":"20180926022629","is_ascension_mode":true,"campfire_choices":[{"data":"Anger","floor":6,"key":"SMITH"},{"data":"Bash","floor":8,"key":"SMITH"},{"floor":15,"key":"REST"}],"neow_cost":"PERCENT_DAMAGE","seed_source_timestamp":613886970344504,"circlet_count":0,"master_deck":["Strike_R","Strike_R","Strike_R","Defend_R","Defend_R","Defend_R","Defend_R","Bash+1","Flex","Doubt","Ghostly Armor","Anger+1","Seeing Red","Spot Weakness","Metallicize","Armaments","Evolve","Battle Trance","Limit Break"],"relics":["Burning Blood","Unceasing Top","Omamori","Vajra","Bronze Scales","Eternal Feather"],"potions_floor_usage":[10,10,12],"damage_taken":[{"damage":10,"enemies":"2 Louse","floor":1,"turns":3},{"damage":7,"enemies":"Small Slimes","floor":3,"turns":4},{"damage":6,"enemies":"Jaw Worm","floor":5,"turns":5},{"damage":5,"enemies":"2 Fungi Beasts","floor":7,"turns":3},{"damage":23,"enemies":"Gremlin Nob","floor":10,"turns":4},{"damage":25,"enemies":"Exordium Thugs","floor":12,"turns":5},{"damage":6,"enemies":"Looter","floor":14,"turns":4},{"damage":14,"enemies":"Hexaghost","floor":16,"turns":8},{"damage":55,"enemies":"2 Thieves","floor":18,"turns":5},{"damage":22,"enemies":"3 Byrds","floor":20,"turns":2}],"seed_played":"7598564869052317418","potions_obtained":[{"floor":1,"key":"Weak Potion"},{"floor":5,"key":"SkillPotion"},{"floor":10,"key":"Swift Potion"},{"floor":16,"key":"FearPotion"}],"is_trial":false,"path_per_floor":["M","?","M","?","M","R","M","R","T","E","$","M","?","M","R","B",null,"M","?"],"character_chosen":"IRONCLAD","items_purchased":["Bronze Scales","Metallicize"],"campfire_rested":1,"item_purchase_floors":[11,11],"current_hp_per_floor":[52,52,51,51,51,51,52,52,52,35,35,16,16,16,40,32,68,19,19,0],"gold":0,"neow_bonus":"ONE_RARE_RELIC","is_prod":false,"is_daily":false,"chose_seed":false,"campfire_upgraded":2,"win_rate":0,"timestamp":1537943189,"path_taken":["M","?","M","?","M","R","M","R","T","E","$","M","?","M","R","BOSS","M","?","?"],"build_version":"2018-09-20","purchased_purges":1,"victory":false,"max_hp_per_floor":[80,80,80,80,80,80,80,80,80,80,80,80,80,80,80,80,80,80,80,80],"card_choices":[{"not_picked":["Infernal Blade","Ghostly Armor"],"picked":"Flex","floor":1},{"not_picked":["Blood for Blood","Searing Blow"],"picked":"Ghostly Armor","floor":3},{"not_picked":["Uppercut","Intimidate"],"picked":"Anger","floor":5},{"not_picked":["Headbutt","Burning Pact"],"picked":"Seeing Red","floor":7},{"not_picked":["Combust","Twin Strike"],"picked":"Spot Weakness","floor":10},{"not_picked":["Carnage","Disarm"],"picked":"Armaments","floor":12},{"not_picked":["Body Slam","Sword Boomerang"],"picked":"Battle Trance","floor":14},{"not_picked":["Fiend Fire","Reaper"],"picked":"Limit Break","floor":16},{"not_picked":["Second Wind+1","Twin Strike","True Grit+1"],"picked":"SKIP","floor":18}],"player_experience":920367,"relics_obtained":[{"floor":9,"key":"Omamori"},{"floor":10,"key":"Vajra"}],"event_choices":[{"event_name":"Liars Game","player_choice":"agreed","floor":2,"damage_taken":0},{"event_name":"The Cleric","player_choice":"Card Removal","floor":4,"damage_taken":0},{"event_name":"Match and Keep!","player_choice":"1 cards matched","floor":13,"damage_taken":0},{"event_name":"Masked Bandits","player_choice":"Paid Fearfully","floor":19,"damage_taken":0}],"is_beta":false,"boss_relics":[{"not_picked":["Coffee Dripper","Philosopher\u0027s Stone"],"picked":"Eternal Feather"}],"items_purged_floors":[11],"is_endless":false,"potions_floor_spawned":[1,5,10,16],"killed_by":"3 Byrds","ascension_level":5}