{"gold_per_floor":[111,186,199,24,24,43,43,68,93,109,109,140,140,150,150,224,224,239,257,172,172,93,93,93],"floor_reached":24,"playtime":1128,"items_purged":["Strike_G"],"score":388,"play_id":"df88e456-7c8b-4976-bdb0-c1eb2cfaefcc","local_time":"20190508104528","is_ascension_mode":true,"campfire_choices":[{"data":"Flechettes","floor":7,"key":"SMITH"},{"floor":11,"key":"REST"},{"floor":13,"key":"REST"},{"data":"Acrobatics","floor":15,"key":"SMITH"},{"floor":23,"key":"REST"}],"neow_cost":"NONE","seed_source_timestamp":1455849268810774,"circlet_count":0,"master_deck":["AscendersBane","Defend_G","Defend_G","Defend_G","Defend_G","Defend_G","Strike_G","Strike_G","Strike_G","Strike_G","Survivor","Neutralize","Tools of the Trade","Flechettes+1","Deadly Poison","Well Laid Plans","Dodge and Roll","Caltrops","Adrenaline","Acrobatics+1","Deadly Poison","Malaise","Flechettes","Acrobatics","Crippling Poison"],"relics":["Ring of the Snake","Omamori","Happy Flower","Orichalcum","Sozu","Question Card"],"potions_floor_usage":[8,18],"damage_taken":[{"damage":4,"enemies":"Small Slimes","floor":1,"turns":4},{"damage":0,"enemies":"2 Louse","floor":3,"turns":4},{"damage":0,"enemies":"Cultist","floor":6,"turns":4},{"damage":21,"enemies":"3 Sentries","floor":8,"turns":10},{"damage":13,"enemies":"3 Louse","floor":10,"turns":4},{"damage":26,"enemies":"Gremlin Nob","floor":12,"turns":4},{"damage":0,"enemies":"Exordium Wildlife","floor":14,"turns":4},{"damage":15,"enemies":"The Guardian","floor":16,"turns":9},{"damage":21,"enemies":"Spheric Guardian","floor":18,"turns":6},{"damage":18,"enemies":"2 Thieves","floor":19,"turns":4},{"damage":42,"enemies":"Masked Bandits","floor":24,"turns":3}],"seed_played":"6464503017548073159","potions_obtained":[{"floor":6,"key":"Swift Potion"},{"floor":8,"key":"Explosive Potion"},{"floor":14,"key":"Swift Potion"}],"is_trial":false,"path_per_floor":["M","?","M","$","?","M","R","E","T","M","R","E","R","M","R","B",null,"M","M","?","?","$","R","?"],"character_chosen":"THE_SILENT","items_purchased":["Deadly Poison","Well Laid Plans","Crippling Poison"],"campfire_rested":3,"item_purchase_floors":[4,4,22],"current_hp_per_floor":[55,44,44,44,44,44,44,23,23,10,29,3,22,22,22,7,51,30,12,12,12,12,31,0],"gold":93,"neow_bonus":"ONE_RANDOM_RARE_CARD","is_prod":false,"is_daily":false,"chose_seed":false,"campfire_upgraded":2,"win_rate":0,"timestamp":1557305128,"path_taken":["M","?","M","$","?","M","R","E","T","?","R","E","R","M","R","BOSS","M","M","?","?","?","R","?"],"build_version":"2019-05-07","purchased_purges":1,"victory":false,"max_hp_per_floor":[66,66,66,66,66,66,66,66,66,66,66,66,66,66,66,66,66,66,66,66,66,66,66,66],"card_choices":[{"not_picked":["Acrobatics","Skewer"],"picked":"Flechettes","floor":1},{"not_picked":["Choke","Calculated Gamble","Quick Slash"],"picked":"SKIP","floor":3},{"not_picked":["Dagger Spray","Deadly Poison"],"picked":"Dodge and Roll","floor":6},{"not_picked":["Outmaneuver","Endless Agony"],"picked":"Caltrops","floor":8},{"not_picked":["Dodge and Roll","Masterful Stab"],"picked":"Adrenaline","floor":10},{"not_picked":["After Image","Accuracy"],"picked":"Acrobatics","floor":12},{"not_picked":["Flechettes","Caltrops"],"picked":"Deadly Poison","floor":14},{"not_picked":["Corpse Explosion","Bullet Time"],"picked":"Malaise","floor":16},{"not_picked":["Quick Slash","Flying Knee"],"picked":"Flechettes","floor":18},{"not_picked":["Flying Knee","Prepared"],"picked":"Acrobatics","floor":19}],"player_experience":1580619,"relics_obtained":[{"floor":8,"key":"Omamori"},{"floor":9,"key":"Happy Flower"},{"floor":12,"key":"Orichalcum"}],"event_choices":[{"damage_healed":0,"gold_gain":75,"player_choice":"Gather Gold","damage_taken":11,"max_hp_gain":0,"max_hp_loss":0,"event_name":"World of Goop","floor":2,"gold_loss":0},{"damage_healed":0,"gold_gain":0,"player_choice":"0 cards matched","damage_taken":0,"max_hp_gain":0,"max_hp_loss":0,"event_name":"Match and Keep!","floor":5,"gold_loss":0,"cards_obtained":[]},{"damage_healed":0,"gold_gain":0,"player_choice":"Obtained Relic","damage_taken":0,"relics_obtained":["Question Card"],"max_hp_gain":0,"max_hp_loss":0,"event_name":"Addict","floor":20,"gold_loss":85},{"damage_healed":0,"gold_gain":0,"player_choice":"Ignored","damage_taken":0,"max_hp_gain":0,"max_hp_loss":0,"event_name":"Cursed Tome","floor":21,"gold_loss":0},{"damage_healed":0,"gold_gain":0,"player_choice":"Fought Bandits","damage_taken":0,"max_hp_gain":0,"max_hp_loss":0,"event_name":"Masked Bandits","floor":24,"gold_loss":0}],"is_beta":true,"boss_relics":[{"not_picked":["Coffee Dripper","Snecko Eye"],"picked":"Sozu"}],"items_purged_floors":[4],"is_endless":false,"potions_floor_spawned":[6,8,14],"killed_by":"Masked Bandits","ascension_level":18}