{"gold_per_floor":[112,131,131,131,145,145,173,193,193,208,240,25,175,204,204,281,281,295,295,26,26],"floor_reached":21,"playtime":811,"items_purged":["Strike_G","Doubt"],"score":374,"play_id":"de279d26-4208-489a-8fff-dcc63a0d0605","local_time":"20190507191026","is_ascension_mode":true,"campfire_choices":[{"data":"PiercingWail","floor":6,"key":"SMITH"},{"data":"After Image","floor":15,"key":"SMITH"}],"neow_cost":"NONE","seed_source_timestamp":1400064132482667,"circlet_count":0,"master_deck":["AscendersBane","Defend_G","Defend_G","Defend_G","Defend_G","Defend_G","Strike_G","Strike_G","Strike_G","Strike_G","Survivor","Neutralize+1","Cloak And Dagger+1","Dagger Spray+1","PiercingWail+1","Cloak And Dagger","Blade Dance","Finisher","Crippling Poison","After Image+1","Blade Dance","Caltrops","Cloak And Dagger","Decay"],"relics":["Ring of the Snake","Shuriken","Singing Bowl","StoneCalendar","Gremlin Horn","White Beast Statue","PreservedInsect"],"potions_floor_usage":[7,14,16,16],"damage_taken":[{"damage":1,"enemies":"Cultist","floor":1,"turns":5},{"damage":1,"enemies":"Jaw Worm","floor":2,"turns":6},{"damage":0,"enemies":"2 Louse","floor":5,"turns":2},{"damage":8,"enemies":"Gremlin Nob","floor":7,"turns":4},{"damage":8,"enemies":"Large Slime","floor":8,"turns":5},{"damage":3,"enemies":"Blue Slaver","floor":10,"turns":4},{"damage":13,"enemies":"3 Sentries","floor":11,"turns":6},{"damage":9,"enemies":"Lagavulin","floor":14,"turns":6},{"damage":2,"enemies":"Hexaghost","floor":16,"turns":7},{"damage":33,"enemies":"Chosen","floor":18,"turns":7},{"damage":22,"enemies":"Shell Parasite","floor":21,"turns":5}],"seed_played":"386748670445333516","potions_obtained":[{"floor":1,"key":"AttackPotion"},{"floor":10,"key":"LiquidBronze"},{"floor":11,"key":"PowerPotion"},{"floor":14,"key":"Weak Potion"},{"floor":18,"key":"GamblersBrew"}],"is_trial":false,"path_per_floor":["M","M","?","?","M","R","E","M","T","M","E","$","?","E","R","B",null,"M","?","$","M"],"character_chosen":"THE_SILENT","items_purchased":["After Image","Blade Dance","PreservedInsect"],"campfire_rested":0,"item_purchase_floors":[12,12,20],"current_hp_per_floor":[58,57,57,57,57,57,49,41,41,38,25,25,25,16,16,16,55,22,22,22,0],"gold":26,"neow_bonus":"UPGRADE_CARD","is_prod":false,"is_daily":false,"chose_seed":false,"campfire_upgraded":2,"win_rate":0,"timestamp":1557249026,"path_taken":["M","M","?","?","M","R","E","M","T","?","E","$","?","E","R","BOSS","M","?","$","M"],"build_version":"2019-04-23","purchased_purges":2,"victory":false,"max_hp_per_floor":[66,66,66,66,66,66,66,66,66,66,66,66,66,66,66,68,68,68,68,68,68],"card_choices":[{"not_picked":["All Out Attack","Poisoned Stab"],"picked":"Cloak And Dagger","floor":1},{"not_picked":["Cloak And Dagger","Sucker Punch"],"picked":"Dagger Spray","floor":2},{"not_picked":["Slice","Backflip"],"picked":"PiercingWail","floor":5},{"not_picked":["Calculated Gamble","Deadly Poison"],"picked":"Cloak And Dagger","floor":7},{"not_picked":["Flying Knee","Catalyst"],"picked":"Blade Dance","floor":8},{"not_picked":["Quick Slash","Die Die Die"],"picked":"Finisher","floor":10},{"not_picked":["Tactician","Flying Knee"],"picked":"Crippling Poison","floor":11},{"not_picked":["Flying Knee","Deflect"],"picked":"Caltrops","floor":14},{"not_picked":["Envenom","Glass Knife","Venomology"],"picked":"Singing Bowl","floor":16},{"not_picked":["Deflect","Prepared"],"picked":"Cloak And Dagger","floor":18}],"player_experience":1573325,"relics_obtained":[{"floor":7,"key":"Shuriken"},{"floor":9,"key":"Singing Bowl"},{"floor":11,"key":"StoneCalendar"},{"floor":14,"key":"Gremlin Horn"}],"event_choices":[{"damage_healed":0,"gold_gain":0,"player_choice":"Grow","damage_taken":0,"max_hp_gain":0,"max_hp_loss":0,"event_name":"Living Wall","floor":3,"gold_loss":0,"cards_upgraded":["Dagger Spray"]},{"damage_healed":0,"gold_gain":0,"player_choice":"Forge","damage_taken":0,"max_hp_gain":0,"max_hp_loss":0,"event_name":"Accursed Blacksmith","floor":4,"gold_loss":0,"cards_upgraded":["Cloak And Dagger"]},{"damage_healed":0,"gold_gain":150,"player_choice":"AGREE","damage_taken":0,"max_hp_gain":0,"max_hp_loss":0,"event_name":"Liars Game","floor":13,"gold_loss":0,"cards_obtained":["Doubt"]},{"damage_healed":0,"gold_gain":0,"player_choice":"Smashed Altar","damage_taken":0,"max_hp_gain":0,"max_hp_loss":0,"event_name":"Forgotten Altar","floor":19,"gold_loss":0,"cards_obtained":["Decay"]}],"is_beta":true,"boss_relics":[{"not_picked":["Fusion Hammer","HoveringKite"],"picked":"White Beast Statue"}],"items_purged_floors":[12,20],"is_endless":false,"potions_floor_spawned":[1,10,11,14,18],"killed_by":"Shell Parasite","ascension_level":18}