{"gold_per_floor":[113,127,127,10,10,10,31,31,55,98,119,135,135,179,179,272,272,288,288,311,236,236,236,261,261,285,316,316,316,334,349,349,444,444,460,478,39,39,39,39,54,54,354,354,374,374,374,408,408,408],"floor_reached":51,"playtime":4858,"items_purged":["Shame"],"score":1340,"play_id":"9da4d813-6e0b-45af-9c09-4cadf92c37f7","local_time":"20190509131916","is_ascension_mode":true,"campfire_choices":[{"data":"Footwork","floor":6,"key":"SMITH"},{"data":"Noxious Fumes","floor":13,"key":"SMITH"},{"data":"Backflip","floor":15,"key":"SMITH"},{"data":"1","floor":23,"key":"LIFT"},{"data":"2","floor":25,"key":"LIFT"},{"data":"3","floor":28,"key":"LIFT"},{"data":"Dash","floor":32,"key":"SMITH"},{"data":"Cloak And Dagger","floor":40,"key":"SMITH"},{"data":"Noxious Fumes","floor":42,"key":"SMITH"},{"data":"Cloak And Dagger","floor":44,"key":"SMITH"},{"floor":47,"key":"REST"},{"floor":49,"key":"REST"}],"neow_cost":"NONE","seed_source_timestamp":1547730053348905,"circlet_count":0,"master_deck":["AscendersBane","Defend_G","Defend_G","Defend_G","Defend_G","Defend_G","Strike_G+1","Strike_G+1","Strike_G","Strike_G","Survivor","Neutralize","Dagger Spray","Dagger Spray+1","Footwork+1","Backflip+1","Dodge and Roll","Noxious Fumes+1","Cloak And Dagger+1","Cloak And Dagger+1","Die Die Die","Well Laid Plans","Dash+1","Dash","PiercingWail","Footwork+1","Night Terror","Heel Hook","Crippling Poison","Noxious Fumes+1","Terror","Writhe"],"relics":["Ring of the Snake","Whetstone","Golden Idol","Incense Burner","Happy Flower","Bird Faced Urn","Question Card","Philosopher\u0027s Stone","Girya","Strawberry","Juzu Bracelet","Busted Crown","Kunai","Old Coin","Ancient Tea Set"],"potions_floor_usage":[10,14,24,24,27,29,50],"damage_taken":[{"damage":7,"enemies":"Small Slimes","floor":1,"turns":4},{"damage":0,"enemies":"2 Louse","floor":2,"turns":2},{"damage":0,"enemies":"Cultist","floor":7,"turns":3},{"damage":8,"enemies":"Gremlin Nob","floor":10,"turns":3},{"damage":7,"enemies":"2 Fungi Beasts","floor":11,"turns":3},{"damage":0,"enemies":"Exordium Thugs","floor":12,"turns":3},{"damage":8,"enemies":"Lagavulin","floor":14,"turns":7},{"damage":0,"enemies":"The Guardian","floor":16,"turns":14},{"damage":7,"enemies":"Chosen","floor":18,"turns":6},{"damage":7,"enemies":"Spheric Guardian","floor":20,"turns":6},{"damage":0,"enemies":"Cultist and Chosen","floor":24,"turns":6},{"damage":21,"enemies":"Slavers","floor":27,"turns":7},{"damage":2,"enemies":"Snake Plant","floor":29,"turns":3},{"damage":3,"enemies":"Snecko","floor":30,"turns":6},{"damage":9,"enemies":"Shelled Parasite and Fungi","floor":31,"turns":5},{"damage":25,"enemies":"Automaton","floor":33,"turns":12},{"damage":3,"enemies":"Orb Walker","floor":35,"turns":4},{"damage":11,"enemies":"3 Darklings","floor":36,"turns":5},{"damage":32,"enemies":"Jaw Worm Horde","floor":41,"turns":6},{"damage":38,"enemies":"Transient","floor":45,"turns":6},{"damage":30,"enemies":"Reptomancer","floor":48,"turns":7},{"damage":46,"enemies":"Time Eater","floor":50,"turns":13}],"seed_played":"4995519612968407096","potions_obtained":[{"floor":1,"key":"SteroidPotion"},{"floor":11,"key":"Ancient Potion"},{"floor":16,"key":"GhostInAJar"},{"floor":18,"key":"Swift Potion"},{"floor":24,"key":"Energy Potion"},{"floor":27,"key":"SmokeBomb"},{"floor":45,"key":"FearPotion"}],"is_trial":false,"path_per_floor":["M","M","?","$","?","R","M","?","T","E","M","M","R","E","R","B",null,"M","?","M","$","T","R","M","R","T","E","R","M","M","M","R","B",null,"M","M","$","?","$","R","M","R","T","R","M","?","R","E","R","B",null],"character_chosen":"THE_SILENT","items_purchased":["Footwork","Backflip","Kunai","Heel Hook","Crippling Poison"],"campfire_rested":2,"item_purchase_floors":[4,4,37,37,37],"current_hp_per_floor":[52,52,52,52,52,52,52,52,52,44,39,43,43,39,39,43,56,53,53,52,52,52,52,58,58,65,48,48,48,51,50,50,33,59,60,53,53,53,53,53,35,35,35,35,7,20,40,20,40,4],"gold":408,"neow_bonus":"RANDOM_COMMON_RELIC","is_prod":false,"is_daily":false,"chose_seed":false,"campfire_upgraded":7,"win_rate":0,"timestamp":1557400756,"path_taken":["M","M","?","$","?","R","M","?","T","E","M","?","R","E","R","BOSS","M","?","M","$","?","R","M","R","T","E","R","M","M","M","R","BOSS","M","M","$","?","$","R","M","R","T","R","M","?","R","E","R","BOSS"],"build_version":"2019-05-07","purchased_purges":1,"victory":true,"max_hp_per_floor":[66,66,66,66,60,60,60,60,60,60,60,60,60,60,60,60,60,60,60,60,60,60,60,60,60,67,67,67,67,67,67,67,67,67,67,67,67,67,67,67,67,67,67,67,67,67,67,67,67,67],"card_choices":[{"not_picked":["Quick Slash","Setup"],"picked":"Dagger Spray","floor":1},{"not_picked":["Distraction","Deflect"],"picked":"Dagger Spray","floor":2},{"not_picked":["Grand Finale","Infinite Blades"],"picked":"Flying Knee","floor":7},{"not_picked":["Poisoned Stab","Masterful Stab"],"picked":"Dodge and Roll","floor":10},{"not_picked":["Poisoned Stab","Masterful Stab"],"picked":"Noxious Fumes","floor":11},{"not_picked":["Deflect","Finisher"],"picked":"Cloak And Dagger","floor":12},{"not_picked":["After Image","Dodge and Roll"],"picked":"Cloak And Dagger","floor":14},{"not_picked":["Grand Finale","Storm of Steel","Envenom"],"picked":"Die Die Die","floor":16},{"not_picked":["Bane","Deflect","Infinite Blades"],"picked":"Well Laid Plans","floor":18},{"not_picked":["Poisoned Stab","Escape Plan","Outmaneuver+1"],"picked":"Dash","floor":20},{"not_picked":["Slice","Bane","Dagger Throw","Deflect"],"picked":"SKIP","floor":24},{"not_picked":["A Thousand Cuts","Acrobatics","Envenom"],"picked":"PiercingWail","floor":27},{"not_picked":["Sucker Punch","Cloak And Dagger","Infinite Blades"],"picked":"Footwork+1","floor":30},{"not_picked":["Bouncing Flask","Slice","Dagger Spray","Masterful Stab"],"picked":"SKIP","floor":31},{"not_picked":["After Image","Unload","Doppelganger"],"picked":"Night Terror","floor":33},{"not_picked":["Slice","Underhanded Strike+1"],"picked":"SKIP","floor":35},{"not_picked":["Poisoned Stab","Accuracy"],"picked":"SKIP","floor":36},{"not_picked":["Crippling Poison"],"picked":"Noxious Fumes","floor":41},{"not_picked":["Deadly Poison"],"picked":"Terror","floor":45},{"not_picked":["Slice","Dagger Throw"],"picked":"SKIP","floor":48}],"player_experience":1665115,"relics_obtained":[{"floor":9,"key":"Happy Flower"},{"floor":10,"key":"Bird Faced Urn"},{"floor":14,"key":"Question Card"},{"floor":22,"key":"Girya"},{"floor":26,"key":"Strawberry"},{"floor":27,"key":"Juzu Bracelet"},{"floor":43,"key":"Old Coin"},{"floor":48,"key":"Ancient Tea Set"}],"event_choices":[{"damage_healed":0,"gold_gain":0,"player_choice":"Grow","damage_taken":0,"max_hp_gain":0,"max_hp_loss":0,"event_name":"Living Wall","floor":3,"gold_loss":0,"cards_upgraded":["Dagger Spray"]},{"damage_healed":0,"gold_gain":0,"player_choice":"Lose Max HP","damage_taken":0,"relics_obtained":["Golden Idol"],"max_hp_gain":0,"max_hp_loss":6,"event_name":"Golden Idol","floor":5,"gold_loss":0},{"cards_removed":["Flying Knee"],"damage_healed":0,"gold_gain":0,"player_choice":"Gave Card","damage_taken":0,"relics_obtained":["Incense Burner"],"max_hp_gain":0,"max_hp_loss":0,"event_name":"WeMeetAgain","floor":8,"gold_loss":0},{"damage_healed":0,"gold_gain":0,"player_choice":"2 cards matched","damage_taken":0,"max_hp_gain":0,"max_hp_loss":0,"event_name":"Match and Keep!","floor":19,"gold_loss":0,"cards_obtained":["Shame","Dash"]},{"cards_removed":["Strike_G"],"damage_healed":0,"gold_gain":0,"player_choice":"Removed Attack","damage_taken":0,"max_hp_gain":0,"max_hp_loss":0,"event_name":"Falling","floor":38,"gold_loss":0},{"damage_healed":13,"gold_gain":0,"player_choice":"Writhe","damage_taken":0,"max_hp_gain":0,"max_hp_loss":0,"event_name":"Winding Halls","floor":46,"gold_loss":0,"cards_obtained":["Writhe"]}],"is_beta":true,"boss_relics":[{"not_picked":["Runic Dome","Eternal Feather"],"picked":"Philosopher\u0027s Stone"},{"not_picked":["Astrolabe","Calling Bell"],"picked":"Busted Crown"}],"items_purged_floors":[21],"is_endless":false,"potions_floor_spawned":[1,11,16,18,24,27,45],"ascension_level":18}