{"path_per_floor":["M","M","M","$","M","R","E","M","T","M","E","M","M","?","R","B",null,"M","$","?","M","M","E"],"character_chosen":"IRONCLAD","items_purchased":["Headbutt","Omamori","Block Potion"],"gold_per_floor":[111,127,141,42,58,58,92,105,105,122,153,168,184,184,184,284,284,294,0,0,19,34,363],"floor_reached":24,"campfire_rested":1,"playtime":1092,"current_hp_per_floor":[67,66,64,64,61,61,38,44,58,61,30,29,31,31,59,24,77,58,58,58,55,45,16],"items_purged":["Strike_R","Strike_R"],"gold":363,"score":315,"play_id":"e00b0be7-ae64-440c-a313-2a96f2aa690b","is_prod":false,"is_daily":false,"is_ascension_mode":true,"campfire_upgraded":1,"path_taken":["M","M","M","$","M","R","E","M","T","?","E","M","M","?","R","BOSS","M","$","?","M","M","E","?"],"build_version":"2018-02-08-PROD1","purchased_purges":2,"victory":false,"master_deck":["Strike_R","Strike_R","Defend_R","Defend_R","Defend_R","Defend_R","Bash","Demon Form+1","Shrug It Off","Anger","Headbutt","Rampage","Bloodletting","Iron Wave","Headbutt","Pommel Strike","Bloodletting","Iron Wave","Feed","Pommel Strike+1","Headbutt+1","Infernal Blade+1","Battle Trance+1"],"max_hp_per_floor":[80,80,80,80,80,80,80,80,94,94,94,94,94,94,94,94,94,94,94,94,97,97,97],"relics":["Black Blood","Prayer Wheel","Self Forming Clay","Mango","Bag of Preparation","Omamori","Old Coin"],"card_choices":[{"not_picked":["Sever Soul","Reckless Charge"],"picked":"Demon Form"},{"not_picked":["Power Through","Fire Breathing"],"picked":"Shrug It Off"},{"not_picked":["Feel No Pain","Burning Pact"],"picked":"Anger"},{"not_picked":["Havoc","Body Slam"],"picked":"Rampage"},{"not_picked":["Corruption","Shockwave"],"picked":"Bloodletting"},{"not_picked":["Carnage","Burning Pact"],"picked":"Iron Wave"},{"not_picked":["Metallicize","Body Slam"],"picked":"Headbutt"},{"not_picked":["Searing Blow","Flame Barrier"],"picked":"Pommel Strike"},{"not_picked":["Cleave","Havoc"],"picked":"Bloodletting"},{"not_picked":["Bludgeon","Infernal Blade"],"picked":"Iron Wave"},{"not_picked":["Offering","Dark Embrace"],"picked":"Feed"},{"not_picked":["Cleave","Twin Strike"],"picked":"Pommel Strike"},{"not_picked":["Second Wind","Cleave"],"picked":"Headbutt"},{"not_picked":["Rage","Headbutt"],"picked":"Infernal Blade"},{"not_picked":["Wild Strike","Twin Strike"],"picked":"Battle Trance"}],"player_experience":507119,"potions_floor_usage":[7,8,11,13,21],"damage_taken":[{"damage":19,"enemies":"Blue Slaver","floor":1,"turns":6},{"damage":7,"enemies":"Jaw Worm","floor":2,"turns":3},{"damage":8,"enemies":"Small Slimes","floor":3,"turns":6},{"damage":9,"enemies":"Looter","floor":5,"turns":3},{"damage":29,"enemies":"Gremlin Nob","floor":7,"turns":4},{"damage":0,"enemies":"Large Slime","floor":8,"turns":5},{"damage":3,"enemies":"2 Fungi Beasts","floor":10,"turns":3},{"damage":37,"enemies":"Lagavulin","floor":11,"turns":5},{"damage":7,"enemies":"Red Slaver","floor":12,"turns":3},{"damage":4,"enemies":"3 Louse","floor":13,"turns":3},{"damage":41,"enemies":"Slime Boss","floor":16,"turns":9},{"damage":29,"enemies":"Chosen","floor":18,"turns":7},{"damage":16,"enemies":"3 Byrds","floor":21,"turns":5},{"damage":20,"enemies":"Snecko","floor":22,"turns":4},{"damage":39,"enemies":"Book of Stabbing","floor":23,"turns":5}],"event_choices":[{"event_name":"Purifier","player_choice":"One Purge","floor":14,"damage_taken":0},{"event_name":"Vampires","player_choice":"Ignored","floor":20,"damage_taken":0}],"boss_relics":[{"not_picked":["Eternal Feather","White Beast Statue"],"picked":"Black Blood"}],"potions_floor_spawned":[1,7,10,11,23],"seed_played":"-1896758563329649076","ascension_level":5,"is_trial":false}