{"gold_per_floor":[111,131,151,226,6,39,39,73,125,159,175,175,192,47,47,142,142,154,137,148,162,178,178,178],"floor_reached":24,"playtime":2130,"items_purged":["Strike_B"],"score":264,"play_id":"ced02f4a-d936-433b-9a7b-d257a3fd8995","local_time":"20190423195750","is_ascension_mode":true,"campfire_choices":[{"floor":12,"key":"REST"},{"data":"Defragment","floor":15,"key":"SMITH"},{"floor":23,"key":"REST"}],"neow_cost":"NONE","seed_source_timestamp":191989516635301,"circlet_count":0,"master_deck":["Strike_B","Strike_B","Strike_B","Defend_B","Defend_B","Defend_B","Defend_B","Zap","Dualcast","Compile Driver","Coolheaded","Auto Shields","Cold Snap","Sweeping Beam+1","Glacier","Go for the Eyes+1","Leap","Defragment+1","Hologram","Multi-Cast","Hologram+1","Streamline+1","Beam Cell+1"],"relics":["Cracked Core","NeowsBlessing","MealTicket","Molten Egg 2","Orichalcum","Smiling Mask","Art of War","Nuclear Battery"],"potions_floor_usage":[10,11],"damage_taken":[{"damage":0,"enemies":"Cultist","floor":1,"turns":1},{"damage":0,"enemies":"2 Louse","floor":2,"turns":1},{"damage":0,"enemies":"Small Slimes","floor":3,"turns":1},{"damage":23,"enemies":"Lagavulin","floor":6,"turns":10},{"damage":17,"enemies":"3 Sentries","floor":8,"turns":8},{"damage":8,"enemies":"Gremlin Nob","floor":10,"turns":6},{"damage":0,"enemies":"Gremlin Gang","floor":11,"turns":2},{"damage":0,"enemies":"Red Slaver","floor":13,"turns":3},{"damage":31,"enemies":"Slime Boss","floor":16,"turns":18},{"damage":0,"enemies":"Spheric Guardian","floor":18,"turns":8},{"damage":3,"enemies":"2 Thieves","floor":19,"turns":5},{"damage":27,"enemies":"Cultist and Chosen","floor":20,"turns":8},{"damage":12,"enemies":"Chosen and Byrds","floor":21,"turns":6},{"damage":0,"enemies":"Centurion and Healer","floor":22,"turns":5},{"damage":71,"enemies":"Gremlin Leader","floor":24,"turns":10}],"seed_played":"8311113856602715595","potions_obtained":[{"floor":1,"key":"FocusPotion"},{"floor":2,"key":"LiquidBronze"},{"floor":7,"key":"SkillPotion"},{"floor":8,"key":"EssenceOfSteel"},{"floor":21,"key":"FearPotion"},{"floor":22,"key":"SpeedPotion"}],"is_trial":false,"path_per_floor":["M","M","M","?","$","E","?","E","T","E","M","R","M","$","R","B",null,"M","M","M","M","M","R","E"],"character_chosen":"DEFECT","items_purchased":["MealTicket","Cold Snap","Defragment","Hologram"],"campfire_rested":2,"item_purchase_floors":[5,5,14,14],"current_hp_per_floor":[75,75,75,64,64,41,41,24,24,16,16,38,38,38,38,7,75,75,72,45,33,33,55,0],"gold":178,"neow_bonus":"THREE_ENEMY_KILL","is_prod":false,"is_daily":false,"chose_seed":false,"campfire_upgraded":1,"win_rate":0,"timestamp":1556042270,"path_taken":["M","?","M","?","$","E","?","E","T","E","M","R","?","?","R","BOSS","M","M","M","M","M","R","E"],"build_version":"2019-04-21","purchased_purges":1,"victory":false,"max_hp_per_floor":[75,75,75,75,75,75,75,75,75,75,75,75,75,75,75,75,75,75,75,75,75,75,75,75],"card_choices":[{"not_picked":["Consume","Heatsinks"],"picked":"Compile Driver","floor":1},{"not_picked":["Consume","FTL"],"picked":"Coolheaded","floor":2},{"not_picked":["Gash","Cold Snap"],"picked":"Auto Shields","floor":3},{"not_picked":["Rebound","Seek"],"picked":"Sweeping Beam","floor":6},{"not_picked":["Defragment","Steam Power"],"picked":"Glacier","floor":8},{"not_picked":["Redo","Barrage+1"],"picked":"Go for the Eyes+1","floor":10},{"not_picked":["Hello World","Sunder+1","Static Discharge"],"picked":"SKIP","floor":11},{"not_picked":["Compile Driver+1","Sweeping Beam+1"],"picked":"Leap","floor":13},{"not_picked":["Seek","Rainbow"],"picked":"Multi-Cast","floor":16},{"not_picked":["Gash+1","Stack"],"picked":"Hologram+1","floor":18},{"not_picked":["Coolheaded","Ball Lightning+1"],"picked":"Streamline+1","floor":19},{"not_picked":["Coolheaded","Sweeping Beam+1","Stack"],"picked":"SKIP","floor":20},{"not_picked":["Darkness","Sweeping Beam+1"],"picked":"Beam Cell+1","floor":21},{"not_picked":["Hologram","Recycle","Storm"],"picked":"SKIP","floor":22}],"player_experience":1177218,"relics_obtained":[{"floor":6,"key":"Molten Egg 2"},{"floor":8,"key":"Orichalcum"},{"floor":9,"key":"Smiling Mask"},{"floor":10,"key":"Art of War"}],"event_choices":[{"damage_healed":0,"gold_gain":75,"player_choice":"Gather Gold","damage_taken":11,"max_hp_gain":0,"max_hp_loss":0,"event_name":"World of Goop","floor":4,"gold_loss":0},{"damage_healed":0,"gold_gain":0,"player_choice":"Got Potions","damage_taken":0,"max_hp_gain":0,"max_hp_loss":0,"event_name":"Lab","floor":7,"gold_loss":0}],"is_beta":true,"boss_relics":[{"not_picked":["Eternal Feather","Calling Bell"],"picked":"Nuclear Battery"}],"items_purged_floors":[14],"is_endless":false,"potions_floor_spawned":[1,2,8,21,22],"killed_by":"Gremlin Leader","ascension_level":4}