{"gold_per_floor":[212,227,227,152,52,52,70,70,70,70,100,118,132,145,145,219,219,233,233,70,110,110,110,129,129,129,129,129,144,0,0,0,0],"floor_reached":33,"playtime":2157,"items_purged":["Strike_R","Strike_R"],"score":429,"play_id":"112df20f-c76a-407d-8437-612603352a27","local_time":"20190121111258","is_ascension_mode":true,"campfire_choices":[{"data":"Bash","floor":6,"key":"SMITH"},{"data":"Uppercut","floor":10,"key":"SMITH"},{"data":"Flame Barrier","floor":15,"key":"SMITH"},{"floor":23,"key":"REST"},{"data":"HandOfGreed","floor":27,"key":"SMITH"},{"floor":32,"key":"REST"}],"neow_cost":"NONE","seed_source_timestamp":19411604043500,"circlet_count":0,"master_deck":["AscendersBane","Strike_R+1","Strike_R+1","Strike_R+1","Defend_R+1","Defend_R+1","Defend_R+1","Defend_R+1","Bash+1","Feel No Pain","Uppercut+1","Flame Barrier+1","Shrug It Off","Reaper","Shrug It Off","HandOfGreed+1","Metallicize","Spot Weakness","Decay","Writhe","Seeing Red","Decay"],"relics":["Burning Blood","StoneCalendar","Orichalcum","White Beast Statue","Nilry\u0027s Codex","Bottled Lightning","Blood Vial","Bronze Scales"],"potions_floor_usage":[11,18,21,29,29,29,33],"damage_taken":[{"damage":2,"enemies":"2 Louse","floor":1,"turns":2},{"damage":14,"enemies":"Jaw Worm","floor":2,"turns":3},{"damage":8,"enemies":"Cultist","floor":7,"turns":4},{"damage":24,"enemies":"3 Sentries","floor":11,"turns":7},{"damage":5,"enemies":"Blue Slaver","floor":12,"turns":4},{"damage":6,"enemies":"Looter","floor":13,"turns":3},{"damage":5,"enemies":"2 Fungi Beasts","floor":14,"turns":4},{"damage":21,"enemies":"Slime Boss","floor":16,"turns":9},{"damage":3,"enemies":"Chosen","floor":18,"turns":7},{"damage":4,"enemies":"3 Byrds","floor":21,"turns":3},{"damage":24,"enemies":"Shelled Parasite and Fungi","floor":24,"turns":7},{"damage":63,"enemies":"Cultist and Chosen","floor":29,"turns":7},{"damage":77,"enemies":"Collector","floor":33,"turns":5}],"seed_played":"1571345261598694346","potions_obtained":[{"floor":2,"key":"SpeedPotion"},{"floor":11,"key":"LiquidBronze"},{"floor":12,"key":"Block Potion"},{"floor":18,"key":"Energy Potion"},{"floor":21,"key":"EntropicBrew"},{"floor":29,"key":"PowerPotion"}],"is_trial":false,"path_per_floor":["M","M","?","$","$","R","M","$","T","R","E","M","M","M","R","B",null,"M","?","$","M","?","R","M","?","T","R","?","M","$","?","R","B"],"character_chosen":"IRONCLAD","items_purchased":["HandOfGreed","Bronze Scales"],"campfire_rested":2,"item_purchase_floors":[20,30],"current_hp_per_floor":[72,64,64,64,64,64,62,62,62,62,44,45,45,46,46,31,64,67,67,67,69,48,70,57,57,57,57,57,16,16,16,38,0],"gold":0,"neow_bonus":"HUNDRED_GOLD","is_prod":false,"is_daily":false,"chose_seed":false,"campfire_upgraded":4,"win_rate":0,"timestamp":1548087178,"path_taken":["M","M","?","?","$","R","M","$","T","R","E","M","?","M","R","BOSS","M","?","$","M","?","R","M","?","T","R","?","M","$","?","R","BOSS"],"build_version":"2019-01-17v2","purchased_purges":2,"victory":false,"max_hp_per_floor":[75,75,75,75,75,75,75,75,75,75,75,75,75,75,75,75,75,75,75,75,75,75,75,75,75,75,75,75,75,75,75,75,75],"card_choices":[{"not_picked":["Thunderclap","Sword Boomerang","Havoc"],"picked":"SKIP","floor":1},{"not_picked":["Entrench","Sword Boomerang"],"picked":"Feel No Pain","floor":2},{"not_picked":["Metallicize","Shrug It Off"],"picked":"Uppercut","floor":7},{"not_picked":["Heavy Blade","Wild Strike","Sever Soul"],"picked":"SKIP","floor":11},{"not_picked":["Rampage","Seeing Red"],"picked":"Flame Barrier","floor":12},{"not_picked":["Flex","Sword Boomerang","Twin Strike"],"picked":"SKIP","floor":13},{"not_picked":["Wild Strike","Combust"],"picked":"Shrug It Off","floor":14},{"not_picked":["Exhume","Impervious"],"picked":"Reaper","floor":16},{"not_picked":["Warcry","True Grit"],"picked":"Shrug It Off","floor":18},{"not_picked":["Heavy Blade","Flame Barrier"],"picked":"Metallicize","floor":21},{"not_picked":["Shrug It Off","Dropkick"],"picked":"Spot Weakness","floor":24},{"not_picked":["Warcry","Hemokinesis+1"],"picked":"Seeing Red","floor":29}],"player_experience":1815819,"relics_obtained":[{"floor":9,"key":"StoneCalendar"},{"floor":11,"key":"Orichalcum"},{"floor":22,"key":"Nilry\u0027s Codex"},{"floor":26,"key":"Bottled Lightning"}],"event_choices":[{"damage_healed":0,"gold_gain":0,"player_choice":"Ignored","damage_taken":0,"max_hp_gain":0,"max_hp_loss":0,"event_name":"Shining Light","floor":3,"gold_loss":0},{"damage_healed":0,"gold_gain":0,"player_choice":"Simplicity","damage_taken":0,"max_hp_gain":0,"max_hp_loss":0,"event_name":"Back to Basics","floor":19,"gold_loss":0,"cards_upgraded":["Strike_R","Strike_R","Strike_R","Defend_R","Defend_R","Defend_R","Defend_R"]},{"damage_healed":0,"gold_gain":0,"player_choice":"Obtained Book","damage_taken":21,"max_hp_gain":0,"max_hp_loss":0,"event_name":"Cursed Tome","floor":22,"gold_loss":0},{"damage_healed":0,"gold_gain":0,"player_choice":"Smashed Altar","damage_taken":0,"max_hp_gain":0,"max_hp_loss":0,"event_name":"Forgotten Altar","floor":25,"gold_loss":0,"cards_obtained":["Decay"]},{"damage_healed":0,"gold_gain":0,"player_choice":"Opened","damage_taken":0,"relics_obtained":["Blood Vial"],"max_hp_gain":0,"max_hp_loss":0,"event_name":"The Mausoleum","floor":28,"gold_loss":0,"cards_obtained":["Writhe"]},{"damage_healed":0,"gold_gain":0,"player_choice":"Cursed","damage_taken":0,"max_hp_gain":0,"max_hp_loss":0,"event_name":"Wheel of Change","floor":31,"gold_loss":0,"cards_obtained":["Decay"]}],"is_beta":false,"boss_relics":[{"not_picked":["Philosopher\u0027s Stone","Runic Pyramid"],"picked":"White Beast Statue"}],"items_purged_floors":[4,5],"is_endless":false,"potions_floor_spawned":[2,11,12,16,18,21,24,29],"killed_by":"Collector","ascension_level":15}