{"gold_per_floor":[109,109,34,52,52,85,85,110,110,122,134,134,134,153,153,257,257,274,274,290,65,65,65,94,94,94,112,144,144],"floor_reached":29,"playtime":1631,"items_purged":["Strike_B"],"score":298,"play_id":"08750dad-626b-4946-9487-c89292063482","local_time":"20180831023154","is_ascension_mode":true,"campfire_choices":[{"floor":13,"key":"REST"},{"floor":15,"key":"REST"},{"data":"Creative AI","floor":23,"key":"SMITH"},{"floor":25,"key":"REST"}],"neow_cost":"NONE","seed_source_timestamp":8238372034455,"circlet_count":0,"master_deck":["Strike_B+1","Strike_B+1","Strike_B+1","Defend_B+1","Defend_B+1","Defend_B+1","Defend_B+1","Zap","Dualcast","Chill+1","Coolheaded+1","Gash","Leap","Creative AI+1","Auto Shields","Melter"],"relics":["Cracked Core","Bag of Preparation","Shuriken","Whetstone","Symbiotic Virus","Busted Crown","MutagenicStrength","Happy Flower","Art of War","The Courier","Dead Branch"],"potions_floor_usage":[6,16,16],"damage_taken":[{"damage":8,"enemies":"2 Louse","floor":1,"turns":2},{"damage":0,"enemies":"Small Slimes","floor":4,"turns":3},{"damage":11,"enemies":"3 Sentries","floor":6,"turns":10},{"damage":41,"enemies":"Gremlin Nob","floor":8,"turns":5},{"damage":0,"enemies":"Cultist","floor":10,"turns":3},{"damage":0,"enemies":"Exordium Thugs","floor":11,"turns":4},{"damage":0,"enemies":"2 Fungi Beasts","floor":14,"turns":3},{"damage":14,"enemies":"The Guardian","floor":16,"turns":14},{"damage":1,"enemies":"Shell Parasite","floor":18,"turns":4},{"damage":1,"enemies":"Chosen","floor":20,"turns":3},{"damage":35,"enemies":"Book of Stabbing","floor":24,"turns":7},{"damage":17,"enemies":"Centurion and Healer","floor":27,"turns":6},{"damage":17,"enemies":"Gremlin Leader","floor":28,"turns":9},{"damage":33,"enemies":"Snecko","floor":29,"turns":6}],"seed_played":"-512295966101931786","potions_obtained":[{"floor":4,"key":"AttackPotion"},{"floor":8,"key":"Weak Potion"},{"floor":14,"key":"FocusPotion"},{"floor":20,"key":"FearPotion"},{"floor":27,"key":"SteroidPotion"},{"floor":28,"key":"Strength Potion"}],"is_trial":false,"path_per_floor":["M","?","$","M","?","E","?","E","T","M","M","?","R","M","R","B",null,"M","?","M","$","?","R","E","R","T","M","E"],"character_chosen":"DEFECT","items_purchased":["Happy Flower","Melter"],"campfire_rested":3,"item_purchase_floors":[21,21],"current_hp_per_floor":[67,72,72,72,72,61,45,4,4,4,4,4,28,28,52,38,80,79,79,78,78,78,78,43,67,67,50,33,0],"gold":144,"neow_bonus":"RANDOM_COMMON_RELIC","is_prod":false,"is_daily":false,"chose_seed":false,"campfire_upgraded":1,"win_rate":0,"timestamp":1535697114,"path_taken":["M","?","?","M","?","E","?","E","T","M","?","?","R","?","R","BOSS","M","?","?","$","?","R","E","R","T","M","E","M"],"build_version":"2018-08-30","purchased_purges":1,"victory":false,"max_hp_per_floor":[75,80,80,80,80,80,80,80,80,80,80,80,80,80,80,80,80,80,80,80,80,80,80,80,80,80,80,80,80],"card_choices":[{"not_picked":["Redo","Go for the Eyes"],"picked":"Chill","floor":1},{"not_picked":["Chaos","Ball Lightning","Redo"],"picked":"SKIP","floor":4},{"not_picked":["Redo","Cold Snap"],"picked":"Coolheaded","floor":6},{"not_picked":["Sweeping Beam","Genetic Algorithm"],"picked":"Gash","floor":8},{"not_picked":["Heatsinks","Capacitor","Doom and Gloom"],"picked":"SKIP","floor":10},{"not_picked":["Loop","Go for the Eyes"],"picked":"Leap","floor":11},{"not_picked":["Doom and Gloom","Hologram","Fission"],"picked":"SKIP","floor":14},{"not_picked":["Seek","All For One"],"picked":"Creative AI","floor":16},{"not_picked":["Beam Cell+1"],"picked":"SKIP","floor":18},{"not_picked":[],"picked":"Auto Shields","floor":20},{"not_picked":["Coolheaded"],"picked":"SKIP","floor":24},{"not_picked":["Scrape"],"picked":"SKIP","floor":27},{"not_picked":["Beam Cell+1"],"picked":"SKIP","floor":28}],"player_experience":673196,"relics_obtained":[{"floor":6,"key":"Shuriken"},{"floor":8,"key":"Whetstone"},{"floor":9,"key":"Symbiotic Virus"},{"floor":24,"key":"Art of War"},{"floor":26,"key":"The Courier"},{"floor":28,"key":"Dead Branch"}],"event_choices":[{"event_name":"Big Fish","player_choice":"Donut","floor":2,"damage_taken":0},{"event_name":"Living Wall","player_choice":"Grow","floor":5,"damage_taken":0},{"event_name":"Shining Light","player_choice":"Entered Light","floor":7,"damage_taken":0},{"event_name":"Scrap Ooze","player_choice":"unsuccessful","floor":12,"damage_taken":0},{"event_name":"Drug Dealer","player_choice":"Inject Mutagens","floor":19,"damage_taken":0},{"event_name":"Back to Basics","player_choice":"Simplicity","floor":22,"damage_taken":0}],"is_beta":false,"boss_relics":[{"not_picked":["Velvet Choker","Coffee Dripper"],"picked":"Busted Crown"}],"items_purged_floors":[3],"is_endless":false,"potions_floor_spawned":[4,8,14,20,27,28],"killed_by":"Snecko","ascension_level":2}