{"gold_per_floor":[118,131,131,131,131,131,156,172,172,192,192,192,216,251,251,327,327,287,11,11,11,11,11,11,11,11,11,11,11,11,11,11,11],"floor_reached":33,"playtime":1682,"items_purged":[],"score":633,"play_id":"30696dd4-8d7b-4eaa-832c-c2d33b37a890","local_time":"20190504215938","is_ascension_mode":true,"campfire_choices":[{"data":"Iron Wave","floor":6,"key":"SMITH"},{"data":"Immolate","floor":11,"key":"SMITH"},{"data":"Metallicize","floor":15,"key":"SMITH"},{"data":"Clothesline","floor":23,"key":"SMITH"},{"data":"Flex","floor":28,"key":"SMITH"},{"floor":32,"key":"REST"}],"neow_cost":"NONE","seed_source_timestamp":1150144972912961,"circlet_count":0,"master_deck":["AscendersBane","Strike_R","Strike_R","Strike_R","Strike_R+1","Defend_R","Defend_R","Defend_R","Defend_R+1","Bash+1","Iron Wave+1","Sword Boomerang","Immolate+1","Metallicize+1","Iron Wave","Pummel","Feed","Cleave","Shrug It Off","Clothesline+1","Flex+1","Decay","Double Tap","Spot Weakness"],"relics":["Burning Blood","NeowsBlessing","Gremlin Horn","Kunai","Pen Nib","Strawberry","Ectoplasm","ClockworkSouvenir","Matryoshka","Regal Pillow","Boot"],"potions_floor_usage":[16,16,27,30,31],"damage_taken":[{"damage":0,"enemies":"2 Louse","floor":1,"turns":1},{"damage":0,"enemies":"Small Slimes","floor":2,"turns":1},{"damage":0,"enemies":"3 Sentries","floor":7,"turns":1},{"damage":0,"enemies":"Cultist","floor":8,"turns":3},{"damage":10,"enemies":"Blue Slaver","floor":10,"turns":3},{"damage":16,"enemies":"Gremlin Nob","floor":14,"turns":4},{"damage":24,"enemies":"Hexaghost","floor":16,"turns":11},{"damage":10,"enemies":"2 Thieves","floor":18,"turns":2},{"damage":25,"enemies":"Chosen","floor":20,"turns":5},{"damage":27,"enemies":"Snecko","floor":21,"turns":7},{"damage":0,"enemies":"Sentry and Sphere","floor":24,"turns":1},{"damage":15,"enemies":"Centurion and Healer","floor":25,"turns":6},{"damage":10,"enemies":"Slavers","floor":27,"turns":3},{"damage":54,"enemies":"Book of Stabbing","floor":30,"turns":6},{"damage":7,"enemies":"Shelled Parasite and Fungi","floor":31,"turns":5},{"damage":63,"enemies":"Collector","floor":33,"turns":7}],"seed_played":"5476552735645893817","potions_obtained":[{"floor":2,"key":"SkillPotion"},{"floor":10,"key":"Poison Potion"},{"floor":20,"key":"SteroidPotion"},{"floor":21,"key":"SteroidPotion"},{"floor":30,"key":"Block Potion"}],"is_trial":false,"path_per_floor":["M","M","?","?","?","R","E","M","T","M","R","?","T","E","R","B",null,"M","$","M","M","?","R","M","M","T","E","R","?","E","M","R","B"],"character_chosen":"IRONCLAD","items_purchased":["Shrug It Off","ClockworkSouvenir"],"campfire_rested":1,"item_purchase_floors":[19,19],"current_hp_per_floor":[74,75,68,45,45,45,51,57,57,53,53,58,58,55,55,37,75,74,74,55,37,56,56,65,59,59,58,58,58,13,15,62,0],"gold":11,"neow_bonus":"THREE_ENEMY_KILL","is_prod":false,"is_daily":false,"chose_seed":false,"campfire_upgraded":5,"win_rate":0,"timestamp":1556999978,"path_taken":["M","M","?","?","?","R","E","M","T","M","R","?","?","E","R","BOSS","M","$","M","M","?","R","M","M","T","E","R","?","E","M","R","BOSS"],"build_version":"2019-04-23","purchased_purges":0,"victory":false,"max_hp_per_floor":[75,75,75,75,75,75,75,75,75,75,75,80,80,87,87,87,87,90,90,90,93,93,93,96,99,99,102,102,102,105,108,108,108],"card_choices":[{"not_picked":["Anger","Intimidate"],"picked":"Iron Wave","floor":1},{"not_picked":["Havoc","Body Slam"],"picked":"Sword Boomerang","floor":2},{"not_picked":["Clash","Rupture"],"picked":"Immolate","floor":7},{"not_picked":["Pommel Strike","Anger"],"picked":"Metallicize","floor":8},{"not_picked":["Reckless Charge","Evolve"],"picked":"Iron Wave","floor":10},{"not_picked":["Clash","Infernal Blade"],"picked":"Pummel","floor":14},{"not_picked":["Reaper","Bludgeon"],"picked":"Feed","floor":16},{"not_picked":["Bloodletting","Sever Soul+1"],"picked":"Cleave","floor":18},{"not_picked":["Dual Wield","Rupture","Twin Strike+1"],"picked":"SKIP","floor":20},{"not_picked":["Searing Blow+1","Clash"],"picked":"Clothesline","floor":21},{"not_picked":["Flex","Clothesline","Sever Soul"],"picked":"SKIP","floor":24},{"not_picked":["Wild Strike","Havoc"],"picked":"Flex","floor":25},{"not_picked":["Fire Breathing","Warcry","Sentinel"],"picked":"SKIP","floor":27},{"not_picked":["Sever Soul","Exhume"],"picked":"Double Tap","floor":30},{"not_picked":["Infernal Blade","Wild Strike"],"picked":"Spot Weakness","floor":31}],"player_experience":1504508,"relics_obtained":[{"floor":7,"key":"Gremlin Horn"},{"floor":9,"key":"Kunai"},{"floor":13,"key":"Pen Nib"},{"floor":14,"key":"Strawberry"},{"floor":26,"key":"Matryoshka"},{"floor":27,"key":"Regal Pillow"},{"floor":30,"key":"Boot"}],"event_choices":[{"cards_removed":["Strike_R"],"damage_healed":0,"gold_gain":0,"player_choice":"Card Removal","damage_taken":7,"max_hp_gain":0,"max_hp_loss":0,"event_name":"Golden Wing","floor":3,"gold_loss":0},{"damage_healed":0,"gold_gain":0,"player_choice":"Entered Light","damage_taken":23,"max_hp_gain":0,"max_hp_loss":0,"event_name":"Shining Light","floor":4,"gold_loss":0,"cards_upgraded":["Strike_R","Defend_R"]},{"damage_healed":0,"gold_gain":0,"player_choice":"Grow","damage_taken":0,"max_hp_gain":0,"max_hp_loss":0,"event_name":"Living Wall","floor":5,"gold_loss":0,"cards_upgraded":["Bash"]},{"damage_healed":0,"gold_gain":0,"player_choice":"Donut","damage_taken":0,"max_hp_gain":5,"max_hp_loss":0,"event_name":"Big Fish","floor":12,"gold_loss":0},{"damage_healed":19,"gold_gain":0,"player_choice":"Heal","damage_taken":0,"max_hp_gain":0,"max_hp_loss":0,"event_name":"The Library","floor":22,"gold_loss":0},{"damage_healed":0,"gold_gain":0,"player_choice":"Smashed Altar","damage_taken":0,"max_hp_gain":0,"max_hp_loss":0,"event_name":"Forgotten Altar","floor":29,"gold_loss":0,"cards_obtained":["Decay"]}],"is_beta":true,"boss_relics":[{"not_picked":["Runic Cube","Lizard Tail"],"picked":"Ectoplasm"}],"items_purged_floors":[],"is_endless":false,"potions_floor_spawned":[2,10,20,21,25,30],"killed_by":"Collector","ascension_level":18}