{"gold_per_floor":[365,73,85,99,118,153,170,170,193,211,211,226,226,226],"floor_reached":14,"playtime":507,"items_purged":[],"score":165,"play_id":"92a96515-c508-4998-83f2-6994b15ffc02","local_time":"20190501120810","is_ascension_mode":true,"campfire_choices":[{"data":"Rampage","floor":8,"key":"SMITH"},{"data":"Offering","floor":11,"key":"SMITH"}],"neow_cost":"TEN_PERCENT_HP_LOSS","seed_source_timestamp":856632159277797,"circlet_count":0,"master_deck":["AscendersBane","Strike_R","Strike_R","Strike_R","Strike_R","Defend_R","Defend_R","Defend_R","Defend_R","Bash","Iron Wave","Rampage+1","True Grit","Shrug It Off","Barricade","Offering+1","Shrug It Off","True Grit"],"relics":["Burning Blood","OrangePellets","Shuriken","Oddly Smooth Stone"],"potions_floor_usage":[6,10,14],"damage_taken":[{"damage":16,"enemies":"Jaw Worm","floor":1,"turns":4},{"damage":7,"enemies":"2 Louse","floor":3,"turns":3},{"damage":10,"enemies":"Small Slimes","floor":4,"turns":4},{"damage":1,"enemies":"2 Fungi Beasts","floor":5,"turns":6},{"damage":32,"enemies":"Gremlin Nob","floor":6,"turns":6},{"damage":0,"enemies":"3 Louse","floor":7,"turns":4},{"damage":10,"enemies":"Lots of Slimes","floor":10,"turns":3},{"damage":7,"enemies":"Blue Slaver","floor":12,"turns":5},{"damage":27,"enemies":"Gremlin Gang","floor":14,"turns":4}],"seed_played":"795435456005583686","potions_obtained":[{"floor":3,"key":"Ancient Potion"},{"floor":4,"key":"PowerPotion"},{"floor":10,"key":"GamblersBrew"}],"is_trial":false,"path_per_floor":["M","$","M","M","M","E","M","R","T","M","R","M","?","M"],"character_chosen":"IRONCLAD","items_purchased":["Rampage","True Grit","OrangePellets"],"campfire_rested":0,"item_purchase_floors":[2,2,2],"current_hp_per_floor":[58,58,57,53,58,32,38,38,38,34,34,33,26,0],"gold":226,"neow_bonus":"TWO_FIFTY_GOLD","is_prod":false,"is_daily":false,"chose_seed":false,"campfire_upgraded":2,"win_rate":0,"timestamp":1556705290,"path_taken":["M","$","M","M","M","E","M","R","T","M","R","M","?","M"],"build_version":"2019-04-23","purchased_purges":0,"victory":false,"max_hp_per_floor":[68,68,68,68,68,68,68,68,68,68,68,68,68,68],"card_choices":[{"not_picked":["Clothesline","Whirlwind"],"picked":"Iron Wave","floor":1},{"not_picked":["Bloodletting","Flex"],"picked":"Shrug It Off","floor":3},{"not_picked":["Dual Wield","Thunderclap"],"picked":"Barricade","floor":4},{"not_picked":["Power Through","Rage","Sentinel"],"picked":"SKIP","floor":5},{"not_picked":["Pommel Strike","True Grit"],"picked":"Offering","floor":6},{"not_picked":["Combust","Wild Strike","Clash"],"picked":"SKIP","floor":7},{"not_picked":["Heavy Blade","Sword Boomerang"],"picked":"Shrug It Off","floor":10},{"not_picked":["Second Wind","Dropkick"],"picked":"True Grit","floor":12}],"player_experience":1386077,"relics_obtained":[{"floor":6,"key":"Shuriken"},{"floor":9,"key":"Oddly Smooth Stone"}],"event_choices":[{"cards_removed":["Strike_R"],"damage_healed":0,"gold_gain":0,"player_choice":"Card Removal","damage_taken":7,"max_hp_gain":0,"max_hp_loss":0,"event_name":"Golden Wing","floor":13,"gold_loss":0}],"is_beta":true,"boss_relics":[],"items_purged_floors":[],"is_endless":false,"potions_floor_spawned":[3,4,10],"killed_by":"Gremlin Gang","ascension_level":15}