{"gold_per_floor":[113,132,13,13,13,13,45,64,91,4,4,22,41,56,56,56],"floor_reached":16,"playtime":2558,"items_purged":["Strike_G"],"score":254,"play_id":"618fc6e8-f4c4-4cf2-ae72-450aebccec45","local_time":"20190519202404","is_ascension_mode":true,"campfire_choices":[{"data":"Dash","floor":6,"key":"SMITH"},{"data":"Footwork","floor":11,"key":"SMITH"},{"data":"Cloak And Dagger","floor":15,"key":"SMITH"}],"neow_cost":"NONE","seed_source_timestamp":2439534780623401,"circlet_count":0,"master_deck":["AscendersBane","Defend_G","Defend_G","Defend_G","Defend_G","Defend_G","Strike_G","Strike_G","Strike_G","Strike_G","Survivor","Neutralize","Sucker Punch","Dash+1","Well Laid Plans","Footwork+1","Footwork","Cloak And Dagger+1"],"relics":["Ring of the Snake","NeowsBlessing","Smiling Mask"],"potions_floor_usage":[],"damage_taken":[{"damage":0,"enemies":"Cultist","floor":1,"turns":1},{"damage":0,"enemies":"Jaw Worm","floor":2,"turns":1},{"damage":0,"enemies":"Gremlin Nob","floor":7,"turns":1},{"damage":0,"enemies":"Small Slimes","floor":8,"turns":4},{"damage":16,"enemies":"Exordium Thugs","floor":12,"turns":7},{"damage":5,"enemies":"2 Fungi Beasts","floor":13,"turns":4},{"damage":0,"enemies":"3 Louse","floor":14,"turns":6},{"damage":40,"enemies":"Hexaghost","floor":16,"turns":16}],"seed_played":"-3740812066741531110","potions_obtained":[{"floor":4,"key":"Swift Potion"},{"floor":4,"key":"GamblersBrew"},{"floor":7,"key":"Fire Potion"}],"is_trial":false,"path_per_floor":["M","M","$","?","$","R","E","M","T","$","R","M","M","M","R","B"],"character_chosen":"THE_SILENT","items_purchased":["Well Laid Plans","Footwork"],"campfire_rested":0,"item_purchase_floors":[3,10],"current_hp_per_floor":[59,59,59,59,59,59,59,59,59,59,59,43,38,38,38,0],"gold":56,"neow_bonus":"THREE_ENEMY_KILL","is_prod":false,"is_daily":false,"chose_seed":false,"campfire_upgraded":3,"win_rate":0,"timestamp":1558290244,"path_taken":["M","?","$","?","$","R","E","?","T","?","R","M","M","M","R","BOSS"],"build_version":"2019-05-07","purchased_purges":1,"victory":false,"max_hp_per_floor":[66,66,66,66,66,66,66,66,66,66,66,66,66,66,66,66],"card_choices":[{"not_picked":["Slice","Acrobatics"],"picked":"Sucker Punch","floor":1},{"not_picked":["Underhanded Strike","Dagger Spray"],"picked":"Dash","floor":2},{"not_picked":["Eviscerate","Blade Dance"],"picked":"Footwork","floor":7},{"not_picked":["Flying Knee","Tactician","Finisher"],"picked":"SKIP","floor":8},{"not_picked":["Backflip","Outmaneuver"],"picked":"Cloak And Dagger","floor":12},{"not_picked":["After Image","Outmaneuver","Dagger Throw"],"picked":"SKIP","floor":13},{"not_picked":["Poisoned Stab","Flying Knee","Dodge and Roll"],"picked":"SKIP","floor":14}],"player_experience":2048409,"relics_obtained":[{"floor":9,"key":"Smiling Mask"}],"event_choices":[{"damage_healed":0,"gold_gain":0,"player_choice":"Got Potions","damage_taken":0,"max_hp_gain":0,"max_hp_loss":0,"event_name":"Lab","floor":4,"gold_loss":0}],"is_beta":true,"boss_relics":[],"items_purged_floors":[3],"is_endless":false,"potions_floor_spawned":[7,8,12,13],"killed_by":"Hexaghost","ascension_level":20}