{"gold_per_floor":[115,129,146,146,1,28,40,70,161,207,219],"floor_reached":11,"playtime":580,"items_purged":["Regret"],"score":83,"play_id":"71d93ca0-c0b9-4197-962f-a1e606022313","local_time":"20180724120750","is_ascension_mode":false,"campfire_choices":[{"floor":7,"key":"REST"}],"neow_cost":"NONE","seed_source_timestamp":129894767148259,"circlet_count":0,"master_deck":["Strike_B","Strike_B","Strike_B","Defend_B","Defend_B","Defend_B","Defend_B","Zap","Dualcast","Leap","Double Energy","Barrage","Loop","Genetic Algorithm","Darkness","Electrodynamics"],"relics":["Cracked Core","Dead Branch","MawBank","Pantograph","Happy Flower"],"potions_floor_usage":[8,11],"damage_taken":[{"damage":5,"enemies":"Jaw Worm","floor":1,"turns":5},{"damage":5,"enemies":"Small Slimes","floor":2,"turns":4},{"damage":0,"enemies":"Cultist","floor":3,"turns":3},{"damage":32,"enemies":"3 Sentries","floor":6,"turns":6},{"damage":15,"enemies":"Lots of Slimes","floor":8,"turns":4},{"damage":29,"enemies":"Gremlin Nob","floor":10,"turns":5},{"damage":16,"enemies":"Exordium Thugs","floor":11,"turns":3}],"seed_played":"5933822022844917225","potions_obtained":[{"floor":2,"key":"EssenceOfSteel"},{"floor":3,"key":"Energy Potion"}],"is_trial":false,"path_per_floor":["M","M","M","?","$","E","R","M","T","E"],"character_chosen":"DEFECT","items_purchased":["Loop"],"campfire_rested":1,"item_purchase_floors":[5],"current_hp_per_floor":[70,65,65,65,65,33,55,40,40,11,0],"gold":219,"neow_bonus":"REMOVE_CARD","is_prod":false,"is_daily":false,"chose_seed":false,"campfire_upgraded":0,"win_rate":0,"timestamp":1532448470,"path_taken":["M","M","M","?","$","E","R","?","T","E","M"],"build_version":"2018-07-19v2","purchased_purges":1,"victory":false,"max_hp_per_floor":[75,75,75,75,75,75,75,75,75,75,75],"card_choices":[{"not_picked":["Hologram","BootSequence"],"picked":"Leap","floor":1},{"not_picked":["Beam Cell","Consume"],"picked":"Double Energy","floor":2},{"not_picked":["Cold Snap","Coolheaded"],"picked":"Barrage","floor":3},{"not_picked":["Reprogram","Barrage"],"picked":"Genetic Algorithm","floor":6},{"not_picked":["Cold Snap","Barrage"],"picked":"Darkness","floor":8},{"not_picked":["Compile Driver","Genetic Algorithm"],"picked":"Electrodynamics","floor":10}],"player_experience":469313,"relics_obtained":[{"floor":6,"key":"MawBank"},{"floor":9,"key":"Pantograph"},{"floor":10,"key":"Happy Flower"}],"event_choices":[{"event_name":"Big Fish","player_choice":"Box","floor":4,"damage_taken":0}],"is_beta":false,"boss_relics":[],"items_purged_floors":[5],"is_endless":false,"potions_floor_spawned":[2,3],"killed_by":"Exordium Thugs","ascension_level":0}