{"gold_per_floor":[119,129,139,151,169,199,199,214,288,288,315,4,34,47,47,47],"floor_reached":16,"playtime":814,"items_purged":[],"score":194,"play_id":"9cdbf540-0083-4184-90c3-63009ec5e028","local_time":"20190120161701","is_ascension_mode":true,"campfire_choices":[{"floor":7,"key":"REST"},{"floor":10,"key":"REST"},{"data":"Armaments","floor":15,"key":"SMITH"}],"neow_cost":"PERCENT_DAMAGE","seed_source_timestamp":64763233359500,"circlet_count":0,"master_deck":["AscendersBane","Strike_R","Strike_R+1","Strike_R","Defend_R","Defend_R","Defend_R","Defend_R","Bash+1","Pummel","Pummel","Armaments+1","Spot Weakness","Intimidate","Shockwave","Cleave","Shrug It Off","Limit Break","Pummel","Warcry"],"relics":["Burning Blood","Ice Cream","Darkstone Periapt","Whetstone","Gremlin Horn"],"potions_floor_usage":[11,16],"damage_taken":[{"damage":1,"enemies":"Cultist","floor":1,"turns":3},{"damage":13,"enemies":"Jaw Worm","floor":2,"turns":4},{"damage":6,"enemies":"2 Louse","floor":3,"turns":3},{"damage":11,"enemies":"Lots of Slimes","floor":4,"turns":6},{"damage":23,"enemies":"Exordium Thugs","floor":5,"turns":4},{"damage":23,"enemies":"Gremlin Nob","floor":6,"turns":4},{"damage":3,"enemies":"Looter","floor":8,"turns":3},{"damage":12,"enemies":"Lagavulin","floor":11,"turns":9},{"damage":22,"enemies":"Exordium Wildlife","floor":14,"turns":4},{"damage":35,"enemies":"The Guardian","floor":16,"turns":10}],"seed_played":"-733379643588788027","potions_obtained":[{"floor":1,"key":"GamblersBrew"},{"floor":5,"key":"EssenceOfSteel"}],"is_trial":false,"path_per_floor":["M","M","M","M","M","E","R","M","T","R","E","$","?","M","R","B"],"character_chosen":"IRONCLAD","items_purchased":["Gremlin Horn","Pummel"],"campfire_rested":2,"item_purchase_floors":[12,12],"current_hp_per_floor":[55,48,48,43,26,9,31,34,34,56,50,50,50,34,34,0],"gold":47,"neow_bonus":"TRANSFORM_TWO_CARDS","is_prod":false,"is_daily":false,"chose_seed":false,"campfire_upgraded":1,"win_rate":0,"timestamp":1548019021,"path_taken":["M","?","M","M","M","E","R","M","T","R","E","$","?","M","R","BOSS"],"build_version":"2019-01-17v2","purchased_purges":0,"victory":false,"max_hp_per_floor":[75,75,75,75,75,75,75,75,75,75,75,75,75,75,75,75],"card_choices":[{"not_picked":["Carnage","Flame Barrier"],"picked":"Armaments","floor":1},{"not_picked":["Flex","Twin Strike"],"picked":"Spot Weakness","floor":2},{"not_picked":["Corruption","Armaments"],"picked":"Intimidate","floor":3},{"not_picked":["Reckless Charge","Carnage"],"picked":"Shockwave","floor":4},{"not_picked":["Entrench","Perfected Strike"],"picked":"Cleave","floor":5},{"not_picked":["Havoc","Clash"],"picked":"Shrug It Off","floor":6},{"not_picked":["Warcry","Evolve"],"picked":"Limit Break","floor":8},{"not_picked":["Iron Wave","Wild Strike","Searing Blow"],"picked":"SKIP","floor":11},{"not_picked":["Whirlwind","Clash"],"picked":"Warcry","floor":14}],"player_experience":1809142,"relics_obtained":[{"floor":6,"key":"Ice Cream"},{"floor":9,"key":"Darkstone Periapt"},{"floor":11,"key":"Whetstone"}],"event_choices":[{"damage_healed":0,"gold_gain":30,"player_choice":"Searched \u00272\u0027 times","damage_taken":0,"max_hp_gain":0,"max_hp_loss":0,"event_name":"Dead Adventurer","floor":13,"gold_loss":0}],"is_beta":false,"boss_relics":[],"items_purged_floors":[],"is_endless":false,"potions_floor_spawned":[1,5,6],"killed_by":"The Guardian","ascension_level":14}