{"gold_per_floor":[116,116,128,24,43,72,72,88,139,139,167,167,183,197,197,197],"floor_reached":16,"playtime":2872,"items_purged":["Strike_R"],"score":218,"play_id":"6668a67a-9208-4524-ab66-93f8ef33d8fe","local_time":"20190509150042","is_ascension_mode":true,"campfire_choices":[{"data":"Perfected Strike","floor":7,"key":"SMITH"},{"data":"Iron Wave","floor":10,"key":"SMITH"},{"data":"Headbutt","floor":15,"key":"SMITH"}],"neow_cost":"NONE","seed_source_timestamp":1555818044194168,"circlet_count":0,"master_deck":["AscendersBane","Strike_R","Strike_R","Strike_R","Strike_R","Defend_R+1","Defend_R","Defend_R+1","Defend_R","Bash+1","Metallicize","Headbutt+1","Perfected Strike+1","Iron Wave+1","Metallicize","Iron Wave","Flame Barrier","Metallicize"],"relics":["Burning Blood","NeowsBlessing","Mercury Hourglass","Juzu Bracelet","War Paint"],"potions_floor_usage":[11,13,16],"damage_taken":[{"damage":0,"enemies":"2 Louse","floor":1,"turns":1},{"damage":0,"enemies":"Cultist","floor":3,"turns":1},{"damage":0,"enemies":"Small Slimes","floor":5,"turns":1},{"damage":51,"enemies":"Lagavulin","floor":6,"turns":6},{"damage":8,"enemies":"Looter","floor":8,"turns":2},{"damage":18,"enemies":"Gremlin Nob","floor":11,"turns":4},{"damage":0,"enemies":"3 Louse","floor":13,"turns":1},{"damage":5,"enemies":"Blue Slaver","floor":14,"turns":4},{"damage":23,"enemies":"Hexaghost","floor":16,"turns":14}],"seed_played":"-2808373426819401176","potions_obtained":[{"floor":1,"key":"Explosive Potion"},{"floor":5,"key":"Energy Potion"},{"floor":11,"key":"SpeedPotion"}],"is_trial":false,"path_per_floor":["M","?","M","$","M","E","R","M","T","R","E","?","M","M","R","B"],"character_chosen":"IRONCLAD","items_purchased":["Headbutt"],"campfire_rested":0,"item_purchase_floors":[4],"current_hp_per_floor":[74,74,75,75,75,30,30,28,28,28,16,16,22,23,23,0],"gold":197,"neow_bonus":"THREE_ENEMY_KILL","is_prod":false,"is_daily":false,"chose_seed":false,"campfire_upgraded":3,"win_rate":0,"timestamp":1557406842,"path_taken":["M","?","?","$","M","E","R","M","T","R","E","?","M","M","R","BOSS"],"build_version":"2019-05-07","purchased_purges":1,"victory":false,"max_hp_per_floor":[75,75,75,75,75,75,75,75,75,75,75,75,75,75,75,75],"card_choices":[{"not_picked":["Hemokinesis","Twin Strike"],"picked":"Metallicize","floor":1},{"not_picked":["Clash","Warcry","Flex"],"picked":"SKIP","floor":3},{"not_picked":["Sever Soul","Body Slam"],"picked":"Perfected Strike","floor":5},{"not_picked":["Cleave","Anger"],"picked":"Iron Wave","floor":6},{"not_picked":["Clothesline","Armaments"],"picked":"Metallicize","floor":8},{"not_picked":["Corruption","Fire Breathing"],"picked":"Iron Wave","floor":11},{"not_picked":["Rage","Heavy Blade"],"picked":"Flame Barrier","floor":13},{"not_picked":["Blood for Blood","Thunderclap"],"picked":"Metallicize","floor":14}],"player_experience":1670135,"relics_obtained":[{"floor":6,"key":"Mercury Hourglass"},{"floor":9,"key":"Juzu Bracelet"},{"floor":11,"key":"War Paint"}],"event_choices":[{"damage_healed":0,"gold_gain":0,"player_choice":"Upgraded","damage_taken":0,"max_hp_gain":0,"max_hp_loss":0,"event_name":"Upgrade Shrine","floor":2,"gold_loss":0,"cards_upgraded":["Bash"]},{"damage_healed":0,"gold_gain":0,"player_choice":"Ignored","damage_taken":0,"max_hp_gain":0,"max_hp_loss":0,"event_name":"Liars Game","floor":12,"gold_loss":0}],"is_beta":true,"boss_relics":[],"items_purged_floors":[4],"is_endless":false,"potions_floor_spawned":[1,5,11],"killed_by":"Hexaghost","ascension_level":19}