{"gold_per_floor":[365,382,400,120,140,160,160,173,173,173],"floor_reached":10,"playtime":2360,"items_purged":[],"score":62,"play_id":"5373364b-063e-4e82-a060-44006088c050","local_time":"20180627222839","is_ascension_mode":false,"campfire_choices":[{"floor":7,"key":"REST"}],"neow_cost":"CURSE","seed_source_timestamp":130647288705627,"circlet_count":0,"master_deck":["Strike_R","Strike_R","Strike_R","Strike_R","Strike_R","Defend_R","Defend_R","Defend_R","Defend_R","Bash","Doubt","Shrug It Off","Thunderclap","Exhume","Armaments","Blood for Blood","Sword Boomerang","Rupture"],"relics":["Burning Blood","Darkstone Periapt","Pantograph"],"potions_floor_usage":[10],"damage_taken":[{"damage":13,"enemies":"Jaw Worm","floor":1,"turns":5},{"damage":10,"enemies":"2 Louse","floor":2,"turns":4},{"damage":14,"enemies":"Small Slimes","floor":3,"turns":6},{"damage":15,"enemies":"3 Louse","floor":5,"turns":4},{"damage":38,"enemies":"Gremlin Gang","floor":6,"turns":7},{"damage":9,"enemies":"2 Fungi Beasts","floor":8,"turns":5},{"damage":52,"enemies":"Lagavulin","floor":10,"turns":9}],"seed_played":"4604047363987087733","potions_obtained":[{"floor":1,"key":"SmokeBomb"},{"floor":3,"key":"EssenceOfSteel"}],"is_trial":false,"path_per_floor":["M","M","M","$","M","M","R","M","T"],"character_chosen":"IRONCLAD","items_purchased":["Darkstone Periapt","Armaments"],"campfire_rested":1,"item_purchase_floors":[4,4],"current_hp_per_floor":[73,69,61,61,52,20,44,41,41,0],"gold":173,"neow_bonus":"TWO_FIFTY_GOLD","is_prod":false,"is_daily":false,"chose_seed":false,"campfire_upgraded":0,"win_rate":0.0,"timestamp":1530152919,"path_taken":["M","M","M","$","M","M","R","M","T","E"],"build_version":"2018-06-21v2","purchased_purges":0,"victory":false,"max_hp_per_floor":[80,80,80,80,80,80,80,80,80,80],"card_choices":[{"not_picked":["Ghostly Armor","Heavy Blade"],"picked":"Shrug It Off","floor":1},{"not_picked":["Havoc","Wild Strike"],"picked":"Thunderclap","floor":2},{"not_picked":["Entrench","Pommel Strike"],"picked":"Exhume","floor":3},{"not_picked":["Twin Strike","Perfected Strike"],"picked":"Blood for Blood","floor":5},{"not_picked":["Heavy Blade","Body Slam"],"picked":"Sword Boomerang","floor":6},{"not_picked":["Bloodletting","Shockwave"],"picked":"Rupture","floor":8}],"player_experience":80550,"relics_obtained":[{"floor":9,"key":"Pantograph"}],"event_choices":[],"boss_relics":[],"items_purged_floors":[],"is_endless":false,"potions_floor_spawned":[1,3],"killed_by":"Lagavulin","ascension_level":0}