{"gold_per_floor":[12,87,37,57,73,98,11,23,23,23,23,8],"floor_reached":12,"playtime":384,"items_purged":[],"score":98,"play_id":"55828962-f809-49cb-9ca7-4c60740958ed","local_time":"20180929160746","is_ascension_mode":true,"campfire_choices":[],"neow_cost":"NO_GOLD","seed_source_timestamp":197130479002602,"circlet_count":0,"master_deck":["Strike_R","Strike_R","Strike_R","Strike_R","Defend_R","Defend_R","Defend_R","Defend_R","Bash","Inflame","Armaments","Shrug It Off","Pummel+1","Power Through","Flex","Inflame","Feed+1","Shockwave"],"relics":["Burning Blood","Mango","Molten Egg 2","Question Card","CultistMask"],"potions_floor_usage":[],"damage_taken":[{"damage":12,"enemies":"Small Slimes","floor":1,"turns":5},{"damage":14,"enemies":"Jaw Worm","floor":4,"turns":5},{"damage":6,"enemies":"2 Louse","floor":5,"turns":4},{"damage":64,"enemies":"Lagavulin","floor":6,"turns":12},{"damage":8,"enemies":"Blue Slaver","floor":8,"turns":4},{"damage":11,"enemies":"Looter","floor":12,"turns":1}],"seed_played":"3016787593527608167","potions_obtained":[{"floor":5,"key":"Swift Potion"}],"is_trial":false,"path_per_floor":["M","?","?","M","M","E","$","M","T","?","?"],"character_chosen":"IRONCLAD","items_purchased":["Power Through","Flex"],"campfire_rested":0,"item_purchase_floors":[7,7],"current_hp_per_floor":[88,77,77,69,69,11,11,9,9,9,9,0],"gold":8,"neow_bonus":"ONE_RARE_RELIC","is_prod":false,"is_daily":false,"chose_seed":false,"campfire_upgraded":0,"win_rate":0,"timestamp":1538251666,"path_taken":["M","?","?","M","M","E","$","M","T","?","?","M"],"build_version":"2018-09-27","purchased_purges":0,"victory":false,"max_hp_per_floor":[94,94,94,94,94,94,94,94,94,94,94,94],"card_choices":[{"not_picked":["Armaments","Corruption"],"picked":"Inflame","floor":1},{"not_picked":["Clothesline","Intimidate"],"picked":"Armaments","floor":4},{"not_picked":["Battle Trance","Thunderclap"],"picked":"Shrug It Off","floor":5},{"not_picked":["True Grit","Iron Wave"],"picked":"Pummel","floor":6},{"not_picked":["Flex","Clothesline+1"],"picked":"Inflame","floor":8}],"player_experience":1077333,"relics_obtained":[{"floor":6,"key":"Molten Egg 2"},{"floor":9,"key":"Question Card"}],"event_choices":[{"event_name":"World of Goop","player_choice":"Gather Gold","floor":2,"damage_taken":0},{"event_name":"The Cleric","player_choice":"Card Removal","floor":3,"damage_taken":0},{"event_name":"Match and Keep!","player_choice":"2 cards matched","floor":10,"damage_taken":0},{"event_name":"FaceTrader","player_choice":"Trade","floor":11,"damage_taken":0}],"is_beta":false,"boss_relics":[],"items_purged_floors":[],"is_endless":false,"potions_floor_spawned":[5],"killed_by":"Looter","ascension_level":5}