{"gold_per_floor":[119,269,64,84,84,84,101,121,121,121,131,165,165,182,182,257,257,267,167,167,167,179,179,195,70,126,137,152,181,181,207,207,284,284,297,297,310,102,121,121,121],"floor_reached":41,"playtime":9195,"items_purged":["Doubt","Strike_R","Strike_R","Strike_R"],"score":891,"play_id":"5fe59acd-d5f2-4ab5-b074-be1c7ba10861","local_time":"20190518094655","is_ascension_mode":true,"campfire_choices":[{"data":"Uppercut","floor":6.0,"key":"SMITH"},{"floor":10.0,"key":"REST"},{"data":"Bash","floor":13.0,"key":"SMITH"},{"floor":15.0,"key":"DIG"},{"floor":23.0,"key":"REST"},{"floor":30.0,"key":"REST"},{"floor":32.0,"key":"REST"},{"floor":40,"key":"REST"}],"neow_cost":"PERCENT_DAMAGE","seed_source_timestamp":0,"circlet_count":0,"master_deck":["AscendersBane","Strike_R","Strike_R","Defend_R","Defend_R","Defend_R","Defend_R","Bash+1","Shrug It Off","Uppercut+1","Dropkick+1","Spot Weakness","Thunderclap","Anger","Cleave","Feed+1","Seeing Red","Fiend Fire","Inflame+1","Disarm","Impervious","Barricade","Writhe","Intimidate","Armaments","Inflame"],"special_seed":0,"relics":["Burning Blood","Dead Branch","Ice Cream","Shovel","Vajra","Sundial","Runic Pyramid","Tiny Chest","Whetstone","Red Skull","Fusion Hammer"],"potions_floor_usage":[],"damage_taken":[{"damage":14.0,"enemies":"Small Slimes","floor":1.0,"turns":4.0},{"damage":8.0,"enemies":"2 Louse","floor":4.0,"turns":3.0},{"damage":9.0,"enemies":"Jaw Worm","floor":7.0,"turns":3.0},{"damage":2.0,"enemies":"3 Louse","floor":8.0,"turns":2.0},{"damage":4.0,"enemies":"Blue Slaver","floor":11.0,"turns":3.0},{"damage":6.0,"enemies":"Gremlin Nob","floor":12.0,"turns":3.0},{"damage":0.0,"enemies":"Large Slime","floor":14.0,"turns":4.0},{"damage":22.0,"enemies":"Hexaghost","floor":16.0,"turns":8.0},{"damage":28.0,"enemies":"Spheric Guardian","floor":18.0,"turns":5.0},{"damage":8.0,"enemies":"Chosen","floor":22.0,"turns":5.0},{"damage":10.0,"enemies":"Centurion and Healer","floor":24.0,"turns":7.0},{"damage":7.0,"enemies":"Cultist and Chosen","floor":27.0,"turns":3.0},{"damage":0.0,"enemies":"Chosen and Byrds","floor":28.0,"turns":3.0},{"damage":49.0,"enemies":"Slavers","floor":29.0,"turns":5.0},{"damage":39.0,"enemies":"Gremlin Leader","floor":31.0,"turns":4.0},{"damage":39.0,"enemies":"Collector","floor":33.0,"turns":7.0},{"damage":27.0,"enemies":"3 Darklings","floor":35.0,"turns":4.0},{"damage":19.0,"enemies":"3 Shapes","floor":37.0,"turns":6.0},{"damage":18.0,"enemies":"Spire Growth","floor":39.0,"turns":5.0},{"damage":94,"enemies":"Reptomancer","floor":41,"turns":3}],"seed_played":"-1021900847623978453","potions_obtained":[{"floor":1.0,"key":"Explosive Potion"},{"floor":7.0,"key":"Poison Potion"},{"floor":8.0,"key":"LiquidBronze"},{"floor":16.0,"key":"Swift Potion"},{"floor":27.0,"key":"Block Potion"},{"floor":33.0,"key":"Strength Potion"}],"is_trial":false,"path_per_floor":["M","?","$","M","?","R","M","M","T","R","M","E","R","M","R","B",null,"M","$","?","?","M","R","M","$","T","M","M","E","R","E","R","B",null,"M","?","M","$","M","R","E"],"character_chosen":"IRONCLAD","items_purchased":["Uppercut","Dropkick","Armaments"],"campfire_rested":5,"item_purchase_floors":[3,3,38],"current_hp_per_floor":[42,42,42,40,22,22,19,23,23,45,47,47,47,53,53,37,66,47,47,47,25,26,51,50,50,50,49,58,18,46,13,41,8,73,52,71,62,62,54,84,0],"gold":121,"neow_bonus":"ONE_RARE_RELIC","is_prod":false,"is_daily":false,"chose_seed":false,"campfire_upgraded":2,"win_rate":0,"timestamp":1558165615,"path_taken":["M","?","$","M","?","R","M","?","T","R","M","E","R","M","R","BOSS","M","$","?","?","M","R","M","$","T","M","M","E","R","E","R","BOSS","M","?","M","$","M","R","E"],"build_version":"2019-05-07","purchased_purges":4,"victory":false,"max_hp_per_floor":[75,75,75,75,75,75,75,75,75,75,75,75,75,75,75,75,75,78,78,78,83,86,86,89,89,89,89,92,95,95,95,95,95,95,95,95,99,99,103,103,103],"card_choices":[{"not_picked":["Hemokinesis","True Grit"],"picked":"Shrug It Off","floor":1.0},{"not_picked":["Havoc","Cleave"],"picked":"Spot Weakness","floor":4.0},{"not_picked":["Wild Strike","Body Slam","Clothesline"],"picked":"SKIP","floor":7.0},{"not_picked":["Sentinel","Clothesline"],"picked":"Thunderclap","floor":8.0},{"not_picked":["Clothesline","Bloodletting"],"picked":"Anger","floor":11.0},{"not_picked":["Combust","Fire Breathing"],"picked":"Cleave","floor":12.0},{"not_picked":["Warcry","Flex","Second Wind"],"picked":"SKIP","floor":14.0},{"not_picked":["Immolate","Barricade"],"picked":"Feed","floor":16.0},{"not_picked":["Flex","Clash"],"picked":"Seeing Red","floor":18.0},{"not_picked":["Havoc","Blood for Blood","Fire Breathing"],"picked":"SKIP","floor":22.0},{"not_picked":["Infernal Blade","Intimidate+1"],"picked":"Fiend Fire","floor":24.0},{"not_picked":["Iron Wave","Clothesline+1"],"picked":"Inflame+1","floor":27.0},{"not_picked":["Dropkick","Iron Wave"],"picked":"Disarm","floor":28.0},{"not_picked":["Rampage","Pommel Strike","Warcry"],"picked":"SKIP","floor":29.0},{"not_picked":["Cleave","Corruption"],"picked":"Impervious","floor":31.0},{"not_picked":["Double Tap","Exhume"],"picked":"Barricade","floor":33.0},{"not_picked":["Uppercut","Cleave","Flex+1"],"picked":"SKIP","floor":35.0},{"not_picked":["Havoc","Body Slam"],"picked":"Intimidate","floor":37.0},{"not_picked":["Havoc","Armaments"],"picked":"Inflame","floor":39}],"player_experience":2014460,"relics_obtained":[{"floor":9.0,"key":"Shovel"},{"floor":12.0,"key":"Vajra"},{"floor":15.0,"key":"Sundial"},{"floor":26.0,"key":"Tiny Chest"},{"floor":29.0,"key":"Whetstone"},{"floor":31.0,"key":"Red Skull"}],"event_choices":[{"damage_healed":0.0,"max_hp_gain":0.0,"max_hp_loss":0.0,"gold_gain":150.0,"event_name":"Liars Game","player_choice":"AGREE","floor":2.0,"gold_loss":0.0,"damage_taken":0.0,"cards_obtained":["Doubt"]},{"damage_healed":0.0,"max_hp_gain":0.0,"max_hp_loss":0.0,"gold_gain":0.0,"event_name":"Scrap Ooze","player_choice":"Success","floor":5.0,"gold_loss":0.0,"damage_taken":18.0,"relics_obtained":["Ice Cream"]},{"damage_healed":0.0,"max_hp_gain":0.0,"max_hp_loss":0.0,"gold_gain":0.0,"event_name":"Ghosts","player_choice":"Ignored","floor":20.0,"gold_loss":0.0,"damage_taken":0.0},{"damage_healed":0.0,"max_hp_gain":5.0,"max_hp_loss":0.0,"gold_gain":0.0,"event_name":"Forgotten Altar","player_choice":"Shed Blood","floor":21.0,"gold_loss":0.0,"damage_taken":27.0},{"damage_healed":19.0,"max_hp_gain":0.0,"max_hp_loss":0.0,"gold_gain":0.0,"event_name":"Winding Halls","player_choice":"Writhe","floor":36.0,"gold_loss":0.0,"damage_taken":0.0,"cards_obtained":["Writhe"]}],"is_beta":true,"boss_relics":[{"not_picked":["Pandora\u0027s Box","Runic Cube"],"picked":"Runic Pyramid"},{"not_picked":["Tiny House","Calling Bell"],"picked":"Fusion Hammer"}],"items_purged_floors":[3,19,25,38],"is_endless":false,"potions_floor_spawned":[1,7,8,16,22,24,27,33,35],"killed_by":"Reptomancer","ascension_level":20}