{"gold_per_floor":[115,40,58,70,87,87,121,121,121,137,137,169,169,169],"floor_reached":14,"playtime":416,"items_purged":[],"score":195,"play_id":"b08d042e-49e3-4e39-8628-2279788df00d","local_time":"20190509114300","is_ascension_mode":true,"campfire_choices":[{"data":"Sunder","floor":6,"key":"SMITH"},{"floor":11,"key":"REST"}],"neow_cost":"TEN_PERCENT_HP_LOSS","seed_source_timestamp":1546413877801502,"circlet_count":0,"master_deck":["AscendersBane","Defend_B","Defend_B","Defend_B","Defend_B","Zap","Dualcast","Loop","Hologram","Sweeping Beam","Gash","Sunder+1","Go for the Eyes","Go for the Eyes","Coolheaded+1","Gash"],"relics":["Cracked Core","Smiling Mask","Question Card","StoneCalendar"],"potions_floor_usage":[7,10,12,14],"damage_taken":[{"damage":4,"enemies":"Jaw Worm","floor":1,"turns":4},{"damage":0,"enemies":"2 Louse","floor":3,"turns":1},{"damage":0,"enemies":"Small Slimes","floor":4,"turns":3},{"damage":25,"enemies":"Exordium Thugs","floor":5,"turns":5},{"damage":8,"enemies":"Gremlin Nob","floor":7,"turns":3},{"damage":17,"enemies":"Gremlin Gang","floor":10,"turns":3},{"damage":14,"enemies":"Lagavulin","floor":12,"turns":6},{"damage":8,"enemies":"3 Sentries","floor":14,"turns":3}],"seed_played":"-1244252150234523163","potions_obtained":[{"floor":4,"key":"Poison Potion"},{"floor":5,"key":"LiquidBronze"},{"floor":10,"key":"EssenceOfSteel"},{"floor":12,"key":"Energy Potion"}],"is_trial":false,"path_per_floor":["M","?","M","M","M","R","E","?","T","M","R","E","?","E"],"character_chosen":"DEFECT","items_purchased":[],"campfire_rested":1,"item_purchase_floors":[],"current_hp_per_floor":[60,60,60,60,35,35,27,20,20,3,22,8,8,0],"gold":169,"neow_bonus":"TRANSFORM_TWO_CARDS","is_prod":false,"is_daily":false,"chose_seed":false,"campfire_upgraded":1,"win_rate":0,"timestamp":1557394980,"path_taken":["M","?","M","M","M","R","E","?","T","M","R","E","?","E"],"build_version":"2019-05-07","purchased_purges":0,"victory":false,"max_hp_per_floor":[64,64,64,64,64,64,64,64,64,64,64,64,64,64],"card_choices":[{"not_picked":["Barrage","Streamline"],"picked":"Sweeping Beam","floor":1},{"not_picked":["Leap","Streamline"],"picked":"Gash","floor":3},{"not_picked":["Fusion","Cold Snap"],"picked":"Sunder","floor":4},{"not_picked":["Redo","Reprogram"],"picked":"Go for the Eyes","floor":5},{"not_picked":["Streamline","Turbo"],"picked":"Go for the Eyes","floor":7},{"not_picked":["Undo","Sweeping Beam","Meteor Strike"],"picked":"Coolheaded","floor":10},{"not_picked":["Doom and Gloom","Defragment","Double Energy"],"picked":"Gash","floor":12}],"player_experience":1663820,"relics_obtained":[{"floor":7,"key":"Smiling Mask"},{"floor":9,"key":"Question Card"},{"floor":12,"key":"StoneCalendar"}],"event_choices":[{"cards_removed":["Strike_B"],"damage_healed":0,"gold_gain":0,"player_choice":"Card Removal","damage_taken":0,"max_hp_gain":0,"max_hp_loss":0,"event_name":"The Cleric","floor":2,"gold_loss":75},{"cards_removed":["Strike_B"],"damage_healed":0,"gold_gain":0,"player_choice":"Card Removal","damage_taken":7,"max_hp_gain":0,"max_hp_loss":0,"event_name":"Golden Wing","floor":8,"gold_loss":0},{"damage_healed":0,"gold_gain":0,"player_choice":"Forge","damage_taken":0,"max_hp_gain":0,"max_hp_loss":0,"event_name":"Accursed Blacksmith","floor":13,"gold_loss":0,"cards_upgraded":["Coolheaded"]}],"is_beta":true,"boss_relics":[],"items_purged_floors":[],"is_endless":false,"potions_floor_spawned":[4,5,10,12],"killed_by":"3 Sentries","ascension_level":19}