{"gold_per_floor":[111,123,48,123,133,133,133,133,182,196,196,230,230,242,242,338,338,353,353,353,367,8,35,35,35],"floor_reached":25,"playtime":97610,"items_purged":["Strike_R","Defend_R"],"score":274,"play_id":"02b91ec4-2504-4b80-afd9-ac5b18c1b64d","local_time":"20181001171448","is_ascension_mode":true,"campfire_choices":[{"data":"Bash","floor":6.0,"key":"SMITH"},{"data":"Cleave","floor":8.0,"key":"SMITH"},{"floor":13.0,"key":"REST"},{"data":"Flex","floor":15.0,"key":"SMITH"},{"floor":24,"key":"REST"}],"neow_cost":"TEN_PERCENT_HP_LOSS","seed_source_timestamp":0,"circlet_count":0,"master_deck":["Strike_R","Strike_R","Strike_R","Defend_R","Defend_R+1","Defend_R+1","Bash+1","Cleave+1","Flex+1","Pommel Strike","Anger+1","Bandage Up","Dark Shackles","Flex+1"],"special_seed":0,"relics":["Burning Blood","Gambling Chip","Vajra","War Paint","Torii","White Beast Statue","Ornamental Fan","Omamori"],"potions_floor_usage":[20,23,23,25,25],"damage_taken":[{"damage":13.0,"enemies":"Jaw Worm","floor":1.0,"turns":4.0},{"damage":10.0,"enemies":"Small Slimes","floor":2.0,"turns":4.0},{"damage":1.0,"enemies":"Cultist","floor":5.0,"turns":4.0},{"damage":5.0,"enemies":"Blue Slaver","floor":10.0,"turns":3.0},{"damage":19.0,"enemies":"Lagavulin","floor":12.0,"turns":6.0},{"damage":0.0,"enemies":"2 Fungi Beasts","floor":14.0,"turns":2.0},{"damage":62.0,"enemies":"Hexaghost","floor":16.0,"turns":12.0},{"damage":10,"enemies":"3 Byrds","floor":18,"turns":5},{"damage":12,"enemies":"Colosseum Slavers","floor":20,"turns":4},{"damage":0,"enemies":"Spheric Guardian","floor":21,"turns":3},{"damage":37,"enemies":"Slavers","floor":23,"turns":6},{"damage":54,"enemies":"Book of Stabbing","floor":25,"turns":5}],"seed_played":"-4297730611213803637","potions_obtained":[{"floor":1.0,"key":"SpeedPotion"},{"floor":2.0,"key":"AttackPotion"},{"floor":12.0,"key":"Block Potion"},{"floor":14.0,"key":"FearPotion"},{"floor":18,"key":"Fire Potion"},{"floor":21,"key":"FearPotion"},{"floor":23,"key":"Regen Potion"}],"is_trial":false,"path_per_floor":["M","M","$","?","M","R","?","R","T","M","?","E","R","M","R","B",null,"M","?","?","M","$","E","R"],"character_chosen":"IRONCLAD","items_purchased":["Ornamental Fan"],"campfire_rested":2,"item_purchase_floors":[22],"current_hp_per_floor":[65,61,61,50,55,55,48,48,48,49,49,36,57,63,63,7,56,52,31,29,39,39,12,33,0],"gold":35,"neow_bonus":"ONE_RARE_RELIC","is_prod":false,"is_daily":false,"chose_seed":false,"campfire_upgraded":3,"win_rate":0,"timestamp":1538428488,"path_taken":["M","M","$","?","M","R","?","R","T","M","?","E","R","M","R","BOSS","M","?","?","M","$","E","R","E"],"build_version":"2018-09-27","purchased_purges":2,"victory":false,"max_hp_per_floor":[72,72,72,72,72,72,72,72,72,72,72,72,72,72,72,72,72,72,72,72,72,72,72,72,72],"card_choices":[{"not_picked":["Second Wind","Rampage"],"picked":"Cleave","floor":1.0},{"not_picked":["Headbutt","Dual Wield","Feel No Pain"],"picked":"SKIP","floor":2.0},{"not_picked":["Combust","True Grit"],"picked":"Flex","floor":5.0},{"not_picked":["Clash","Clothesline","Sentinel"],"picked":"SKIP","floor":10.0},{"not_picked":["Clash","Feel No Pain","Sentinel"],"picked":"SKIP","floor":12.0},{"not_picked":["Headbutt","Anger"],"picked":"Pommel Strike","floor":14.0},{"not_picked":["Pommel Strike","Flex"],"picked":"Anger+1","floor":18},{"not_picked":["Entrench","Uppercut"],"picked":"Flex+1","floor":21},{"not_picked":["Anger","Clothesline","Twin Strike"],"picked":"SKIP","floor":23}],"player_experience":1093310,"relics_obtained":[{"floor":9.0,"key":"War Paint"},{"floor":12.0,"key":"Torii"},{"floor":23,"key":"Omamori"}],"event_choices":[{"event_name":"World of Goop","player_choice":"Gather Gold","floor":4.0,"damage_taken":0.0},{"event_name":"Scrap Ooze","player_choice":"success","floor":7.0,"damage_taken":7.0},{"event_name":"Living Wall","player_choice":"Forget","floor":11.0,"damage_taken":0.0},{"event_name":"Knowing Skull","player_choice":"CARD CARD ","floor":19,"damage_taken":0},{"event_name":"Colosseum","player_choice":"Fight","floor":20,"damage_taken":0},{"event_name":"Colosseum","player_choice":"Fled From Nobs","floor":20,"damage_taken":0}],"is_beta":false,"boss_relics":[{"not_picked":["Black Star","Velvet Choker"],"picked":"White Beast Statue"}],"items_purged_floors":[3,22],"is_endless":false,"potions_floor_spawned":[1,2,12,14,18,20,21,23],"killed_by":"Book of Stabbing","ascension_level":5}