{"gold_per_floor":[112,44,44,62,82,82,62,77,77,96,96,110,136,160,172,184],"floor_reached":16,"playtime":618,"items_purged":[],"score":114,"play_id":"1a0799ac-8c1e-4840-8d31-c1b26a9b8e33","local_time":"20181116183518","is_ascension_mode":true,"campfire_choices":[{"data":"Searing Blow","floor":6,"key":"SMITH"},{"data":"Searing Blow+1","floor":11,"key":"SMITH"},{"floor":15,"key":"REST"}],"neow_cost":"NONE","seed_source_timestamp":1041394185142289,"circlet_count":0,"master_deck":["Strike_R","Strike_R","Strike_R","Strike_R","Strike_R","Defend_R","Defend_R","Defend_R","Defend_R","Bash","Body Slam","Searing Blow+2","Armaments","Infernal Blade","Ghostly Armor","Body Slam","Ghostly Armor"],"relics":["Burning Blood","Dead Branch","MawBank"],"potions_floor_usage":[13,14,16,16],"damage_taken":[{"damage":0,"enemies":"2 Louse","floor":1,"turns":3},{"damage":6,"enemies":"Cultist","floor":4,"turns":4},{"damage":13,"enemies":"Jaw Worm","floor":5,"turns":4},{"damage":15,"enemies":"Exordium Wildlife","floor":8,"turns":6},{"damage":0,"enemies":"Large Slime","floor":10,"turns":4},{"damage":12,"enemies":"Looter","floor":12,"turns":5},{"damage":44,"enemies":"Gremlin Nob","floor":13,"turns":5},{"damage":5,"enemies":"3 Louse","floor":14,"turns":4},{"damage":52,"enemies":"Hexaghost","floor":16,"turns":9}],"seed_played":"-351436293414472144","potions_obtained":[{"floor":7,"key":"SteroidPotion"},{"floor":8,"key":"Dexterity Potion"},{"floor":12,"key":"Ancient Potion"},{"floor":13,"key":"Ancient Potion"}],"is_trial":false,"path_per_floor":["M","$","?","M","M","R","?","M","T","M","R","M","E","M","R","B"],"character_chosen":"IRONCLAD","items_purchased":["Searing Blow"],"campfire_rested":1,"item_purchase_floors":[2],"current_hp_per_floor":[80,80,80,80,73,73,73,64,64,70,70,64,26,27,51,0],"gold":184,"neow_bonus":"THREE_CARDS","is_prod":false,"is_daily":false,"chose_seed":false,"campfire_upgraded":2,"win_rate":0,"timestamp":1542389718,"path_taken":["M","$","?","?","M","R","?","?","T","M","R","M","E","M","R","BOSS"],"build_version":"2018-11-15","purchased_purges":0,"victory":false,"max_hp_per_floor":[80,80,80,80,80,80,80,80,80,80,80,80,80,80,80,80],"card_choices":[{"not_picked":["Perfected Strike","Blood for Blood"],"picked":"Iron Wave","floor":0},{"not_picked":["Clothesline","Sever Soul"],"picked":"Body Slam","floor":1},{"not_picked":["Headbutt","Thunderclap"],"picked":"Armaments","floor":4},{"not_picked":["Headbutt","Carnage","Fire Breathing"],"picked":"SKIP","floor":5},{"not_picked":["Twin Strike","Anger"],"picked":"Infernal Blade","floor":8},{"not_picked":["Sword Boomerang","Twin Strike","Clash"],"picked":"SKIP","floor":10},{"not_picked":["Intimidate","Perfected Strike"],"picked":"Ghostly Armor","floor":12},{"not_picked":["Second Wind","Anger"],"picked":"Body Slam","floor":13},{"not_picked":["Thunderclap","Reaper"],"picked":"Ghostly Armor","floor":14}],"player_experience":218353,"relics_obtained":[{"floor":13,"key":"MawBank"}],"event_choices":[{"cards_removed":["Iron Wave"],"damage_healed":0,"gold_gain":0,"player_choice":"Gave Card","damage_taken":0,"relics_obtained":["Dead Branch"],"max_hp_gain":0,"max_hp_loss":0,"event_name":"WeMeetAgain","floor":3,"gold_loss":0},{"damage_healed":0,"gold_gain":0,"player_choice":"Bought 1 Potion","damage_taken":0,"max_hp_gain":0,"max_hp_loss":0,"event_name":"The Woman in Blue","floor":7,"gold_loss":0}],"is_beta":true,"boss_relics":[],"items_purged_floors":[],"is_endless":false,"potions_floor_spawned":[8,12,13],"killed_by":"Hexaghost","ascension_level":2}