{"gold_per_floor":[109,127,52,69,69,69,104,119,119,143,43,66,66,66,66,194,194,213,238,238,254,61,61,61,86,86,130,145,23,98,117,117,246,246,262,262,262,276,290,326,326,367,367,386,426,450,468,26,26,26],"floor_reached":51,"playtime":21377,"items_purged":["Strike_B","Strike_B","Strike_B"],"score":761,"play_id":"08e3562d-fed7-405d-9a00-d9adf1273b7c","local_time":"20180805215752","is_ascension_mode":false,"campfire_choices":[{"floor":6,"key":"REST"},{"floor":15,"key":"REST"},{"floor":23,"key":"REST"},{"floor":32,"key":"REST"},{"floor":41,"key":"REST"},{"floor":49,"key":"REST"}],"neow_cost":"CURSE","seed_source_timestamp":31032853121635,"circlet_count":0,"master_deck":["Defend_B","Defend_B","Defend_B","Zap","Dualcast","Injury","Chaos","Darkness","Conserve Battery","FTL","Storm","BootSequence","Buffer","Defragment","White Noise","Thunder Strike","Apotheosis","Chill","Capacitor+1","Heatsinks+1","Steam+1","Creative AI+1","Conserve Battery","Dark Shackles","Flash of Steel","Madness","Madness","Redo+1","Leap+1","Defragment+1","Undo+1"],"relics":["FrozenCore","Golden Idol","Bronze Scales","Omamori","Frozen Egg 2","Busted Crown","Necronomicon","Anchor","The Courier","Pantograph","Strawberry","Toxic Egg 2","Kunai","Ornamental Fan","Pen Nib"],"potions_floor_usage":[7,7,10,16,25,27,31,33,40,42,46],"damage_taken":[{"damage":16,"enemies":"2 Louse","floor":1,"turns":3},{"damage":15,"enemies":"Small Slimes","floor":2,"turns":4},{"damage":3,"enemies":"Cultist","floor":4,"turns":4},{"damage":12,"enemies":"Lagavulin","floor":7,"turns":5},{"damage":9,"enemies":"2 Fungi Beasts","floor":8,"turns":3},{"damage":1,"enemies":"Lots of Slimes","floor":10,"turns":2},{"damage":0,"enemies":"Looter","floor":12,"turns":3},{"damage":22,"enemies":"The Guardian","floor":16,"turns":10},{"damage":15,"enemies":"Spheric Guardian","floor":18,"turns":4},{"damage":2,"enemies":"Shell Parasite","floor":19,"turns":5},{"damage":16,"enemies":"Snake Plant","floor":21,"turns":4},{"damage":0,"enemies":"Snecko","floor":25,"turns":4},{"damage":12,"enemies":"Book of Stabbing","floor":27,"turns":5},{"damage":0,"enemies":"Chosen and Byrds","floor":28,"turns":6},{"damage":0,"enemies":"Snake Plant","floor":31,"turns":4},{"damage":49,"enemies":"Collector","floor":33,"turns":8},{"damage":21,"enemies":"3 Darklings","floor":35,"turns":5},{"damage":0,"enemies":"3 Shapes","floor":38,"turns":6},{"damage":5,"enemies":"Sphere and 2 Shapes","floor":39,"turns":6},{"damage":0,"enemies":"Giant Head","floor":40,"turns":9},{"damage":60,"enemies":"2 Orb Walkers","floor":42,"turns":8},{"damage":6,"enemies":"Spire Growth","floor":44,"turns":6},{"damage":0,"enemies":"Giant Head","floor":45,"turns":9},{"damage":1,"enemies":"Maw","floor":46,"turns":7},{"damage":0,"enemies":"4 Shapes","floor":47,"turns":8},{"damage":44,"enemies":"Awakened One","floor":50,"turns":10}],"seed_played":"8078559299541654865","potions_obtained":[{"floor":2,"key":"Swift Potion"},{"floor":4,"key":"Energy Potion"},{"floor":8,"key":"Explosive Potion"},{"floor":12,"key":"Strength Potion"},{"floor":16,"key":"FairyPotion"},{"floor":18,"key":"SkillPotion"},{"floor":21,"key":"SkillPotion"},{"floor":25,"key":"SteroidPotion"},{"floor":28,"key":"Block Potion"},{"floor":31,"key":"EssenceOfSteel"},{"floor":38,"key":"EssenceOfSteel"},{"floor":39,"key":"Explosive Potion"},{"floor":45,"key":"EssenceOfSteel"}],"is_trial":false,"path_per_floor":["M","M","$","M","?","R","E","M","T","M","$","M","?","?","R","B",null,"M","M","?","M","$","R","?","M","T","E","M","$","?","M","R","B",null,"M","?","?","M","M","E","R","E","T","M","E","M","M","$","R","B"],"character_chosen":"DEFECT","items_purchased":["Apotheosis","Capacitor+1","Heatsinks+1","Ornamental Fan","Pen Nib"],"campfire_rested":6,"item_purchase_floors":[22,29,29,48,48],"current_hp_per_floor":[59,44,44,41,23,45,33,24,24,23,23,23,23,20,42,27,75,60,58,42,26,26,48,48,48,48,36,36,36,29,29,51,2,75,54,49,40,40,35,35,57,14,14,8,8,14,14,14,38,19],"gold":26,"neow_bonus":"TRANSFORM_TWO_CARDS","is_prod":false,"is_daily":false,"chose_seed":false,"campfire_upgraded":0,"win_rate":0,"timestamp":1533520672,"path_taken":["M","M","$","M","?","R","E","?","T","M","$","M","?","?","R","BOSS","M","M","?","?","$","R","?","M","T","E","M","$","?","M","R","BOSS","M","?","?","M","M","E","R","E","T","M","E","M","?","$","R","BOSS"],"build_version":"2018-08-02","purchased_purges":3,"victory":true,"max_hp_per_floor":[75,75,75,75,75,75,75,75,75,75,75,75,75,75,75,75,75,75,75,75,75,75,75,75,75,75,75,75,75,75,75,75,75,75,75,75,75,75,75,75,75,82,82,82,82,82,82,82,82,82],"card_choices":[{"not_picked":["Glacier","Ball Lightning"],"picked":"Conserve Battery","floor":1},{"not_picked":["Tempest","Conserve Battery"],"picked":"FTL","floor":2},{"not_picked":["Hello World","Loop"],"picked":"Storm","floor":4},{"not_picked":["Turbo","Stack"],"picked":"BootSequence","floor":7},{"not_picked":["White Noise","Gash"],"picked":"Buffer","floor":8},{"not_picked":["Hologram","Compile Driver"],"picked":"Defragment","floor":10},{"not_picked":["Cold Snap","Steam"],"picked":"White Noise","floor":12},{"not_picked":["Biased Cognition+1","Meteor Strike"],"picked":"Thunder Strike","floor":16},{"not_picked":["Redo"],"picked":"SKIP","floor":18},{"not_picked":["Compile Driver"],"picked":"SKIP","floor":19},{"not_picked":["Fusion"],"picked":"SKIP","floor":21},{"not_picked":[],"picked":"Chill","floor":25},{"not_picked":["Hyperbeam"],"picked":"SKIP","floor":27},{"not_picked":["Stack"],"picked":"SKIP","floor":28},{"not_picked":[],"picked":"Steam+1","floor":31},{"not_picked":[],"picked":"Creative AI+1","floor":33},{"not_picked":[],"picked":"Conserve Battery","floor":35},{"not_picked":[],"picked":"Dark Shackles","floor":36},{"not_picked":[],"picked":"Flash of Steel","floor":36},{"not_picked":[],"picked":"Redo+1","floor":38},{"not_picked":[],"picked":"Leap+1","floor":39},{"not_picked":["Sunder"],"picked":"SKIP","floor":40},{"not_picked":[],"picked":"Defragment+1","floor":42},{"not_picked":["Gash+1"],"picked":"SKIP","floor":44},{"not_picked":[],"picked":"Undo+1","floor":45},{"not_picked":["Blizzard+1"],"picked":"SKIP","floor":46},{"not_picked":["Stack+1"],"picked":"SKIP","floor":47}],"player_experience":568031,"relics_obtained":[{"floor":7,"key":"Bronze Scales"},{"floor":9,"key":"Omamori"},{"floor":20,"key":"Necronomicon"},{"floor":26,"key":"Anchor"},{"floor":27,"key":"The Courier"},{"floor":40,"key":"Pantograph"},{"floor":42,"key":"Strawberry"},{"floor":43,"key":"Toxic Egg 2"},{"floor":45,"key":"Kunai"}],"event_choices":[{"event_name":"Golden Idol","player_choice":"Take Damage","floor":5,"damage_taken":0},{"event_name":"The Woman in Blue","player_choice":"Bought 0 Potions","floor":13,"damage_taken":0},{"event_name":"Scrap Ooze","player_choice":"success","floor":14,"damage_taken":3},{"event_name":"Cursed Tome","player_choice":"Obtained Book","floor":20,"damage_taken":0},{"event_name":"Beggar","player_choice":"Ignored","floor":24,"damage_taken":0},{"event_name":"FaceTrader","player_choice":"Touch","floor":30,"damage_taken":0},{"event_name":"SensoryStone","player_choice":"Memory 2","floor":36,"damage_taken":0},{"event_name":"Winding Halls","player_choice":"Embrace Madness","floor":37,"damage_taken":0}],"is_beta":false,"boss_relics":[{"not_picked":["Cursed Key","Lizard Tail"],"picked":"Busted Crown"},{"not_picked":["Calling Bell","Orrery"],"picked":"FrozenCore"}],"items_purged_floors":[3,11,48],"is_endless":false,"potions_floor_spawned":[2,4,8,12,16,18,21,25,28,31,38,39,45],"ascension_level":0}