{"gold_per_floor":[115,115,190,207,30,57,57,88,112,112,130,145,145,157,157,233,233,252,264,264,56,156,182,182,215,215,230,245,259,65,79,79,79],"floor_reached":33,"playtime":1179,"items_purged":["Strike_R"],"score":607,"play_id":"de22139e-bea5-4229-a808-7e24ed9aa661","local_time":"20190430190906","is_ascension_mode":true,"campfire_choices":[{"data":"Inflame","floor":10,"key":"SMITH"},{"data":"Clothesline","floor":13,"key":"SMITH"},{"data":"Limit Break","floor":15,"key":"SMITH"},{"floor":24,"key":"REST"},{"floor":32,"key":"REST"}],"neow_cost":"NONE","seed_source_timestamp":794816265304328,"circlet_count":0,"master_deck":["AscendersBane","Strike_R","Strike_R","Strike_R","Strike_R","Defend_R","Defend_R","Defend_R","Defend_R","Bash+1","Clothesline+1","Heavy Blade+1","Iron Wave","Pummel","Inflame+1","Inflame","Thunderclap","Limit Break+1","Brutality","Sword Boomerang","Shrug It Off","Shrug It Off","Headbutt","Cleave+1"],"relics":["Burning Blood","NeowsBlessing","Tiny Chest","Boot","Bronze Scales","Whetstone","Fusion Hammer","HandDrill","Bird Faced Urn","Ornamental Fan","Singing Bowl","Smiling Mask","Toxic Egg 2","Omamori"],"potions_floor_usage":[12,16,23,25],"damage_taken":[{"damage":0,"enemies":"Cultist","floor":1,"turns":1},{"damage":0,"enemies":"2 Louse","floor":4,"turns":1},{"damage":0,"enemies":"3 Sentries","floor":6,"turns":1},{"damage":28,"enemies":"Gremlin Nob","floor":8,"turns":4},{"damage":4,"enemies":"Jaw Worm","floor":11,"turns":2},{"damage":10,"enemies":"Gremlin Gang","floor":12,"turns":3},{"damage":0,"enemies":"Blue Slaver","floor":14,"turns":3},{"damage":23,"enemies":"Hexaghost","floor":16,"turns":6},{"damage":18,"enemies":"3 Byrds","floor":18,"turns":3},{"damage":18,"enemies":"Shell Parasite","floor":19,"turns":3},{"damage":17,"enemies":"Colosseum Slavers","floor":22,"turns":3},{"damage":26,"enemies":"Colosseum Nobs","floor":22,"turns":4},{"damage":6,"enemies":"Gremlin Leader","floor":23,"turns":5},{"damage":40,"enemies":"Slavers","floor":25,"turns":4},{"damage":10,"enemies":"Cultist and Chosen","floor":27,"turns":4},{"damage":28,"enemies":"Sentry and Sphere","floor":28,"turns":4},{"damage":9,"enemies":"Centurion and Healer","floor":29,"turns":5},{"damage":15,"enemies":"Snecko","floor":31,"turns":4},{"damage":70,"enemies":"Automaton","floor":33,"turns":6}],"seed_played":"4544158324483806788","potions_obtained":[{"floor":6,"key":"SteroidPotion"},{"floor":8,"key":"Fire Potion"},{"floor":18,"key":"PowerPotion"},{"floor":23,"key":"Explosive Potion"},{"floor":27,"key":"LiquidBronze"},{"floor":28,"key":"Ancient Potion"}],"is_trial":false,"path_per_floor":["M","?","?","M","$","E","?","E","T","R","M","M","R","M","R","B",null,"M","M","?","$","?","E","R","E","T","M","M","M","$","M","R","B"],"character_chosen":"IRONCLAD","items_purchased":["Iron Wave","Tiny Chest","HandDrill","Omamori"],"campfire_rested":2,"item_purchase_floors":[5,5,21,30],"current_hp_per_floor":[74,79,68,74,74,80,75,53,53,53,55,51,51,57,57,40,70,58,46,62,62,31,39,63,35,35,35,19,20,20,15,41,0],"gold":79,"neow_bonus":"THREE_ENEMY_KILL","is_prod":false,"is_daily":false,"chose_seed":false,"campfire_upgraded":3,"win_rate":0,"timestamp":1556644146,"path_taken":["M","?","?","M","$","E","?","E","T","R","M","M","R","?","R","BOSS","M","?","?","?","?","E","R","E","T","?","M","M","$","M","R","BOSS"],"build_version":"2019-04-23","purchased_purges":1,"victory":false,"max_hp_per_floor":[75,80,80,80,80,80,80,80,80,80,80,80,80,80,80,80,80,80,80,80,80,80,82,82,84,84,84,86,86,86,88,88,88],"card_choices":[{"not_picked":["Flex","Dual Wield"],"picked":"Clothesline","floor":1},{"not_picked":["Evolve","Clash"],"picked":"Heavy Blade","floor":4},{"not_picked":["Havoc","Second Wind"],"picked":"Pummel","floor":6},{"not_picked":["Body Slam","Sentinel"],"picked":"Inflame","floor":8},{"not_picked":["Havoc","Bloodletting"],"picked":"Inflame","floor":11},{"not_picked":["Blood for Blood","Power Through"],"picked":"Thunderclap","floor":12},{"not_picked":["Metallicize","Havoc"],"picked":"Limit Break","floor":14},{"not_picked":["Limit Break","Dark Embrace"],"picked":"Brutality","floor":16},{"not_picked":["Reckless Charge","Spot Weakness"],"picked":"Sword Boomerang","floor":18},{"not_picked":["Power Through+1","Spot Weakness"],"picked":"Shrug It Off","floor":19},{"not_picked":["Headbutt","Twin Strike"],"picked":"Shrug It Off","floor":22},{"not_picked":["Perfected Strike","Combust","Reckless Charge"],"picked":"Singing Bowl","floor":23},{"not_picked":["Demon Form","Warcry","Clash"],"picked":"Singing Bowl","floor":25},{"not_picked":["Wild Strike","Disarm+1"],"picked":"Headbutt","floor":27},{"not_picked":["Anger","Perfected Strike","Cleave"],"picked":"Singing Bowl","floor":28},{"not_picked":["Sword Boomerang","Dropkick"],"picked":"Cleave+1","floor":29},{"not_picked":["Fiend Fire","Clothesline","Cleave"],"picked":"Singing Bowl","floor":31}],"player_experience":1368581,"relics_obtained":[{"floor":6,"key":"Boot"},{"floor":8,"key":"Whetstone"},{"floor":22,"key":"Bird Faced Urn"},{"floor":22,"key":"Ornamental Fan"},{"floor":23,"key":"Singing Bowl"},{"floor":25,"key":"Smiling Mask"},{"floor":26,"key":"Toxic Egg 2"}],"event_choices":[{"damage_healed":0,"gold_gain":0,"player_choice":"Donut","damage_taken":0,"max_hp_gain":5,"max_hp_loss":0,"event_name":"Big Fish","floor":2,"gold_loss":0},{"damage_healed":0,"gold_gain":75,"player_choice":"Gather Gold","damage_taken":11,"max_hp_gain":0,"max_hp_loss":0,"event_name":"World of Goop","floor":3,"gold_loss":0},{"damage_healed":0,"gold_gain":0,"player_choice":"Success","damage_taken":5,"relics_obtained":["Bronze Scales"],"max_hp_gain":0,"max_hp_loss":0,"event_name":"Scrap Ooze","floor":7,"gold_loss":0},{"damage_healed":16,"gold_gain":0,"player_choice":"Heal","damage_taken":0,"max_hp_gain":0,"max_hp_loss":0,"event_name":"The Library","floor":20,"gold_loss":0},{"damage_healed":0,"gold_gain":0,"player_choice":"Fight","damage_taken":0,"max_hp_gain":0,"max_hp_loss":0,"event_name":"Colosseum","floor":22,"gold_loss":0},{"damage_healed":0,"gold_gain":0,"player_choice":"Fought Nobs","damage_taken":0,"max_hp_gain":0,"max_hp_loss":0,"event_name":"Colosseum","floor":22,"gold_loss":0}],"is_beta":true,"boss_relics":[{"not_picked":["White Beast Statue","Lizard Tail"],"picked":"Fusion Hammer"}],"items_purged_floors":[30],"is_endless":false,"potions_floor_spawned":[6,8,18,23,27,28],"killed_by":"Automaton","ascension_level":15}