{"gold_per_floor":[113,125,141,152,327,327,337,337,386,402,413,413,194,213,213,318,318,299,299,312,327,43,62,62],"floor_reached":24,"playtime":2124,"items_purged":["Strike_R"],"score":194,"play_id":"89d65d8f-9b33-4a25-bfa7-1d2b458eb7b2","local_time":"20180623234124","is_ascension_mode":false,"campfire_choices":[{"data":"Metallicize","floor":6,"key":"SMITH"},{"data":"Seeing Red","floor":8,"key":"SMITH"},{"data":"Mind Blast","floor":15,"key":"SMITH"}],"neow_cost":"TEN_PERCENT_HP_LOSS","seed_source_timestamp":16097890200083,"circlet_count":0,"master_deck":["Strike_R","Strike_R","Defend_R","Defend_R","Defend_R","Defend_R","Bash","Flex","Whirlwind+1","Metallicize+1","Sword Boomerang","Entrench","Shrug It Off","Seeing Red+1","Blood for Blood","Iron Wave","Mind Blast+1","Searing Blow","Pommel Strike","Juggernaut","Second Wind+1","Warcry","Rampage","Clothesline","Rampage"],"relics":["Burning Blood","Bag of Preparation","Runic Cube","Meat on the Bone"],"potions_floor_usage":[16,16,16,16,16,16,16,16,16,18,21,23],"damage_taken":[{"damage":2,"enemies":"2 Louse","floor":1,"turns":4},{"damage":3,"enemies":"Jaw Worm","floor":2,"turns":6},{"damage":1,"enemies":"Cultist","floor":3,"turns":4},{"damage":13,"enemies":"2 Fungi Beasts","floor":4,"turns":4},{"damage":3,"enemies":"Blue Slaver","floor":7,"turns":5},{"damage":0,"enemies":"Red Slaver","floor":10,"turns":4},{"damage":2,"enemies":"Exordium Wildlife","floor":11,"turns":3},{"damage":3,"enemies":"Blue Slaver","floor":14,"turns":4},{"damage":66,"enemies":"Slime Boss","floor":16,"turns":15},{"damage":12,"enemies":"2 Thieves","floor":18,"turns":4},{"damage":15,"enemies":"Shell Parasite","floor":20,"turns":6},{"damage":11,"enemies":"Centurion and Healer","floor":21,"turns":11},{"damage":43,"enemies":"Snecko","floor":23,"turns":6},{"damage":34,"enemies":"Slaver and Parasite","floor":24,"turns":6}],"seed_played":"-7901159055200760712","potions_obtained":[{"floor":1,"key":"EntropicBrew"},{"floor":3,"key":"Energy Potion"},{"floor":4,"key":"SteroidPotion"},{"floor":16,"key":"Fire Potion"},{"floor":20,"key":"Dexterity Potion"},{"floor":21,"key":"Fruit Juice"}],"is_trial":false,"path_per_floor":["M","M","M","M","?","R","M","R","T","M","M","?","$","M","R","B",null,"M","?","M","M","$","M"],"character_chosen":"IRONCLAD","items_purchased":["Mind Blast","Searing Blow","Meat on the Bone","Clothesline"],"campfire_rested":0,"item_purchase_floors":[13,13,22,22],"current_hp_per_floor":[72,72,72,65,65,65,68,68,68,72,72,72,72,72,72,12,72,66,66,57,52,52,32,0],"gold":62,"neow_bonus":"TRANSFORM_TWO_CARDS","is_prod":false,"is_daily":false,"chose_seed":false,"campfire_upgraded":3,"win_rate":0.0,"timestamp":1529811684,"path_taken":["M","M","M","M","?","R","M","R","T","M","?","?","$","M","R","BOSS","M","?","M","M","$","M","M"],"build_version":"2018-06-21v2","purchased_purges":1,"victory":false,"max_hp_per_floor":[72,72,72,72,72,72,72,72,72,72,72,72,72,72,72,72,72,72,72,72,72,72,77,77],"card_choices":[{"not_picked":["Clash","Sever Soul"],"picked":"Metallicize","floor":1},{"not_picked":["Power Through","Wild Strike"],"picked":"Sword Boomerang","floor":2},{"not_picked":["Clothesline","Reckless Charge"],"picked":"Entrench","floor":3},{"not_picked":["Perfected Strike","Rupture"],"picked":"Shrug It Off","floor":4},{"not_picked":["Warcry","Burning Pact"],"picked":"Seeing Red","floor":7},{"not_picked":["Wild Strike","Cleave"],"picked":"Blood for Blood","floor":10},{"not_picked":["Battle Trance","True Grit"],"picked":"Iron Wave","floor":11},{"not_picked":["Cleave","Wild Strike"],"picked":"Pommel Strike","floor":14},{"not_picked":["Offering","Berserk"],"picked":"Juggernaut","floor":16},{"not_picked":["Dual Wield","Heavy Blade+1"],"picked":"Second Wind+1","floor":18},{"not_picked":["Seeing Red","Sword Boomerang"],"picked":"Warcry","floor":20},{"not_picked":["Thunderclap","Carnage+1"],"picked":"Rampage","floor":21},{"not_picked":["Anger","Pummel"],"picked":"Rampage","floor":23}],"player_experience":46484,"relics_obtained":[{"floor":9,"key":"Bag of Preparation"}],"event_choices":[{"event_name":"Liars Game","player_choice":"agreed","floor":5,"damage_taken":0},{"event_name":"Living Wall","player_choice":"Grow","floor":12,"damage_taken":0},{"event_name":"Fountain of Cleansing","player_choice":"Removed Curse","floor":19,"damage_taken":0}],"boss_relics":[{"not_picked":["Mark of Pain","Black Blood"],"picked":"Runic Cube"}],"items_purged_floors":[13],"is_endless":false,"potions_floor_spawned":[1,3,4,16,20,21],"killed_by":"Slaver and Parasite","ascension_level":0}