{"gold_per_floor":[115,130,205,216,316,316,342,356,403,433,433,488,488],"floor_reached":13,"playtime":324,"items_purged":[],"score":162,"play_id":"5bdaae3c-d710-40e4-ad21-8f91fa807aa9","local_time":"20190510172720","is_ascension_mode":true,"campfire_choices":[{"data":"Defragment","floor":6,"key":"SMITH"},{"floor":11,"key":"REST"}],"neow_cost":"NONE","seed_source_timestamp":1653564988332625,"circlet_count":0,"master_deck":["AscendersBane","Strike_B","Strike_B","Strike_B","Defend_B","Defend_B","Defend_B","Defend_B","Zap","Dualcast","Double Energy","Compile Driver","Defragment+1","Electrodynamics","Ball Lightning","Sweeping Beam","Chill"],"relics":["Cracked Core","Mercury Hourglass","Orichalcum","Odd Mushroom","Omamori"],"potions_floor_usage":[10,12],"damage_taken":[{"damage":0,"enemies":"2 Louse","floor":1,"turns":2},{"damage":1,"enemies":"Cultist","floor":2,"turns":3},{"damage":7,"enemies":"Jaw Worm","floor":4,"turns":3},{"damage":20,"enemies":"3 Sentries","floor":7,"turns":4},{"damage":14,"enemies":"Red Slaver","floor":8,"turns":2},{"damage":0,"enemies":"The Mushroom Lair","floor":10,"turns":1},{"damage":18,"enemies":"Lagavulin Event","floor":12,"turns":4},{"damage":14,"enemies":"Lagavulin","floor":13,"turns":2}],"seed_played":"6449136200435362015","potions_obtained":[{"floor":1,"key":"Weak Potion"},{"floor":4,"key":"Poison Potion"}],"is_trial":false,"path_per_floor":["M","M","?","M","?","R","E","M","T","?","R","?","E"],"character_chosen":"DEFECT","items_purchased":[],"campfire_rested":1,"item_purchase_floors":[],"current_hp_per_floor":[64,63,52,45,45,45,25,11,11,11,32,14,0],"gold":488,"neow_bonus":"TRANSFORM_CARD","is_prod":false,"is_daily":false,"chose_seed":false,"campfire_upgraded":1,"win_rate":0,"timestamp":1557502040,"path_taken":["M","M","?","M","?","R","E","?","T","?","R","?","E"],"build_version":"2019-05-07","purchased_purges":0,"victory":false,"max_hp_per_floor":[71,71,71,71,71,71,71,71,71,71,71,71,71],"card_choices":[{"not_picked":["Sweeping Beam","Capacitor"],"picked":"Compile Driver","floor":1},{"not_picked":["Streamline","Rebound"],"picked":"Defragment","floor":2},{"not_picked":["Self Repair","Storm"],"picked":"Electrodynamics","floor":4},{"not_picked":["White Noise","Aggregate"],"picked":"Ball Lightning","floor":7},{"not_picked":["Turbo","Cold Snap"],"picked":"Sweeping Beam","floor":8},{"not_picked":["Storm","Cold Snap"],"picked":"Chill","floor":12}],"player_experience":1714411,"relics_obtained":[{"floor":7,"key":"Mercury Hourglass"},{"floor":9,"key":"Orichalcum"},{"floor":10,"key":"Odd Mushroom"},{"floor":12,"key":"Omamori"}],"event_choices":[{"damage_healed":0,"gold_gain":75,"player_choice":"Gather Gold","damage_taken":11,"max_hp_gain":0,"max_hp_loss":0,"event_name":"World of Goop","floor":3,"gold_loss":0},{"damage_healed":0,"gold_gain":100,"player_choice":"Gold","damage_taken":0,"max_hp_gain":0,"max_hp_loss":0,"event_name":"Wheel of Change","floor":5,"gold_loss":0},{"damage_healed":0,"gold_gain":0,"player_choice":"Fought Mushrooms","damage_taken":0,"max_hp_gain":0,"max_hp_loss":0,"event_name":"Mushrooms","floor":10,"gold_loss":0},{"damage_healed":0,"gold_gain":30,"player_choice":"Searched \u00273\u0027 times","damage_taken":0,"max_hp_gain":0,"max_hp_loss":0,"event_name":"Dead Adventurer","floor":12,"gold_loss":0}],"is_beta":true,"boss_relics":[],"items_purged_floors":[],"is_endless":false,"potions_floor_spawned":[1,4,7],"killed_by":"Lagavulin","ascension_level":19}