{"gold_per_floor":[117,117,133,144,164,164,45,79,147,147],"floor_reached":10,"playtime":2107,"items_purged":[],"score":126,"play_id":"dd0ed832-8fc2-4732-98fc-45576548f0a9","local_time":"20190504134121","is_ascension_mode":true,"campfire_choices":[{"data":"Hyperbeam","floor":6,"key":"SMITH"}],"neow_cost":"PERCENT_DAMAGE","seed_source_timestamp":1119823075669032,"circlet_count":0,"master_deck":["AscendersBane","Strike_B","Strike_B","Strike_B","Defend_B","Defend_B","Defend_B","Defend_B","Zap","Dualcast","Hyperbeam+1","Conserve Battery","Cold Snap","Go for the Eyes","Ball Lightning","Doom and Gloom","Capacitor","Steam"],"relics":["Cracked Core","Gambling Chip","Toxic Egg 2"],"potions_floor_usage":[],"damage_taken":[{"damage":6,"enemies":"2 Louse","floor":1,"turns":3},{"damage":0,"enemies":"Cultist","floor":3,"turns":3},{"damage":8,"enemies":"Small Slimes","floor":4,"turns":2},{"damage":1,"enemies":"Blue Slaver","floor":5,"turns":3},{"damage":29,"enemies":"Lagavulin","floor":8,"turns":6}],"seed_played":"1555036388674712960","potions_obtained":[{"floor":4,"key":"Explosive Potion"}],"is_trial":false,"path_per_floor":["M","?","M","M","M","R","$","E","T","?"],"character_chosen":"DEFECT","items_purchased":["Doom and Gloom","Capacitor"],"campfire_rested":0,"item_purchase_floors":[7,7],"current_hp_per_floor":[40,40,40,32,31,31,31,2,2,0],"gold":147,"neow_bonus":"THREE_RARE_CARDS","is_prod":false,"is_daily":false,"chose_seed":false,"campfire_upgraded":1,"win_rate":0,"timestamp":1556970081,"path_taken":["M","?","M","M","?","R","$","E","T","?"],"build_version":"2019-04-23","purchased_purges":0,"victory":false,"max_hp_per_floor":[71,71,71,71,71,71,71,71,71,71],"card_choices":[{"not_picked":["Seek","Rainbow"],"picked":"Hyperbeam","floor":0},{"not_picked":["Ball Lightning","BootSequence"],"picked":"Conserve Battery","floor":1},{"not_picked":["Turbo","Redo"],"picked":"Cold Snap","floor":3},{"not_picked":["Gash","Turbo"],"picked":"Go for the Eyes","floor":4},{"not_picked":["Meteor Strike","Fusion"],"picked":"Ball Lightning","floor":5},{"not_picked":["Hyperbeam","Stack"],"picked":"Steam","floor":8}],"player_experience":1488433,"relics_obtained":[{"floor":8,"key":"Gambling Chip"},{"floor":9,"key":"Toxic Egg 2"}],"event_choices":[{"cards_removed":["Strike_B"],"damage_healed":0,"gold_gain":0,"player_choice":"Offered Basic","damage_taken":0,"max_hp_gain":0,"max_hp_loss":0,"event_name":"Bonfire Elementals","floor":2,"gold_loss":0}],"is_beta":true,"boss_relics":[],"items_purged_floors":[],"is_endless":false,"potions_floor_spawned":[4],"ascension_level":17}