{"path_per_floor":["M","$","M","M","M","R","E","?","T","?","M","R","M","M","R","B",null,"M","$","?","$","M","R"],"character_chosen":"IRONCLAD","items_purchased":["Uppercut","Seeing Red","Pommel Strike","Anchor","Ornamental Fan","Flex"],"gold_per_floor":[213,57,74,92,109,109,144,144,144,319,330,330,340,351,351,452,452,469,28,28,28,44,44],"floor_reached":24,"campfire_rested":0,"playtime":954,"current_hp_per_floor":[69,69,71,77,77,77,65,49,49,49,51,51,50,51,51,15,64,56,56,40,40,36,36],"items_purged":[],"gold":44,"score":248,"play_id":"e61642ba-1633-4fe4-9f87-a776c8980f83","is_prod":false,"is_daily":false,"is_ascension_mode":true,"campfire_upgraded":2,"path_taken":["M","$","M","M","M","R","E","?","T","?","M","R","?","M","R","BOSS","M","$","?","$","M","R","E"],"build_version":"2018-02-08-PROD1","purchased_purges":0,"victory":false,"master_deck":["Strike_R","Strike_R","Strike_R+1","Strike_R","Strike_R+1","Defend_R","Defend_R","Defend_R","Defend_R","Bash","Headbutt","Uppercut+1","Seeing Red","Pommel Strike","Shrug It Off","Spot Weakness","Shrug It Off","Offering+1","Doubt","Disarm","Carnage","Exhume","Heavy Blade+1","Flex","Necronomicurse","Flame Barrier"],"max_hp_per_floor":[80,80,80,80,80,80,80,80,80,80,80,80,80,80,80,80,80,80,80,80,80,80,80],"relics":["Burning Blood","Oddly Smooth Stone","Girya","Velvet Choker","Anchor","Ornamental Fan","Necronomicon"],"card_choices":[{"not_picked":["Clothesline","Shockwave"],"picked":"Headbutt"},{"not_picked":["Thunderclap","Uppercut"],"picked":"Shrug It Off"},{"not_picked":["Rage","Fire Breathing"],"picked":"Spot Weakness"},{"not_picked":["Hemokinesis","Uppercut"],"picked":"Shrug It Off"},{"not_picked":["Whirlwind","Flex"],"picked":"Offering"},{"not_picked":["Flex","Warcry"],"picked":"Disarm"},{"not_picked":["Pommel Strike","Battle Trance"],"picked":"Carnage"},{"not_picked":["Impervious","Berserk"],"picked":"Exhume"},{"not_picked":["True Grit","Anger"],"picked":"Heavy Blade"},{"not_picked":["Havoc","Perfected Strike"],"picked":"Flame Barrier"}],"player_experience":497289,"potions_floor_usage":[7,16,16,24,24],"damage_taken":[{"damage":17,"enemies":"Blue Slaver","floor":1,"turns":8},{"damage":4,"enemies":"Cultist","floor":3,"turns":3},{"damage":0,"enemies":"Small Slimes","floor":4,"turns":2},{"damage":6,"enemies":"Looter","floor":5,"turns":3},{"damage":24,"enemies":"Gremlin Nob","floor":7,"turns":4},{"damage":4,"enemies":"Large Slime","floor":11,"turns":4},{"damage":7,"enemies":"Exordium Wildlife","floor":13,"turns":4},{"damage":5,"enemies":"2 Fungi Beasts","floor":14,"turns":4},{"damage":42,"enemies":"Hexaghost","floor":16,"turns":7},{"damage":14,"enemies":"3 Byrds","floor":18,"turns":6},{"damage":10,"enemies":"2 Thieves","floor":22,"turns":3},{"damage":36,"enemies":"Gremlin Leader","floor":24,"turns":4}],"event_choices":[{"event_name":"Shining Light","player_choice":"Entered Light","floor":8,"damage_taken":0},{"event_name":"Liars Game","player_choice":"agreed","floor":10,"damage_taken":0},{"event_name":"Cursed Tome","player_choice":"Obtained Book","floor":20,"damage_taken":0}],"boss_relics":[{"not_picked":["Calling Bell","Runic Cube"],"picked":"Velvet Choker"}],"potions_floor_spawned":[4,5,13,14,16],"seed_played":"-2651888534594129709","killed_by":"Gremlin Leader","ascension_level":5,"is_trial":false}