{"gold_per_floor":[113,127,33,44,44,44,44,44,44,44,119,152,167,186,186,263,263,263,7,0,0,0,0,0,0,0,0,0],"floor_reached":28,"playtime":1230,"items_purged":[],"score":437,"play_id":"fdd25f92-d6f2-45ec-bcdb-4bc45889611b","local_time":"20190503163300","is_ascension_mode":true,"campfire_choices":[{"data":"Footwork","floor":6,"key":"SMITH"},{"data":"Neutralize","floor":7,"key":"SMITH"},{"data":"Crippling Poison","floor":8,"key":"SMITH"},{"data":"Well Laid Plans","floor":10,"key":"SMITH"},{"floor":15,"key":"REST"},{"floor":23,"key":"REST"}],"neow_cost":"TEN_PERCENT_HP_LOSS","seed_source_timestamp":1044599102192406,"circlet_count":0,"master_deck":["AscendersBane","Defend_G","Defend_G","Defend_G","Defend_G","Defend_G","Strike_G","Strike_G","Strike_G","Strike_G","Strike_G","Survivor","Neutralize+1","Well Laid Plans+1","Footwork+1","Footwork+1","Deadly Poison","Crippling Poison+1","Blade Dance","Blade Dance","Envenom","Riddle With Holes+1","Dodge and Roll","Blade Dance","Noxious Fumes","Footwork+1","Cloak And Dagger","After Image"],"relics":["Ring of the Snake","WingedGreaves","Question Card","Pantograph","Ectoplasm","Regal Pillow","Smiling Mask","Juzu Bracelet"],"potions_floor_usage":[16,16,24],"damage_taken":[{"damage":0,"enemies":"Small Slimes","floor":1,"turns":4},{"damage":0,"enemies":"2 Louse","floor":2,"turns":4},{"damage":3,"enemies":"Jaw Worm","floor":4,"turns":5},{"damage":4,"enemies":"Lagavulin","floor":12,"turns":9},{"damage":16,"enemies":"Red Slaver","floor":13,"turns":5},{"damage":2,"enemies":"Large Slime","floor":14,"turns":7},{"damage":15,"enemies":"Slime Boss","floor":16,"turns":9},{"damage":11,"enemies":"Spheric Guardian","floor":18,"turns":8},{"damage":20,"enemies":"2 Thieves","floor":20,"turns":4},{"damage":14,"enemies":"3 Cultists","floor":22,"turns":6},{"damage":3,"enemies":"Gremlin Leader","floor":24,"turns":6},{"damage":34,"enemies":"Colosseum Slavers","floor":25,"turns":6},{"damage":11,"enemies":"Sentry and Sphere","floor":28,"turns":2}],"seed_played":"4583657324100720027","potions_obtained":[{"floor":1,"key":"Strength Potion"},{"floor":4,"key":"Fire Potion"},{"floor":18,"key":"FearPotion"},{"floor":20,"key":"FearPotion"},{"floor":22,"key":"Explosive Potion"}],"is_trial":false,"path_per_floor":["M","M","$","M","?","R","R","R","T","R","?","E","M","M","R","B",null,"M","$","M","?","M","R","E","?","T","?","M"],"character_chosen":"THE_SILENT","items_purchased":["Footwork","Deadly Poison","Dodge and Roll","Blade Dance","Regal Pillow"],"campfire_rested":2,"item_purchase_floors":[3,3,19,19,19],"current_hp_per_floor":[59,59,59,56,56,56,56,56,56,56,45,41,25,23,41,45,56,45,45,25,25,11,44,41,7,7,7,0],"gold":0,"neow_bonus":"ONE_RARE_RELIC","is_prod":false,"is_daily":false,"chose_seed":false,"campfire_upgraded":4,"win_rate":0,"timestamp":1556893980,"path_taken":["M","M","$","M","?","R","R","R","T","R","?","E","M","M","R","BOSS","M","$","M","?","?","R","E","?","T","?","M"],"build_version":"2019-04-23","purchased_purges":0,"victory":false,"max_hp_per_floor":[60,60,60,60,60,60,60,60,60,60,60,60,60,60,60,60,60,60,60,60,60,60,60,60,60,60,60,60],"card_choices":[{"not_picked":["Accuracy","Bane"],"picked":"Well Laid Plans","floor":1},{"not_picked":["All Out Attack","Predator"],"picked":"Footwork","floor":2},{"not_picked":["Deflect","Expertise"],"picked":"Crippling Poison","floor":4},{"not_picked":["Concentrate","Underhanded Strike","Prepared"],"picked":"Blade Dance","floor":12},{"not_picked":["Tactician","Dagger Throw","Deflect","Phantasmal Killer"],"picked":"SKIP","floor":13},{"not_picked":["All Out Attack","Deflect","Concentrate"],"picked":"Blade Dance","floor":14},{"not_picked":["Doppelganger","Die Die Die","Wraith Form v2"],"picked":"Envenom","floor":16},{"not_picked":["Concentrate","Bane","Deadly Poison"],"picked":"Riddle With Holes+1","floor":18},{"not_picked":["Dagger Throw","Infinite Blades","Escape Plan"],"picked":"Noxious Fumes","floor":20},{"not_picked":["Deflect","Underhanded Strike","Dodge and Roll+1"],"picked":"Cloak And Dagger","floor":22},{"not_picked":["Dagger Spray","Backflip","Sucker Punch"],"picked":"After Image","floor":24}],"player_experience":1462790,"relics_obtained":[{"floor":9,"key":"Question Card"},{"floor":12,"key":"Pantograph"},{"floor":24,"key":"Smiling Mask"},{"floor":26,"key":"Juzu Bracelet"}],"event_choices":[{"damage_healed":0,"gold_gain":0,"player_choice":"Grow","damage_taken":0,"max_hp_gain":0,"max_hp_loss":0,"event_name":"Living Wall","floor":5,"gold_loss":0,"cards_upgraded":["Footwork"]},{"damage_healed":0,"gold_gain":75,"player_choice":"Gather Gold","damage_taken":11,"max_hp_gain":0,"max_hp_loss":0,"event_name":"World of Goop","floor":11,"gold_loss":0},{"damage_healed":0,"gold_gain":0,"player_choice":"Copied","damage_taken":0,"max_hp_gain":0,"max_hp_loss":0,"event_name":"Duplicator","floor":21,"gold_loss":0,"cards_obtained":["Footwork"]},{"damage_healed":0,"gold_gain":0,"player_choice":"Fight","damage_taken":0,"max_hp_gain":0,"max_hp_loss":0,"event_name":"Colosseum","floor":25,"gold_loss":0},{"damage_healed":0,"gold_gain":0,"player_choice":"Fled From Nobs","damage_taken":0,"max_hp_gain":0,"max_hp_loss":0,"event_name":"Colosseum","floor":25,"gold_loss":0},{"damage_healed":0,"gold_gain":0,"player_choice":"Ignored","damage_taken":0,"max_hp_gain":0,"max_hp_loss":0,"event_name":"Ghosts","floor":27,"gold_loss":0}],"is_beta":true,"boss_relics":[{"not_picked":["Astrolabe","Lizard Tail"],"picked":"Ectoplasm"}],"items_purged_floors":[],"is_endless":false,"potions_floor_spawned":[1,4,12,18,20,22,25],"killed_by":"Sentry and Sphere","ascension_level":17}