{"gold_per_floor":[213,223,498,71,89,116,116,151,151,151,168,180,197,215,215,319,319,329,329,339,239,239,239,257,257,257,257,289,289,115,131,131,233,233,246,246],"floor_reached":36,"playtime":1410,"items_purged":["Regret","Strike_B"],"score":512,"play_id":"cff48a50-a7c0-45a3-a61a-355fef647232","local_time":"20190124221654","is_ascension_mode":true,"campfire_choices":[{"data":"Zap","floor":7,"key":"SMITH"},{"data":"Gash","floor":10,"key":"SMITH"},{"floor":15,"key":"REST"},{"data":"Rainbow","floor":23,"key":"SMITH"},{"floor":25,"key":"REST"},{"floor":27,"key":"REST"},{"data":"Apotheosis","floor":32,"key":"SMITH"}],"neow_cost":"NONE","seed_source_timestamp":269774161735499,"circlet_count":0,"master_deck":["Strike_B","Strike_B","Strike_B","Defend_B","Defend_B","Defend_B","Defend_B","Zap+1","Dualcast","Heatsinks","Gash+1","Cold Snap","Cold Snap","Gash","Gash","Coolheaded","Genetic Algorithm","Cold Snap","Rainbow+1","Barrage","Blizzard+1","Writhe","White Noise","Blizzard","Apotheosis+1","Go for the Eyes+1","Echo Form","Leap+1"],"relics":["Cracked Core","Runic Capacitor","PreservedInsect","Strawberry","Symbiotic Virus","Bottled Flame","Black Star","Matryoshka","Art of War","StoneCalendar","Bag of Preparation","Boot","White Beast Statue"],"potions_floor_usage":[16,16,20,24,28,28,28,28,28,28,33,36],"damage_taken":[{"damage":4,"enemies":"Jaw Worm","floor":1,"turns":3},{"damage":1,"enemies":"Cultist","floor":2,"turns":3},{"damage":0,"enemies":"Small Slimes","floor":5,"turns":3},{"damage":24,"enemies":"Lagavulin","floor":6,"turns":7},{"damage":14,"enemies":"3 Sentries","floor":8,"turns":5},{"damage":9,"enemies":"Red Slaver","floor":11,"turns":3},{"damage":0,"enemies":"Looter","floor":12,"turns":3},{"damage":6,"enemies":"Blue Slaver","floor":13,"turns":3},{"damage":8,"enemies":"Large Slime","floor":14,"turns":4},{"damage":19,"enemies":"Hexaghost","floor":16,"turns":11},{"damage":35,"enemies":"2 Thieves","floor":18,"turns":4},{"damage":14,"enemies":"Chosen","floor":20,"turns":5},{"damage":21,"enemies":"Snecko","floor":24,"turns":5},{"damage":25,"enemies":"Slavers","floor":28,"turns":4},{"damage":8,"enemies":"Snake Plant","floor":31,"turns":4},{"damage":27,"enemies":"Collector","floor":33,"turns":8},{"damage":29,"enemies":"3 Shapes","floor":35,"turns":6},{"damage":51,"enemies":"2 Orb Walkers","floor":36,"turns":3}],"seed_played":"631881627466360000","potions_obtained":[{"floor":2,"key":"EssenceOfSteel"},{"floor":5,"key":"Poison Potion"},{"floor":8,"key":"SneckoOil"},{"floor":16,"key":"SpeedPotion"},{"floor":18,"key":"Regen Potion"},{"floor":19,"key":"EntropicBrew"},{"floor":19,"key":"LiquidBronze"},{"floor":20,"key":"Block Potion"},{"floor":33,"key":"Dexterity Potion"},{"floor":35,"key":"Energy Potion"}],"is_trial":false,"path_per_floor":["M","M","?","$","M","E","R","E","T","R","M","M","M","M","R","B",null,"M","?","M","$","?","R","M","R","T","R","E","?","$","M","R","B",null,"M","?"],"character_chosen":"DEFECT","items_purchased":["Runic Capacitor","PreservedInsect","Apotheosis"],"campfire_rested":3,"item_purchase_floors":[4,4,30],"current_hp_per_floor":[64,63,63,63,63,46,46,32,32,32,23,23,17,9,33,14,65,30,30,30,30,30,30,9,33,33,57,44,71,71,63,63,36,71,42,0],"gold":246,"neow_bonus":"HUNDRED_GOLD","is_prod":false,"is_daily":false,"chose_seed":false,"campfire_upgraded":4,"win_rate":0,"timestamp":1548386214,"path_taken":["M","M","?","$","M","E","R","E","T","R","M","?","M","M","R","BOSS","M","?","?","$","?","R","M","R","T","R","E","?","?","M","R","BOSS","M","?"],"build_version":"2019-01-23","purchased_purges":2,"victory":false,"max_hp_per_floor":[75,75,75,75,75,82,82,82,82,82,82,82,82,82,82,82,82,82,82,82,82,82,82,82,82,82,82,82,82,82,82,82,82,82,82,82],"card_choices":[{"not_picked":["Go for the Eyes","Stack"],"picked":"Heatsinks","floor":1},{"not_picked":["Hello World","Barrage"],"picked":"Gash","floor":2},{"not_picked":["Hello World","Scrape"],"picked":"Cold Snap","floor":5},{"not_picked":["Undo","Stack"],"picked":"Cold Snap","floor":6},{"not_picked":["Skim","Doom and Gloom"],"picked":"Gash","floor":8},{"not_picked":["Beam Cell","Recycle"],"picked":"Gash","floor":11},{"not_picked":["Ball Lightning","Sunder"],"picked":"Coolheaded","floor":12},{"not_picked":["Ball Lightning","Recycle"],"picked":"Genetic Algorithm","floor":13},{"not_picked":["Chaos","Reboot"],"picked":"Cold Snap","floor":14},{"not_picked":["Hyperbeam","Buffer"],"picked":"Rainbow","floor":16},{"not_picked":["Double Energy","Stack"],"picked":"Barrage","floor":18},{"not_picked":["Rebound","Redo+1"],"picked":"Blizzard+1","floor":20},{"not_picked":["Coolheaded+1","Chaos"],"picked":"White Noise","floor":24},{"not_picked":["Coolheaded","Steam Power"],"picked":"Blizzard","floor":28},{"not_picked":["Recycle","Lockon+1"],"picked":"Go for the Eyes+1","floor":31},{"not_picked":["Multi-Cast","Reboot"],"picked":"Echo Form","floor":33},{"not_picked":["Steam Power","Rebound"],"picked":"Leap+1","floor":35}],"player_experience":2012030,"relics_obtained":[{"floor":6,"key":"Strawberry"},{"floor":8,"key":"Symbiotic Virus"},{"floor":9,"key":"Bottled Flame"},{"floor":26,"key":"Art of War"},{"floor":26,"key":"StoneCalendar"},{"floor":28,"key":"Bag of Preparation"},{"floor":28,"key":"Boot"}],"event_choices":[{"damage_healed":0,"gold_gain":275,"player_choice":"Desecrate","damage_taken":0,"max_hp_gain":0,"max_hp_loss":0,"event_name":"Golden Shrine","floor":3,"gold_loss":0,"cards_obtained":["Regret"]},{"damage_healed":0,"gold_gain":0,"player_choice":"Got Potions","damage_taken":0,"max_hp_gain":0,"max_hp_loss":0,"event_name":"Lab","floor":19,"gold_loss":0},{"damage_healed":0,"gold_gain":0,"player_choice":"Opened","damage_taken":0,"relics_obtained":["Matryoshka"],"max_hp_gain":0,"max_hp_loss":0,"event_name":"The Mausoleum","floor":22,"gold_loss":0,"cards_obtained":["Writhe"]},{"damage_healed":27,"gold_gain":0,"player_choice":"Heal","damage_taken":0,"max_hp_gain":0,"max_hp_loss":0,"event_name":"The Library","floor":29,"gold_loss":0},{"damage_healed":0,"gold_gain":0,"player_choice":"Fight","damage_taken":0,"max_hp_gain":0,"max_hp_loss":0,"event_name":"Mysterious Sphere","floor":36,"gold_loss":0}],"is_beta":false,"boss_relics":[{"not_picked":["Eternal Feather","Lizard Tail"],"picked":"Black Star"},{"not_picked":["Runic Pyramid","Snecko Eye"],"picked":"White Beast Statue"}],"items_purged_floors":[4,21],"is_endless":false,"potions_floor_spawned":[2,5,8,16,18,20,33,35],"killed_by":"2 Orb Walkers","ascension_level":6}