{"gold_per_floor":[366,58,70,82,82,82,82,92,92,124,124,142,142,159,159,261,261,272,286,302,315,315],"floor_reached":22,"playtime":1335,"items_purged":[],"score":310,"play_id":"a18e8937-541f-451d-9e0e-ebfc1273f4a1","local_time":"20190108011137","is_ascension_mode":true,"campfire_choices":[{"data":"Armaments","floor":6,"key":"SMITH"},{"data":"Pommel Strike","floor":11,"key":"SMITH"},{"data":"Bash","floor":13,"key":"SMITH"},{"data":"Reaper","floor":15,"key":"SMITH"}],"neow_cost":"PERCENT_DAMAGE","seed_source_timestamp":699586327762800,"circlet_count":0,"master_deck":["AscendersBane","Strike_R","Strike_R","Strike_R","Strike_R","Defend_R","Defend_R","Defend_R","Defend_R","Bash+1","Armaments+1","Reaper+1","Pommel Strike+1","Ghostly Armor","Shrug It Off","Evolve","Shrug It Off","Exhume","Reckless Charge","Flame Barrier"],"relics":["Burning Blood","Torii","Paper Frog","Mango","Busted Crown"],"potions_floor_usage":[7,10,16,16,18,20],"damage_taken":[{"damage":19,"enemies":"Jaw Worm","floor":1,"turns":5},{"damage":1,"enemies":"Small Slimes","floor":3,"turns":4},{"damage":1,"enemies":"Cultist","floor":4,"turns":4},{"damage":16,"enemies":"3 Louse","floor":8,"turns":4},{"damage":19,"enemies":"Lagavulin","floor":10,"turns":9},{"damage":2,"enemies":"Blue Slaver","floor":12,"turns":4},{"damage":2,"enemies":"Exordium Wildlife","floor":14,"turns":5},{"damage":95,"enemies":"Hexaghost","floor":16,"turns":15},{"damage":18,"enemies":"3 Byrds","floor":18,"turns":10},{"damage":2,"enemies":"Chosen","floor":19,"turns":6},{"damage":96,"enemies":"3 Cultists","floor":20,"turns":10},{"damage":4,"enemies":"Centurion and Healer","floor":21,"turns":9},{"damage":45,"enemies":"Cultist and Chosen","floor":22,"turns":4}],"seed_played":"-4277764484094220499","potions_obtained":[{"floor":7,"key":"Weak Potion"},{"floor":7,"key":"FairyPotion"},{"floor":7,"key":"Fruit Juice"},{"floor":8,"key":"Energy Potion"},{"floor":14,"key":"AttackPotion"},{"floor":16,"key":"SpeedPotion"},{"floor":18,"key":"Block Potion"}],"is_trial":false,"path_per_floor":["M","$","M","M","?","R","?","M","T","E","R","M","R","M","R","B",null,"M","M","M","M","M"],"character_chosen":"IRONCLAD","items_purchased":["Torii"],"campfire_rested":0,"item_purchase_floors":[2],"current_hp_per_floor":[38,38,43,52,52,52,57,62,62,71,71,80,80,92,92,11,77,67,79,15,35,0],"gold":315,"neow_bonus":"TWO_FIFTY_GOLD","is_prod":false,"is_daily":false,"chose_seed":false,"campfire_upgraded":4,"win_rate":0,"timestamp":1546927897,"path_taken":["M","$","M","M","?","R","?","M","T","E","R","M","R","M","R","BOSS","M","M","?","M","M"],"build_version":"2019-01-03v4","purchased_purges":0,"victory":false,"max_hp_per_floor":[80,80,80,80,80,80,85,85,85,99,99,99,99,99,99,99,99,99,99,99,99,99],"card_choices":[{"not_picked":["Flex","Iron Wave"],"picked":"Armaments","floor":1},{"not_picked":["Dropkick","Bloodletting"],"picked":"Reaper","floor":3},{"not_picked":["Twin Strike","Anger"],"picked":"Pommel Strike","floor":4},{"not_picked":["Perfected Strike","Pommel Strike"],"picked":"Shrug It Off","floor":8},{"not_picked":["Intimidate","Anger","Rampage"],"picked":"SKIP","floor":10},{"not_picked":["Iron Wave","Exhume"],"picked":"Evolve","floor":12},{"not_picked":["Heavy Blade","Twin Strike"],"picked":"Shrug It Off","floor":14},{"not_picked":["Brutality","Offering"],"picked":"Exhume","floor":16},{"not_picked":[],"picked":"Reckless Charge","floor":18},{"not_picked":["Whirlwind"],"picked":"SKIP","floor":19},{"not_picked":["Bloodletting+1"],"picked":"SKIP","floor":20},{"not_picked":[],"picked":"Flame Barrier","floor":21}],"player_experience":1720980,"relics_obtained":[{"floor":9,"key":"Paper Frog"},{"floor":10,"key":"Mango"}],"event_choices":[{"damage_healed":0,"gold_gain":0,"cards_transformed":["Strike_R"],"player_choice":"Change","damage_taken":0,"max_hp_gain":0,"max_hp_loss":0,"event_name":"Living Wall","floor":5,"gold_loss":0,"cards_obtained":["Ghostly Armor"]},{"damage_healed":0,"gold_gain":0,"player_choice":"Got Potions","damage_taken":0,"max_hp_gain":0,"max_hp_loss":0,"event_name":"Lab","floor":7,"gold_loss":0}],"is_beta":false,"boss_relics":[{"not_picked":["Tiny House","Sozu"],"picked":"Busted Crown"}],"items_purged_floors":[],"is_endless":false,"potions_floor_spawned":[8,14,16,18],"killed_by":"Cultist and Chosen","ascension_level":10}