{"gold_per_floor":[213,227,227,240,255,255,286,301,378,378,161,192,192,204,204,301,301,316,239,266,283,295,295,307,307,307,317,317],"floor_reached":28,"playtime":1712,"items_purged":["Regret"],"score":232,"play_id":"35ffcd14-ce4f-43df-9761-ff8dbd5079ca","local_time":"20180706003600","is_ascension_mode":false,"campfire_choices":[{"data":"Wild Strike","floor":6,"key":"SMITH"},{"data":"1","floor":10,"key":"LIFT"},{"data":"2","floor":13,"key":"LIFT"},{"data":"3","floor":15,"key":"LIFT"},{"floor":23,"key":"REST"},{"data":"Double Tap","floor":25,"key":"SMITH"}],"neow_cost":"NONE","seed_source_timestamp":80029077880620,"circlet_count":0,"master_deck":["Strike_R","Strike_R","Strike_R","Strike_R","Strike_R","Defend_R","Defend_R","Defend_R","Defend_R","Bash","Power Through","Wild Strike+1","Bloodletting","Evolve","Wild Strike","Double Tap+1","Pummel","Warcry","Exhume","J.A.X.","Reckless Charge","Wild Strike"],"relics":["Burning Blood","Omamori","Girya","Letter Opener","Boot","Busted Crown","Red Mask","Ornamental Fan"],"potions_floor_usage":[5,16,16,28],"damage_taken":[{"damage":4,"enemies":"Small Slimes","floor":1,"turns":4},{"damage":0,"enemies":"Jaw Worm","floor":2,"turns":4},{"damage":3,"enemies":"Cultist","floor":4,"turns":3},{"damage":19,"enemies":"Lots of Slimes","floor":5,"turns":7},{"damage":23,"enemies":"Gremlin Nob","floor":7,"turns":4},{"damage":9,"enemies":"Exordium Wildlife","floor":8,"turns":3},{"damage":14,"enemies":"3 Sentries","floor":12,"turns":7},{"damage":7,"enemies":"3 Louse","floor":14,"turns":3},{"damage":15,"enemies":"Slime Boss","floor":16,"turns":10},{"damage":20,"enemies":"2 Thieves","floor":18,"turns":4},{"damage":29,"floor":20,"turns":4},{"damage":8,"enemies":"Shell Parasite","floor":21,"turns":3},{"damage":35,"enemies":"Snecko","floor":22,"turns":6},{"damage":6,"enemies":"Chosen and Byrds","floor":24,"turns":4},{"damage":16,"enemies":"Sentry and Sphere","floor":27,"turns":4},{"damage":38,"enemies":"Book of Stabbing","floor":28,"turns":3}],"seed_played":"147158166442646186","potions_obtained":[{"floor":2,"key":"SpeedPotion"},{"floor":4,"key":"Fruit Juice"},{"floor":12,"key":"Energy Potion"},{"floor":21,"key":"SteroidPotion"}],"is_trial":false,"path_per_floor":["M","M","?","M","M","R","E","M","T","R","$","E","R","M","R","B",null,"M","?","?","M","M","R","M","R","T","M"],"character_chosen":"IRONCLAD","items_purchased":["Double Tap"],"campfire_rested":1,"item_purchase_floors":[11],"current_hp_per_floor":[80,80,80,80,72,72,55,52,52,52,52,44,44,43,43,34,85,71,71,48,46,17,42,42,42,42,32,0],"gold":317,"neow_bonus":"HUNDRED_GOLD","is_prod":false,"is_daily":false,"chose_seed":false,"campfire_upgraded":2,"win_rate":0,"timestamp":1530851760,"path_taken":["M","M","?","M","?","R","E","M","T","R","$","E","R","M","R","BOSS","M","?","?","M","M","R","M","R","T","M","E"],"build_version":"2018-07-05","purchased_purges":1,"victory":false,"max_hp_per_floor":[80,80,80,80,85,85,85,85,85,85,85,85,85,85,85,85,85,85,85,85,85,85,85,85,85,85,85,85],"card_choices":[{"not_picked":["Havoc","Sever Soul"],"picked":"Power Through","floor":1},{"not_picked":["Thunderclap","Twin Strike"],"picked":"Wild Strike","floor":2},{"not_picked":["True Grit","Shrug It Off"],"picked":"Bloodletting","floor":4},{"not_picked":["Havoc","Armaments"],"picked":"Evolve","floor":5},{"not_picked":["Clash","Perfected Strike","Intimidate"],"picked":"SKIP","floor":7},{"not_picked":["Fire Breathing","Body Slam"],"picked":"Wild Strike","floor":8},{"not_picked":["Shockwave","Headbutt"],"picked":"Pummel","floor":12},{"not_picked":["Perfected Strike","Cleave"],"picked":"Warcry","floor":14},{"not_picked":["Brutality","Berserk"],"picked":"Exhume","floor":16},{"not_picked":["Clothesline+1"],"picked":"SKIP","floor":18},{"not_picked":[],"picked":"Reckless Charge","floor":21},{"not_picked":[],"picked":"Wild Strike","floor":22},{"not_picked":["Carnage"],"picked":"SKIP","floor":24},{"not_picked":["Clothesline"],"picked":"SKIP","floor":27}],"player_experience":176327,"relics_obtained":[{"floor":7,"key":"Girya"},{"floor":9,"key":"Letter Opener"},{"floor":12,"key":"Boot"},{"floor":20,"key":"Red Mask"},{"floor":26,"key":"Ornamental Fan"}],"event_choices":[{"event_name":"Big Fish","player_choice":"Box","floor":3,"damage_taken":0},{"event_name":"Drug Dealer","player_choice":"Got JAXXED","floor":19,"damage_taken":0},{"event_name":"Masked Bandits","player_choice":"Fought over 239 gold","floor":20,"damage_taken":0}],"boss_relics":[{"not_picked":["Eternal Feather","Fusion Hammer"],"picked":"Busted Crown"}],"items_purged_floors":[11],"is_endless":false,"potions_floor_spawned":[2,4,12,21],"killed_by":"Book of Stabbing","ascension_level":0}