{"gold_per_floor":[112,65,79,254,254,289,301,301,324,359,376,376,393,393],"floor_reached":14,"playtime":496,"items_purged":[],"score":206,"play_id":"125ab32e-3768-452e-8481-ce12b3e5c9a3","local_time":"20190427121234","is_ascension_mode":true,"campfire_choices":[{"data":"Searing Blow","floor":8,"key":"SMITH"},{"data":"Searing Blow+1","floor":12,"key":"SMITH"}],"neow_cost":"NONE","seed_source_timestamp":511307433622721,"circlet_count":0,"master_deck":["AscendersBane","Strike_R","Strike_R+1","Strike_R","Strike_R","Strike_R","Defend_R","Defend_R","Defend_R","Defend_R","Bash","Searing Blow+2","True Grit","Shrug It Off+1","Doubt","Havoc"],"relics":["Burning Blood","NeowsBlessing","Happy Flower","Ancient Tea Set","Smiling Mask"],"potions_floor_usage":[],"damage_taken":[{"damage":0,"enemies":"Jaw Worm","floor":1,"turns":1},{"damage":0,"enemies":"Small Slimes","floor":3,"turns":1},{"damage":0,"enemies":"Gremlin Nob","floor":6,"turns":1},{"damage":1,"enemies":"2 Louse","floor":7,"turns":3},{"damage":47,"enemies":"3 Sentries","floor":10,"turns":16},{"damage":0,"enemies":"2 Fungi Beasts","floor":11,"turns":3},{"damage":13,"enemies":"Gremlin Gang","floor":13,"turns":6},{"damage":53,"enemies":"Gremlin Nob","floor":14,"turns":4}],"seed_played":"8355002534598871571","potions_obtained":[{"floor":6,"key":"SpeedPotion"},{"floor":7,"key":"Ancient Potion"}],"is_trial":false,"path_per_floor":["M","$","M","?","?","E","M","R","T","E","M","R","M","E"],"character_chosen":"IRONCLAD","items_purchased":["True Grit"],"campfire_rested":0,"item_purchase_floors":[2],"current_hp_per_floor":[78,78,80,80,64,70,75,75,75,34,40,40,33,0],"gold":393,"neow_bonus":"THREE_ENEMY_KILL","is_prod":false,"is_daily":false,"chose_seed":false,"campfire_upgraded":2,"win_rate":0,"timestamp":1556359954,"path_taken":["M","$","M","?","?","E","M","R","T","E","M","R","?","E"],"build_version":"2019-04-23","purchased_purges":0,"victory":false,"max_hp_per_floor":[80,80,80,80,80,80,80,80,80,80,80,80,80,80],"card_choices":[{"not_picked":["Cleave","Dropkick"],"picked":"Searing Blow","floor":1},{"not_picked":["Carnage","Body Slam"],"picked":"Shrug It Off","floor":3},{"not_picked":["Sword Boomerang","Clash"],"picked":"Havoc","floor":6},{"not_picked":["Heavy Blade","Power Through","Reckless Charge"],"picked":"SKIP","floor":7},{"not_picked":["Combust","Flex","Limit Break"],"picked":"SKIP","floor":10},{"not_picked":["Perfected Strike","Combust","Searing Blow"],"picked":"SKIP","floor":11},{"not_picked":["Perfected Strike","Dual Wield","Flex"],"picked":"SKIP","floor":13}],"player_experience":1259687,"relics_obtained":[{"floor":6,"key":"Happy Flower"},{"floor":9,"key":"Ancient Tea Set"},{"floor":10,"key":"Smiling Mask"}],"event_choices":[{"damage_healed":0,"gold_gain":175,"player_choice":"AGREE","damage_taken":0,"max_hp_gain":0,"max_hp_loss":0,"event_name":"Liars Game","floor":4,"gold_loss":0,"cards_obtained":["Doubt"]},{"damage_healed":0,"gold_gain":0,"player_choice":"Entered Light","damage_taken":16,"max_hp_gain":0,"max_hp_loss":0,"event_name":"Shining Light","floor":5,"gold_loss":0,"cards_upgraded":["Shrug It Off","Strike_R"]}],"is_beta":true,"boss_relics":[],"items_purged_floors":[],"is_endless":false,"potions_floor_spawned":[6,7],"killed_by":"Gremlin Nob","ascension_level":13}