{"gold_per_floor":[116,41,41,59,79,79,38,70,70,345,356,356],"floor_reached":12,"playtime":268,"items_purged":[],"score":148,"play_id":"04b4ef84-37da-4e82-a8cc-5a4ed5128ed2","local_time":"20190506185239","is_ascension_mode":true,"campfire_choices":[{"data":"Stack","floor":6,"key":"SMITH"}],"neow_cost":"NONE","seed_source_timestamp":1313140662719503,"circlet_count":0,"master_deck":["AscendersBane","Strike_B","Strike_B","Strike_B","Defend_B","Defend_B","Defend_B","Defend_B","Zap","Dualcast","Doom and Gloom","Coolheaded","Stack+1","Sweeping Beam","Capacitor","Ball Lightning","Regret","Ball Lightning"],"relics":["Cracked Core","Nunchaku","Blue Candle"],"potions_floor_usage":[8],"damage_taken":[{"damage":0,"enemies":"2 Louse","floor":1,"turns":3},{"damage":2,"enemies":"Jaw Worm","floor":4,"turns":3},{"damage":0,"enemies":"Cultist","floor":5,"turns":4},{"damage":60,"enemies":"Gremlin Nob","floor":8,"turns":6},{"damage":5,"enemies":"Blue Slaver","floor":11,"turns":4},{"damage":2,"enemies":"Exordium Thugs","floor":12,"turns":2}],"seed_played":"1405071098481191658","potions_obtained":[{"floor":4,"key":"FocusPotion"},{"floor":11,"key":"Ancient Potion"}],"is_trial":false,"path_per_floor":["M","?","?","M","M","R","$","E","T","?","M","M"],"character_chosen":"DEFECT","items_purchased":["Capacitor"],"campfire_rested":0,"item_purchase_floors":[7],"current_hp_per_floor":[64,64,69,67,67,67,67,7,7,7,2,0],"gold":356,"neow_bonus":"THREE_CARDS","is_prod":false,"is_daily":false,"chose_seed":false,"campfire_upgraded":1,"win_rate":0,"timestamp":1557161559,"path_taken":["M","?","?","M","?","R","?","E","T","?","M","M"],"build_version":"2019-04-23","purchased_purges":0,"victory":false,"max_hp_per_floor":[71,71,76,76,76,76,76,76,76,76,76,76],"card_choices":[{"not_picked":["Genetic Algorithm","Stack"],"picked":"Doom and Gloom","floor":0},{"not_picked":["Turbo","Gash"],"picked":"Coolheaded","floor":1},{"not_picked":["Beam Cell","Storm"],"picked":"Stack","floor":4},{"not_picked":["Coolheaded","Streamline"],"picked":"Sweeping Beam","floor":5},{"not_picked":["Chill","Doom and Gloom"],"picked":"Ball Lightning","floor":8},{"not_picked":["Redo","Gash"],"picked":"Ball Lightning","floor":11}],"player_experience":1543751,"relics_obtained":[{"floor":8,"key":"Nunchaku"},{"floor":9,"key":"Blue Candle"}],"event_choices":[{"cards_removed":["Strike_B"],"damage_healed":0,"gold_gain":0,"player_choice":"Card Removal","damage_taken":0,"max_hp_gain":0,"max_hp_loss":0,"event_name":"The Cleric","floor":2,"gold_loss":75},{"damage_healed":0,"gold_gain":0,"player_choice":"Donut","damage_taken":0,"max_hp_gain":5,"max_hp_loss":0,"event_name":"Big Fish","floor":3,"gold_loss":0},{"damage_healed":0,"gold_gain":275,"player_choice":"Desecrate","damage_taken":0,"max_hp_gain":0,"max_hp_loss":0,"event_name":"Golden Shrine","floor":10,"gold_loss":0,"cards_obtained":["Regret"]}],"is_beta":true,"boss_relics":[],"items_purged_floors":[],"is_endless":false,"potions_floor_spawned":[4,11],"killed_by":"Exordium Thugs","ascension_level":18}