{"gold_per_floor":[19,19,37,57,76,76,105,105,132,154,237,269,301,333,345,455,467,492,518,547,559,589,626,152,251,251,251],"floor_reached":27,"playtime":1620,"items_purged":["Strike_B"],"score":239,"play_id":"162119b1-5513-4669-80e0-66f6813cba91","local_time":"20180802232534","is_ascension_mode":false,"campfire_choices":[{"data":"Echo Form","floor":6,"key":"SMITH"},{"floor":15,"key":"REST"}],"neow_cost":"NO_GOLD","seed_source_timestamp":23617163337307,"circlet_count":0,"master_deck":["Strike_B+1","Strike_B","Defend_B","Defend_B","Defend_B","Defend_B","Zap","Dualcast+1","Echo Form+1","Sunder","Leap","Skim","Streamline","Conserve Battery","Seek","Amplify","Capacitor","Force Field+1","Jack Of All Trades"],"relics":["FrozenCore","Orichalcum","MawBank","Letter Opener","Ancient Tea Set","StoneCalendar","Gambling Chip"],"potions_floor_usage":[7,16,16,16,18,23],"damage_taken":[{"damage":1,"enemies":"Jaw Worm","floor":1,"turns":5},{"damage":1,"enemies":"Cultist","floor":3,"turns":3},{"damage":1,"enemies":"Small Slimes","floor":4,"turns":3},{"damage":0,"enemies":"2 Fungi Beasts","floor":5,"turns":3},{"damage":29,"enemies":"3 Sentries","floor":7,"turns":9},{"damage":0,"enemies":"Large Slime","floor":10,"turns":2},{"damage":13,"enemies":"Gremlin Gang","floor":12,"turns":3},{"damage":0,"enemies":"Exordium Thugs","floor":13,"turns":3},{"damage":3,"enemies":"Red Slaver","floor":14,"turns":4},{"damage":15,"enemies":"Hexaghost","floor":16,"turns":9},{"damage":12,"enemies":"2 Thieves","floor":18,"turns":5},{"damage":0,"enemies":"Shell Parasite","floor":19,"turns":8},{"damage":3,"enemies":"Snecko","floor":20,"turns":5},{"damage":6,"enemies":"Cultist and Chosen","floor":22,"turns":8},{"damage":52,"enemies":"Slavers","floor":23,"turns":11},{"damage":3,"enemies":"Slaver and Parasite","floor":27,"turns":1}],"seed_played":"-3086936270964187171","potions_obtained":[{"floor":3,"key":"FearPotion"},{"floor":5,"key":"Swift Potion"},{"floor":10,"key":"LiquidBronze"},{"floor":13,"key":"Fire Potion"},{"floor":14,"key":"Regen Potion"},{"floor":16,"key":"Explosive Potion"},{"floor":19,"key":"FearPotion"},{"floor":22,"key":"SkillPotion"}],"is_trial":false,"path_per_floor":["M","$","M","M","M","R","E","?","T","M","T","M","M","M","R","B",null,"M","M","M","?","M","E","$","?","T"],"character_chosen":"DEFECT","items_purchased":["StoneCalendar","Jack Of All Trades"],"campfire_rested":1,"item_purchase_floors":[24,24],"current_hp_per_floor":[74,74,73,72,72,72,43,28,28,28,28,15,15,12,34,34,75,63,63,60,60,54,2,2,2,2,0],"gold":251,"neow_bonus":"THREE_RARE_CARDS","is_prod":false,"is_daily":false,"chose_seed":false,"campfire_upgraded":1,"win_rate":0,"timestamp":1533266734,"path_taken":["M","$","M","M","M","R","E","?","T","M","?","M","M","M","R","BOSS","M","M","M","?","M","E","$","?","T","?"],"build_version":"2018-08-02","purchased_purges":1,"victory":false,"max_hp_per_floor":[75,75,75,75,75,75,75,75,75,75,75,75,75,75,75,75,75,75,75,75,75,75,75,75,75,75,75],"card_choices":[{"not_picked":["Creative AI","Buffer"],"picked":"Echo Form","floor":0},{"not_picked":["Rebound","Skim"],"picked":"Sunder","floor":1},{"not_picked":["Ball Lightning","Coolheaded"],"picked":"Leap","floor":3},{"not_picked":["Hologram","Undo"],"picked":"Skim","floor":4},{"not_picked":["Force Field","Sunder"],"picked":"Streamline","floor":5},{"not_picked":["Thunder Strike","Ball Lightning","Stack"],"picked":"SKIP","floor":7},{"not_picked":["Consume","Turbo","Go for the Eyes"],"picked":"SKIP","floor":10},{"not_picked":["Barrage","Double Energy","Sweeping Beam"],"picked":"SKIP","floor":12},{"not_picked":["White Noise","Turbo"],"picked":"Conserve Battery","floor":13},{"not_picked":["Conserve Battery","Tempest"],"picked":"Seek","floor":14},{"not_picked":["All For One","Echo Form"],"picked":"Amplify","floor":16},{"not_picked":["Beam Cell+1","Scrape"],"picked":"Capacitor","floor":18},{"not_picked":["Hologram","Steam","Sweeping Beam"],"picked":"SKIP","floor":19},{"not_picked":["Go for the Eyes","Turbo","Tempest"],"picked":"SKIP","floor":20},{"not_picked":["Turbo","Reprogram"],"picked":"Force Field+1","floor":22},{"not_picked":["Gash","Sunder","Lockon+1"],"picked":"SKIP","floor":23}],"player_experience":552733,"relics_obtained":[{"floor":7,"key":"Orichalcum"},{"floor":9,"key":"MawBank"},{"floor":11,"key":"Letter Opener"},{"floor":23,"key":"Ancient Tea Set"},{"floor":26,"key":"Gambling Chip"}],"event_choices":[{"event_name":"Shining Light","player_choice":"Entered Light","floor":8,"damage_taken":0},{"event_name":"Purifier","player_choice":"One Purge","floor":21,"damage_taken":0},{"event_name":"Nest","player_choice":"Stole From Cult","floor":25,"damage_taken":0}],"is_beta":false,"boss_relics":[{"not_picked":["Coffee Dripper","Lizard Tail"],"picked":"FrozenCore"}],"items_purged_floors":[24],"is_endless":false,"potions_floor_spawned":[3,5,10,13,14,16,19,22],"killed_by":"Slaver and Parasite","ascension_level":0}