{"path_per_floor":["M","M","?","?","M","E","R","E","T","M","E","?","M","E","R","B",null,"M","$","?","?","?","M","R","E","T","E","?","?","M","M","R"],"character_chosen":"IRONCLAD","items_purchased":["Apotheosis","Mind Blast","Pommel Strike","Energy Potion"],"gold_per_floor":[141,159,225,225,244,274,274,300,373,383,412,412,423,453,453,549,549,561,90,90,15,15,27,27,56,56,89,4,4,18,38,38],"floor_reached":33,"campfire_rested":1,"playtime":1403,"current_hp_per_floor":[75,71,71,71,76,51,51,33,33,37,39,22,26,12,38,31,73,36,36,36,36,65,69,69,72,72,52,52,52,52,60,60],"items_purged":["Doubt"],"gold":38,"score":417,"play_id":"62db3756-9524-429b-bfaf-d848b3d25e6d","is_prod":false,"is_daily":false,"is_ascension_mode":true,"campfire_upgraded":3,"path_taken":["M","M","?","?","M","E","R","E","T","M","E","?","M","E","R","BOSS","M","$","?","?","?","M","R","E","T","E","?","?","M","M","R","BOSS"],"build_version":"2018-02-08-PROD1","purchased_purges":1,"victory":false,"master_deck":["Defend_R","Defend_R","Defend_R","Defend_R+1","Bash+1","Carnage+1","Brutality","Iron Wave","Battle Trance","Flex","Body Slam","Disarm","Flex","Impervious","Reaper","Decay","Shrug It Off","Apotheosis+1","Mind Blast+1","Pommel Strike","Decay","Intimidate+1","Barricade","Uppercut","Dropkick","Bite","Bite","Bite","Bite","Bite","Whirlwind+1"],"max_hp_per_floor":[80,80,80,80,80,80,80,87,87,87,87,87,87,87,87,87,87,87,87,87,87,87,87,87,87,87,87,87,60,60,60,60],"relics":["Burning Blood","Tiny Chest","Oddly Smooth Stone","Strawberry","Bottled Flame","Orichalcum","Pen Nib","Calling Bell","Anchor","Prayer Wheel","Juzu Bracelet","Du-Vu Doll","Charon\u0027s Ashes","Vajra","Red Skull"],"card_choices":[{"not_picked":["Headbutt","Thunderclap"],"picked":"Carnage"},{"not_picked":["Sever Soul","Rage"],"picked":"Brutality"},{"not_picked":["Clash","Wild Strike"],"picked":"Iron Wave"},{"not_picked":["Rage","Warcry"],"picked":"Battle Trance"},{"not_picked":["Clash","Pummel"],"picked":"Flex"},{"not_picked":["Cleave","Wild Strike"],"picked":"Body Slam"},{"not_picked":["Iron Wave","Dark Embrace"],"picked":"Disarm"},{"not_picked":["Cleave","Bloodletting"],"picked":"Flex"},{"not_picked":["Sever Soul","Havoc"],"picked":"Impervious"},{"not_picked":["Impervious","Exhume"],"picked":"Reaper"},{"not_picked":["Carnage","Iron Wave"],"picked":"Shrug It Off"},{"not_picked":["Perfected Strike","Rampage"],"picked":"Intimidate"},{"not_picked":["Clothesline","Clash"],"picked":"Barricade"},{"not_picked":["Rupture","Thunderclap"],"picked":"Uppercut"},{"not_picked":["Cleave","Corruption"],"picked":"Dropkick"},{"not_picked":["Flame Barrier","Shrug It Off"],"picked":"Whirlwind"}],"player_experience":505716,"potions_floor_usage":[8,10,10,11,13,16,25,25,31,33],"damage_taken":[{"damage":11,"enemies":"Jaw Worm","floor":1,"turns":4},{"damage":10,"enemies":"Small Slimes","floor":2,"turns":3},{"damage":1,"enemies":"2 Louse","floor":5,"turns":2},{"damage":31,"enemies":"3 Sentries","floor":6,"turns":7},{"damage":31,"enemies":"Lagavulin","floor":8,"turns":4},{"damage":17,"enemies":"Large Slime","floor":10,"turns":6},{"damage":4,"enemies":"3 Sentries","floor":11,"turns":5},{"damage":2,"enemies":"Exordium Thugs","floor":13,"turns":4},{"damage":20,"enemies":"Gremlin Nob","floor":14,"turns":4},{"damage":13,"enemies":"The Guardian","floor":16,"turns":7},{"damage":45,"enemies":"3 Byrds","floor":18,"turns":9},{"damage":2,"enemies":"Chosen","floor":23,"turns":4},{"damage":7,"enemies":"Slavers","floor":25,"turns":6},{"damage":26,"enemies":"Book of Stabbing","floor":27,"turns":5},{"damage":8,"enemies":"Snake Plant","floor":30,"turns":2},{"damage":12,"enemies":"3 Cultists","floor":31,"turns":5},{"damage":91,"enemies":"Collector","floor":33,"turns":7}],"event_choices":[{"event_name":"Golden Wing","player_choice":"Gained Gold","floor":3,"damage_taken":0},{"event_name":"Living Wall","player_choice":"Grow","floor":4,"damage_taken":0},{"event_name":"Shining Light","player_choice":"Entered Light","floor":12,"damage_taken":0},{"event_name":"Wheel of Change","player_choice":"Curse","floor":20,"damage_taken":0},{"event_name":"Beggar","player_choice":"Gave Gold","floor":21,"damage_taken":0},{"event_name":"The Library","player_choice":"Heal","floor":22,"damage_taken":0},{"event_name":"Addict","player_choice":"Obtained Relic","floor":28,"damage_taken":0},{"event_name":"Vampires","player_choice":"Became a vampire","floor":29,"damage_taken":0}],"boss_relics":[{"not_picked":["Eternal Feather","Runic Cube"],"picked":"Calling Bell"}],"potions_floor_spawned":[2,6,8,10,11,14,23,30,31],"seed_played":"-264092470393240526","killed_by":"Collector","ascension_level":5,"is_trial":false}