{"gold_per_floor":[20,20,33,47,47,47,65,96,121,46,46,46,46,81,81,180,180,191,32,52,17,17,51,51,61,61,61,93,93,93,110,110,214,214,230,230,330,344,356,356,31,31,31,44,78,78],"floor_reached":46,"playtime":2595,"items_purged":["Strike_R"],"score":804,"play_id":"d469ff85-0d34-42cb-8e15-d2edffe073c5","local_time":"20190114191424","is_ascension_mode":true,"campfire_choices":[{"data":"Bash","floor":6,"key":"SMITH"},{"data":"Enlightenment","floor":11,"key":"SMITH"},{"data":"Shockwave","floor":13,"key":"SMITH"},{"data":"Carnage","floor":15,"key":"SMITH"},{"floor":24,"key":"REST"},{"data":"Bludgeon","floor":27,"key":"SMITH"},{"floor":29,"key":"REST"},{"floor":32,"key":"REST"},{"floor":40,"key":"REST"},{"floor":42,"key":"REST"}],"neow_cost":"NO_GOLD","seed_source_timestamp":0,"circlet_count":0,"master_deck":["AscendersBane","Strike_R+1","Strike_R+1","Strike_R+1","Strike_R+1","Defend_R+1","Defend_R+1","Defend_R+1","Defend_R+1","Bash+1","Enlightenment+1","Metamorphosis+1","Carnage+1","Shockwave+1","Spot Weakness","Feel No Pain","Bludgeon+1","True Grit","Barricade","Heavy Blade","Sentinel","Demon Form","Decay","Bludgeon","Entrench","True Grit+1","Heavy Blade+1","Headbutt+1","Offering","Parasite","Headbutt+1","Shrug It Off+1"],"special_seed":0,"relics":["Burning Blood","Strawberry","Red Skull","Self Forming Clay","Blood Vial","Mark of Pain","Smiling Mask","Bottled Flame","Mummified Hand","Black Star","Shovel","Paper Frog","Toxic Egg 2","Pen Nib","Art of War"],"potions_floor_usage":[18,23,23,33,44,44,45],"damage_taken":[{"damage":9,"enemies":"2 Louse","floor":1,"turns":4},{"damage":0,"enemies":"Cultist","floor":3,"turns":2},{"damage":7,"enemies":"Jaw Worm","floor":4,"turns":3},{"damage":14,"enemies":"Large Slime","floor":7,"turns":4},{"damage":30,"enemies":"Lagavulin","floor":8,"turns":6},{"damage":16,"enemies":"Gremlin Nob","floor":14,"turns":3},{"damage":13,"enemies":"Slime Boss","floor":16,"turns":6},{"damage":2,"enemies":"3 Byrds","floor":18,"turns":3},{"damage":38,"enemies":"2 Thieves","floor":20,"turns":4},{"damage":31,"enemies":"Gremlin Leader","floor":23,"turns":7},{"damage":15,"enemies":"Centurion and Healer","floor":25,"turns":5},{"damage":36,"enemies":"Book of Stabbing","floor":28,"turns":5},{"damage":23,"enemies":"Snake Plant","floor":31,"turns":4},{"damage":32,"enemies":"Champ","floor":33,"turns":8},{"damage":8,"enemies":"3 Shapes","floor":35,"turns":3},{"damage":43,"enemies":"Mind Bloom Boss Battle","floor":37,"turns":8},{"damage":19,"enemies":"Orb Walker","floor":38,"turns":3},{"damage":32,"enemies":"Jaw Worm Horde","floor":39,"turns":4},{"damage":61,"enemies":"Writhing Mass","floor":44,"turns":6},{"damage":29,"enemies":"Nemesis","floor":45,"turns":5},{"damage":10,"enemies":"Spire Growth","floor":46,"turns":2}],"seed_played":"6761257691231175033","potions_obtained":[{"floor":3,"key":"LiquidBronze"},{"floor":14,"key":"FearPotion"},{"floor":20,"key":"AttackPotion"},{"floor":23,"key":"Fruit Juice"},{"floor":25,"key":"Regen Potion"},{"floor":33,"key":"Strength Potion"},{"floor":44,"key":"Regen Potion"}],"is_trial":false,"path_per_floor":["M","$","M","M","?","R","M","E","T","$","R","T","R","E","R","B",null,"M","$","M","$","?","E","R","M","T","R","E","R","?","M","R","B",null,"M","?","?","M","M","R","$","R","T","M","E","M"],"character_chosen":"IRONCLAD","items_purchased":["Barricade","Sentinel","Paper Frog","Offering"],"campfire_rested":5,"item_purchase_floors":[19,21,41,41],"current_hp_per_floor":[69,69,75,74,74,74,66,49,49,49,49,49,49,39,39,34,74,80,80,50,50,50,32,59,52,52,52,24,51,51,36,63,54,83,83,83,48,37,13,40,40,67,67,14,7,0],"gold":78,"neow_bonus":"RANDOM_COLORLESS_2","is_prod":false,"is_daily":false,"chose_seed":false,"campfire_upgraded":5,"win_rate":0,"timestamp":1547511264,"path_taken":["M","$","M","M","?","R","?","E","T","?","R","?","R","E","R","BOSS","M","?","M","$","?","E","R","M","T","R","E","R","?","M","R","BOSS","M","?","?","M","M","R","$","R","T","M","E","M"],"build_version":"2019-01-10","purchased_purges":1,"victory":false,"max_hp_per_floor":[80,80,80,80,80,80,80,87,87,87,87,87,87,87,87,87,87,87,87,87,87,87,92,92,92,92,92,92,92,92,92,92,92,92,92,92,92,92,92,92,92,92,92,92,92,92],"card_choices":[{"not_picked":["Rage","Wild Strike"],"picked":"Carnage","floor":1},{"not_picked":["Anger","Second Wind","True Grit"],"picked":"SKIP","floor":3},{"not_picked":["Sever Soul","Anger","Flex"],"picked":"SKIP","floor":4},{"not_picked":["Seeing Red","Pummel"],"picked":"Shockwave","floor":7},{"not_picked":["Iron Wave","Offering"],"picked":"Spot Weakness","floor":8},{"not_picked":["Sword Boomerang","Shrug It Off"],"picked":"Feel No Pain","floor":14},{"not_picked":["Double Tap","Barricade"],"picked":"Bludgeon","floor":16},{"not_picked":["Blood for Blood","Wild Strike"],"picked":"True Grit","floor":18},{"not_picked":["Warcry","Sword Boomerang"],"picked":"Heavy Blade","floor":20},{"not_picked":["Twin Strike","Perfected Strike","Wild Strike"],"picked":"SKIP","floor":23},{"not_picked":["Sword Boomerang+1","Perfected Strike","Uppercut"],"picked":"SKIP","floor":25},{"not_picked":["Sword Boomerang","Havoc"],"picked":"Demon Form","floor":28},{"not_picked":["Havoc","Cleave","Armaments"],"picked":"SKIP","floor":31},{"not_picked":["Fiend Fire","Brutality"],"picked":"Bludgeon","floor":33},{"not_picked":["Havoc+1","Clash+1"],"picked":"Entrench","floor":35},{"not_picked":["Pommel Strike","Sword Boomerang+1"],"picked":"True Grit+1","floor":37},{"not_picked":["Flex","Inflame"],"picked":"Heavy Blade+1","floor":38},{"not_picked":["Wild Strike","Entrench"],"picked":"Headbutt+1","floor":39},{"not_picked":["Fire Breathing","Sword Boomerang"],"picked":"Headbutt+1","floor":44},{"not_picked":["Fire Breathing","Reckless Charge"],"picked":"Shrug It Off+1","floor":45}],"player_experience":1759502,"relics_obtained":[{"floor":8,"key":"Strawberry"},{"floor":9,"key":"Red Skull"},{"floor":12,"key":"Self Forming Clay"},{"floor":14,"key":"Blood Vial"},{"floor":23,"key":"Smiling Mask"},{"floor":26,"key":"Bottled Flame"},{"floor":28,"key":"Mummified Hand"},{"floor":37,"key":"Shovel"},{"floor":43,"key":"Toxic Egg 2"},{"floor":45,"key":"Pen Nib"},{"floor":45,"key":"Art of War"}],"event_choices":[{"damage_healed":0,"gold_gain":0,"player_choice":"Upgraded","damage_taken":0,"max_hp_gain":0,"max_hp_loss":0,"event_name":"Upgrade Shrine","floor":5,"gold_loss":0,"cards_upgraded":["Metamorphosis"]},{"damage_healed":0,"gold_gain":0,"player_choice":"Simplicity","damage_taken":0,"max_hp_gain":0,"max_hp_loss":0,"event_name":"Back to Basics","floor":22,"gold_loss":0,"cards_upgraded":["Strike_R","Strike_R","Strike_R","Strike_R","Defend_R","Defend_R","Defend_R","Defend_R"]},{"damage_healed":0,"gold_gain":0,"player_choice":"Smashed Altar","damage_taken":0,"max_hp_gain":0,"max_hp_loss":0,"event_name":"Forgotten Altar","floor":30,"gold_loss":0,"cards_obtained":["Decay"]},{"damage_healed":0,"gold_gain":0,"player_choice":"Ignored","damage_taken":0,"max_hp_gain":0,"max_hp_loss":0,"event_name":"Tomb of Lord Red Mask","floor":36,"gold_loss":0},{"damage_healed":0,"gold_gain":0,"player_choice":"Fight","damage_taken":0,"max_hp_gain":0,"max_hp_loss":0,"event_name":"MindBloom","floor":37,"gold_loss":0}],"is_beta":false,"boss_relics":[{"not_picked":["Tiny House","Snecko Eye"],"picked":"Mark of Pain"},{"not_picked":["Sozu","Empty Cage"],"picked":"Black Star"}],"items_purged_floors":[10],"is_endless":false,"potions_floor_spawned":[3,14,16,20,23,25,33,35,44],"killed_by":"Spire Growth","ascension_level":11}