{"gold_per_floor":[18,37,37,57,57,92,10,35,35,51,51,85,98,123,123,244,244,259,174,198,223,148,191,191,191,191,229,254,254,38,38,38,166,166,179,179,304,304,327,342,357,416,416,441,481,481,522,522,522,522],"floor_reached":51,"playtime":2819,"items_purged":["Defend_R"],"score":907,"play_id":"1011a3ec-baf1-42da-bd15-b2e20741482e","local_time":"20190520223830","is_ascension_mode":false,"campfire_choices":[{"data":"Flame Barrier","floor":11,"key":"SMITH"},{"data":"Body Slam","floor":15,"key":"SMITH"},{"data":"Armaments","floor":24,"key":"SMITH"},{"data":"Body Slam","floor":32,"key":"SMITH"},{"floor":46,"key":"REST"},{"floor":49,"key":"REST"}],"neow_cost":"NO_GOLD","seed_source_timestamp":357715810713819,"circlet_count":0,"master_deck":["Defend_R+1","Defend_R+1","Bash","Pommel Strike+1","Ghostly Armor","Flame Barrier+1","Shrug It Off","Offering","Body Slam+1","Armaments+1","Flame Barrier","Body Slam+1","Impervious","Barricade","Body Slam+1"],"relics":["Black Blood","Golden Idol","War Paint","Pen Nib","Bottled Flame","Singing Bowl","Whetstone","MutagenicStrength","Lantern","Red Skull","Fusion Hammer","Magic Flower","Ginger","Shuriken","Bag of Preparation","Vajra","Toxic Egg 2"],"potions_floor_usage":[6,27,33,33,40,42,50,50],"damage_taken":[{"damage":4,"enemies":"2 Louse","floor":1,"turns":3},{"damage":5,"enemies":"Small Slimes","floor":2,"turns":3},{"damage":1,"enemies":"Jaw Worm","floor":4,"turns":3},{"damage":21,"enemies":"Lagavulin","floor":6,"turns":5},{"damage":0,"enemies":"2 Fungi Beasts","floor":8,"turns":6},{"damage":0,"enemies":"3 Louse","floor":10,"turns":5},{"damage":22,"enemies":"Gremlin Nob","floor":12,"turns":5},{"damage":0,"enemies":"Large Slime","floor":13,"turns":7},{"damage":0,"enemies":"Looter","floor":14,"turns":4},{"damage":40,"enemies":"Hexaghost","floor":16,"turns":12},{"damage":6,"enemies":"Shell Parasite","floor":18,"turns":7},{"damage":0,"enemies":"3 Byrds","floor":20,"turns":2},{"damage":0,"enemies":"Snecko","floor":21,"turns":6},{"damage":6,"enemies":"Book of Stabbing","floor":23,"turns":6},{"damage":6,"enemies":"Slavers","floor":27,"turns":5},{"damage":6,"enemies":"Snake Plant","floor":28,"turns":3},{"damage":61,"enemies":"Collector","floor":33,"turns":10},{"damage":0,"enemies":"Orb Walker","floor":35,"turns":3},{"damage":0,"enemies":"Mind Bloom Boss Battle","floor":37,"turns":3},{"damage":6,"enemies":"3 Shapes","floor":39,"turns":2},{"damage":6,"enemies":"Jaw Worm Horde","floor":40,"turns":3},{"damage":0,"enemies":"Writhing Mass","floor":41,"turns":4},{"damage":13,"enemies":"2 Orb Walkers","floor":42,"turns":4},{"damage":0,"enemies":"Maw","floor":44,"turns":4},{"damage":6,"enemies":"Reptomancer","floor":45,"turns":5},{"damage":6,"enemies":"Giant Head","floor":47,"turns":4},{"damage":53,"enemies":"Donu and Deca","floor":50,"turns":9}],"seed_played":"5125106862748494060","potions_obtained":[{"floor":4,"key":"AttackPotion"},{"floor":6,"key":"Dexterity Potion"},{"floor":12,"key":"AttackPotion"},{"floor":13,"key":"GamblersBrew"},{"floor":21,"key":"Fire Potion"},{"floor":23,"key":"Fire Potion"},{"floor":27,"key":"Explosive Potion"},{"floor":37,"key":"SkillPotion"},{"floor":41,"key":"LiquidBronze"},{"floor":42,"key":"SteroidPotion"},{"floor":44,"key":"SteroidPotion"}],"is_trial":false,"path_per_floor":["M","M","?","M","?","E","$","M","T","M","R","E","M","M","R","B",null,"M","?","M","M","?","E","R","?","T","E","M","?","$","$","R","B",null,"M","?","?","?","M","M","M","?","T","M","E","R","E","T","R","B",null],"character_chosen":"IRONCLAD","items_purchased":["Flame Barrier","Impervious"],"campfire_rested":2,"item_purchase_floors":[7,30],"current_hp_per_floor":[80,80,60,65,58,43,43,49,49,55,55,39,45,51,51,17,80,80,80,80,80,80,82,82,82,82,84,86,86,86,86,86,35,86,88,88,88,88,90,92,94,96,96,98,100,100,102,102,102,64],"gold":522,"neow_bonus":"REMOVE_TWO","is_prod":false,"is_daily":false,"chose_seed":false,"campfire_upgraded":4,"win_rate":0,"timestamp":1558406310,"path_taken":["M","M","?","M","?","E","?","M","T","M","R","E","M","M","R","BOSS","M","?","M","M","?","E","R","?","T","E","M","?","?","$","R","BOSS","M","?","?","?","?","M","M","?","T","M","E","R","E","?","R","BOSS"],"build_version":"2019-01-23","purchased_purges":1,"victory":true,"max_hp_per_floor":[80,80,80,80,80,80,80,80,80,80,80,80,80,80,80,80,80,80,80,80,80,80,82,82,82,82,84,86,86,86,86,86,86,86,88,88,88,88,90,92,94,96,96,98,100,100,102,102,102,102],"card_choices":[{"not_picked":["Armaments","Wild Strike"],"picked":"Pommel Strike","floor":1},{"not_picked":["Body Slam","Seeing Red"],"picked":"Ghostly Armor","floor":2},{"not_picked":["Shockwave","Body Slam","Pummel"],"picked":"SKIP","floor":4},{"not_picked":["Sword Boomerang","Intimidate","Battle Trance"],"picked":"SKIP","floor":6},{"not_picked":["Sword Boomerang","True Grit"],"picked":"Shrug It Off","floor":8},{"not_picked":["Sentinel","Perfected Strike"],"picked":"Offering","floor":10},{"not_picked":["Intimidate","Perfected Strike"],"picked":"Body Slam","floor":12},{"not_picked":["Flex","Heavy Blade","Sword Boomerang"],"picked":"SKIP","floor":13},{"not_picked":["Clothesline","Thunderclap","Reaper"],"picked":"SKIP","floor":14},{"not_picked":["Seeing Red","Dual Wield"],"picked":"Armaments","floor":18},{"not_picked":["Heavy Blade","Headbutt"],"picked":"Flame Barrier","floor":20},{"not_picked":["Thunderclap","Clothesline"],"picked":"Body Slam","floor":21},{"not_picked":["Disarm","Warcry","Combust+1"],"picked":"Singing Bowl","floor":23},{"not_picked":["Spot Weakness+1","Carnage","Havoc"],"picked":"Singing Bowl","floor":27},{"not_picked":["Sword Boomerang","Flex","Twin Strike"],"picked":"Singing Bowl","floor":28},{"not_picked":["Brutality","Double Tap"],"picked":"Barricade","floor":33},{"not_picked":["Sword Boomerang+1","Clothesline+1","Thunderclap"],"picked":"Singing Bowl","floor":35},{"not_picked":["Armaments+1","Clothesline+1"],"picked":"Body Slam+1","floor":37},{"not_picked":["Warcry+1","Iron Wave","Second Wind"],"picked":"Singing Bowl","floor":39},{"not_picked":["Rage","Intimidate+1","Feel No Pain+1"],"picked":"Singing Bowl","floor":40},{"not_picked":["Anger+1","Clash+1","Cleave+1"],"picked":"Singing Bowl","floor":41},{"not_picked":["True Grit+1","Anger+1","Burning Pact"],"picked":"Singing Bowl","floor":42},{"not_picked":["Barricade","Shrug It Off","Armaments"],"picked":"Singing Bowl","floor":44},{"not_picked":["Sword Boomerang","Bloodletting+1","Armaments"],"picked":"Singing Bowl","floor":45},{"not_picked":["Burning Pact+1","Havoc+1","Feed"],"picked":"Singing Bowl","floor":47}],"player_experience":280743,"relics_obtained":[{"floor":6,"key":"War Paint"},{"floor":9,"key":"Pen Nib"},{"floor":12,"key":"Bottled Flame"},{"floor":23,"key":"Whetstone"},{"floor":26,"key":"Lantern"},{"floor":27,"key":"Red Skull"},{"floor":37,"key":"Magic Flower"},{"floor":42,"key":"Ginger"},{"floor":43,"key":"Shuriken"},{"floor":45,"key":"Bag of Preparation"},{"floor":47,"key":"Vajra"},{"floor":48,"key":"Toxic Egg 2"}],"event_choices":[{"damage_healed":0,"gold_gain":0,"player_choice":"Take Damage","damage_taken":20,"relics_obtained":["Golden Idol"],"max_hp_gain":0,"max_hp_loss":0,"event_name":"Golden Idol","floor":3,"gold_loss":0},{"cards_removed":["Strike_R"],"damage_healed":0,"gold_gain":0,"player_choice":"Card Removal","damage_taken":7,"max_hp_gain":0,"max_hp_loss":0,"event_name":"Golden Wing","floor":5,"gold_loss":0},{"damage_healed":0,"gold_gain":0,"player_choice":"Obtained Relic","damage_taken":0,"relics_obtained":["Singing Bowl"],"max_hp_gain":0,"max_hp_loss":0,"event_name":"Addict","floor":19,"gold_loss":85},{"cards_removed":["Strike_R"],"damage_healed":0,"gold_gain":0,"player_choice":"Gave Gold","damage_taken":0,"max_hp_gain":0,"max_hp_loss":0,"event_name":"Beggar","floor":22,"gold_loss":75},{"damage_healed":0,"gold_gain":0,"player_choice":"Inject Mutagens","damage_taken":0,"relics_obtained":["MutagenicStrength"],"max_hp_gain":0,"max_hp_loss":0,"event_name":"Drug Dealer","floor":25,"gold_loss":0},{"cards_removed":["Strike_R"],"damage_healed":0,"gold_gain":0,"player_choice":"Elegance","damage_taken":0,"max_hp_gain":0,"max_hp_loss":0,"event_name":"Back to Basics","floor":29,"gold_loss":0},{"cards_removed":["Strike_R"],"damage_healed":0,"gold_gain":0,"player_choice":"Removed Attack","damage_taken":0,"max_hp_gain":0,"max_hp_loss":0,"event_name":"Falling","floor":36,"gold_loss":0},{"damage_healed":0,"gold_gain":0,"player_choice":"Fight","damage_taken":0,"max_hp_gain":0,"max_hp_loss":0,"event_name":"MindBloom","floor":37,"gold_loss":0},{"damage_healed":0,"gold_gain":0,"player_choice":"Ignored","damage_taken":0,"max_hp_gain":0,"max_hp_loss":0,"event_name":"SecretPortal","floor":38,"gold_loss":0},{"damage_healed":0,"gold_gain":0,"player_choice":"Fight","damage_taken":0,"max_hp_gain":0,"max_hp_loss":0,"event_name":"Mysterious Sphere","floor":42,"gold_loss":0}],"is_beta":false,"boss_relics":[{"not_picked":["Lizard Tail","Philosopher\u0027s Stone"],"picked":"Black Blood"},{"not_picked":["White Beast Statue","Coffee Dripper"],"picked":"Fusion Hammer"}],"items_purged_floors":[30],"is_endless":false,"potions_floor_spawned":[4,6,12,13,16,20,21,23,27,37,41,42,44],"ascension_level":0}