{"gold_per_floor":[364,94,94,94,104,104,130,130,130,130,80,115,115,135,135,230,230,249,263,275,275,287,287,321,321,321,354,367,399,156,176,176,176],"floor_reached":33,"playtime":1254,"items_purged":["Strike_B","Defend_B"],"score":407,"play_id":"cbeff6d8-3e98-422b-900a-ae3be0fa1c86","local_time":"20190424193703","is_ascension_mode":true,"campfire_choices":[{"data":"Go for the Eyes","floor":6,"key":"SMITH"},{"data":"Sweeping Beam","floor":10,"key":"SMITH"},{"floor":13,"key":"REST"},{"data":"Hologram","floor":15,"key":"SMITH"},{"floor":23,"key":"REST"},{"data":"Biased Cognition","floor":25,"key":"SMITH"},{"data":"Defend_B","floor":32,"key":"PURGE"}],"neow_cost":"CURSE","seed_source_timestamp":278018097045011,"circlet_count":0,"master_deck":["Defend_B","Defend_B","Zap+1","Dualcast","Go for the Eyes+1","Sweeping Beam+1","Ball Lightning","Steam","Hologram+1","Electrodynamics","Cold Snap+1","Loop+1","Compile Driver+1","Biased Cognition+1","Self Repair+1","Glacier","Defragment","Double Energy"],"relics":["Cracked Core","PreservedInsect","Torii","Ginger","Molten Egg 2","Empty Cage","Unceasing Top","Orichalcum","Peace Pipe","Ice Cream"],"potions_floor_usage":[16,22],"damage_taken":[{"damage":1,"enemies":"2 Louse","floor":1,"turns":3},{"damage":4,"enemies":"Small Slimes","floor":5,"turns":3},{"damage":15,"enemies":"3 Sentries","floor":7,"turns":3},{"damage":17,"enemies":"Gremlin Nob","floor":12,"turns":4},{"damage":1,"enemies":"Jaw Worm","floor":14,"turns":2},{"damage":8,"enemies":"Hexaghost","floor":16,"turns":9},{"damage":7,"enemies":"3 Byrds","floor":18,"turns":3},{"damage":0,"enemies":"Chosen","floor":19,"turns":3},{"damage":11,"enemies":"Centurion and Healer","floor":20,"turns":5},{"damage":8,"enemies":"Snake Plant","floor":22,"turns":4},{"damage":19,"enemies":"Slavers","floor":24,"turns":3},{"damage":8,"enemies":"Gremlin Leader","floor":27,"turns":3},{"damage":0,"enemies":"Cultist and Chosen","floor":28,"turns":3},{"damage":24,"enemies":"Book of Stabbing","floor":29,"turns":5},{"damage":1,"enemies":"Snecko","floor":31,"turns":5},{"damage":47,"enemies":"Champ","floor":33,"turns":9}],"seed_played":"5611947013381680210","potions_obtained":[{"floor":12,"key":"LiquidBronze"},{"floor":19,"key":"Fire Potion"},{"floor":20,"key":"Weak Potion"},{"floor":27,"key":"Ancient Potion"}],"is_trial":false,"path_per_floor":["M","$","?","?","M","R","E","?","T","R","?","E","R","M","R","B",null,"M","M","M","?","M","R","E","R","T","E","M","E","$","M","R","B"],"character_chosen":"DEFECT","items_purchased":["Sweeping Beam","PreservedInsect","Defragment","Double Energy"],"campfire_rested":2,"item_purchase_floors":[2,2,30,30],"current_hp_per_floor":[67,67,60,60,56,56,41,46,46,46,46,29,53,52,52,44,71,64,64,53,53,45,69,50,50,50,42,52,38,38,47,47,0],"gold":176,"neow_bonus":"TWO_FIFTY_GOLD","is_prod":false,"is_daily":false,"chose_seed":false,"campfire_upgraded":4,"win_rate":0,"timestamp":1556127423,"path_taken":["M","$","?","?","M","R","E","?","T","R","?","E","R","M","R","BOSS","M","M","M","?","M","R","E","R","T","E","M","E","$","M","R","BOSS"],"build_version":"2019-04-23","purchased_purges":2,"victory":false,"max_hp_per_floor":[75,75,75,75,75,75,75,80,80,80,80,80,80,80,80,80,80,80,80,80,80,80,80,80,80,80,80,80,80,80,80,80,80],"card_choices":[{"not_picked":["Recycle","Stack"],"picked":"Go for the Eyes","floor":1},{"not_picked":["Aggregate","Blizzard"],"picked":"Ball Lightning","floor":5},{"not_picked":["Sweeping Beam","Rebound"],"picked":"Steam","floor":7},{"not_picked":["Recycle","Sweeping Beam","Thunder Strike"],"picked":"SKIP","floor":12},{"not_picked":["Skim","Beam Cell+1"],"picked":"Hologram","floor":14},{"not_picked":["Biased Cognition","Amplify"],"picked":"Electrodynamics","floor":16},{"not_picked":["Go for the Eyes+1","White Noise"],"picked":"Cold Snap+1","floor":18},{"not_picked":["Go for the Eyes+1","Rebound+1","Blizzard+1"],"picked":"SKIP","floor":19},{"not_picked":["Cold Snap+1","Scrape+1"],"picked":"Loop+1","floor":20},{"not_picked":["Rebound+1","Cold Snap+1"],"picked":"Compile Driver+1","floor":22},{"not_picked":["Cold Snap+1","Barrage+1"],"picked":"Biased Cognition","floor":24},{"not_picked":["Fusion","Loop+1"],"picked":"Self Repair+1","floor":27},{"not_picked":["Turbo","Stack"],"picked":"Glacier","floor":28},{"not_picked":["All For One+1","Rebound+1","Steam Power"],"picked":"SKIP","floor":29},{"not_picked":["Streamline+1","Conserve Battery","BootSequence"],"picked":"SKIP","floor":31}],"player_experience":1202103,"relics_obtained":[{"floor":7,"key":"Torii"},{"floor":9,"key":"Ginger"},{"floor":12,"key":"Molten Egg 2"},{"floor":24,"key":"Unceasing Top"},{"floor":26,"key":"Orichalcum"},{"floor":27,"key":"Peace Pipe"},{"floor":29,"key":"Ice Cream"}],"event_choices":[{"cards_removed":["Strike_B"],"damage_healed":0,"gold_gain":0,"player_choice":"Card Removal","damage_taken":7,"max_hp_gain":0,"max_hp_loss":0,"event_name":"Golden Wing","floor":3,"gold_loss":0},{"damage_healed":0,"gold_gain":0,"player_choice":"Grow","damage_taken":0,"max_hp_gain":0,"max_hp_loss":0,"event_name":"Living Wall","floor":4,"gold_loss":0,"cards_upgraded":["Zap"]},{"damage_healed":0,"gold_gain":0,"player_choice":"Donut","damage_taken":0,"max_hp_gain":5,"max_hp_loss":0,"event_name":"Big Fish","floor":8,"gold_loss":0},{"cards_removed":["Strike_B"],"damage_healed":0,"gold_gain":0,"player_choice":"Card Removal","damage_taken":0,"max_hp_gain":0,"max_hp_loss":0,"event_name":"The Cleric","floor":11,"gold_loss":50},{"damage_healed":0,"gold_gain":0,"player_choice":"Ignored","damage_taken":0,"max_hp_gain":0,"max_hp_loss":0,"event_name":"Vampires","floor":21,"gold_loss":0}],"is_beta":true,"boss_relics":[{"not_picked":["Ectoplasm","Snecko Eye"],"picked":"Empty Cage"}],"items_purged_floors":[2,30],"is_endless":false,"potions_floor_spawned":[12,19,20,27],"killed_by":"Champ","ascension_level":6}