{"gold_per_floor":[115,115,265,277,103,178,192,192,192,192,192,192,192,220,220,296,296,296,296,296,296,296,296,296,296,296,296,117,117,117,8,8,8],"floor_reached":33,"playtime":1251,"items_purged":["Doubt","Strike_R"],"score":513,"play_id":"e7323d75-f443-4bd1-b5a7-834739e22837","local_time":"20190510172038","is_ascension_mode":true,"campfire_choices":[{"data":"Shrug It Off","floor":10,"key":"SMITH"},{"data":"Clothesline","floor":12,"key":"SMITH"},{"data":"Ghostly Armor","floor":15,"key":"SMITH"},{"data":"Whirlwind","floor":23,"key":"SMITH"},{"floor":32,"key":"REST"}],"neow_cost":"NONE","seed_source_timestamp":1652236603975992,"circlet_count":0,"master_deck":["AscendersBane","Strike_R","Strike_R","Strike_R","Strike_R","Defend_R","Defend_R","Defend_R","Defend_R","Bash+1","Reaper","Shrug It Off+1","Ghostly Armor+1","Anger","Intimidate","Clothesline+1","Offering","Flame Barrier","Intimidate+1","Whirlwind+1","Iron Wave","Disarm","Battle Trance","Metallicize","Whirlwind+1","Shrug It Off"],"relics":["Burning Blood","Paper Frog","Smiling Mask","Ornamental Fan","Boot","Singing Bowl","Ectoplasm","Mummified Hand","Lantern","Gambling Chip","Molten Egg 2"],"potions_floor_usage":[14,16,16,24,25,27],"damage_taken":[{"damage":10,"enemies":"2 Louse","floor":1,"turns":3},{"damage":11,"enemies":"Small Slimes","floor":4,"turns":5},{"damage":9,"enemies":"Jaw Worm","floor":7,"turns":4},{"damage":8,"enemies":"Gremlin Nob","floor":14,"turns":5},{"damage":5,"enemies":"Slime Boss","floor":16,"turns":8},{"damage":14,"enemies":"Chosen","floor":18,"turns":4},{"damage":4,"enemies":"3 Byrds","floor":20,"turns":5},{"damage":35,"enemies":"Snecko","floor":22,"turns":6},{"damage":34,"enemies":"Book of Stabbing","floor":24,"turns":4},{"damage":18,"enemies":"Snake Plant","floor":25,"turns":5},{"damage":24,"enemies":"Colosseum Slavers","floor":27,"turns":2},{"damage":13,"enemies":"Colosseum Nobs","floor":27,"turns":3},{"damage":15,"enemies":"Cultist and Chosen","floor":29,"turns":7},{"damage":6,"enemies":"3 Cultists","floor":30,"turns":3},{"damage":71,"enemies":"Automaton","floor":33,"turns":8}],"seed_played":"-7056125696785324884","potions_obtained":[{"floor":4,"key":"Ancient Potion"},{"floor":7,"key":"Strength Potion"},{"floor":14,"key":"Strength Potion"},{"floor":20,"key":"BloodPotion"},{"floor":24,"key":"Regen Potion"},{"floor":25,"key":"Dexterity Potion"}],"is_trial":false,"path_per_floor":["M","?","?","M","$","?","M","T","T","R","T","R","?","E","R","B",null,"M","?","M","T","M","R","E","M","T","?","$","M","M","$","R","B"],"character_chosen":"IRONCLAD","items_purchased":["Anger","Intimidate","Disarm","Battle Trance","Whirlwind+1","Shrug It Off"],"campfire_rested":1,"item_purchase_floors":[5,5,28,28,31,31],"current_hp_per_floor":[71,71,71,70,70,59,60,60,60,60,60,60,49,49,49,66,74,73,51,63,63,39,39,21,23,23,12,12,15,30,30,56,0],"gold":8,"neow_bonus":"ONE_RANDOM_RARE_CARD","is_prod":false,"is_daily":false,"chose_seed":false,"campfire_upgraded":4,"win_rate":0,"timestamp":1557501638,"path_taken":["M","?","?","M","$","?","M","?","T","R","?","R","?","E","R","BOSS","M","?","M","?","?","R","E","M","T","?","$","M","M","?","R","BOSS"],"build_version":"2019-05-07","purchased_purges":2,"victory":false,"max_hp_per_floor":[75,75,75,75,75,75,75,75,75,75,75,75,75,77,77,77,77,77,82,82,82,82,82,84,84,84,86,86,88,88,88,88,88],"card_choices":[{"not_picked":["Havoc","Body Slam"],"picked":"Shrug It Off","floor":1},{"not_picked":["True Grit","Body Slam"],"picked":"Ghostly Armor","floor":4},{"not_picked":["Searing Blow","Havoc"],"picked":"Clothesline","floor":7},{"not_picked":["Armaments","Flex","Perfected Strike"],"picked":"Singing Bowl","floor":14},{"not_picked":["Bludgeon","Fiend Fire"],"picked":"Offering","floor":16},{"not_picked":["True Grit","Bloodletting"],"picked":"Flame Barrier","floor":18},{"not_picked":["Power Through","Twin Strike"],"picked":"Intimidate+1","floor":20},{"not_picked":["Bloodletting","Perfected Strike"],"picked":"Whirlwind","floor":22},{"not_picked":["Blood for Blood","Warcry+1","Bloodletting"],"picked":"Singing Bowl","floor":24},{"not_picked":["Body Slam+1","Metallicize"],"picked":"Iron Wave","floor":25},{"not_picked":["Heavy Blade+1","Juggernaut","Intimidate"],"picked":"Singing Bowl","floor":27},{"not_picked":["Wild Strike+1","Clash+1","Headbutt+1"],"picked":"Singing Bowl","floor":29},{"not_picked":["Flex","Rampage+1"],"picked":"Metallicize","floor":30}],"player_experience":1713160,"relics_obtained":[{"floor":8,"key":"Paper Frog"},{"floor":9,"key":"Smiling Mask"},{"floor":11,"key":"Ornamental Fan"},{"floor":14,"key":"Singing Bowl"},{"floor":24,"key":"Mummified Hand"},{"floor":26,"key":"Lantern"},{"floor":27,"key":"Gambling Chip"},{"floor":27,"key":"Molten Egg 2"}],"event_choices":[{"damage_healed":0,"gold_gain":0,"player_choice":"Grow","damage_taken":0,"max_hp_gain":0,"max_hp_loss":0,"event_name":"Living Wall","floor":2,"gold_loss":0,"cards_upgraded":["Bash"]},{"damage_healed":0,"gold_gain":150,"player_choice":"AGREE","damage_taken":0,"max_hp_gain":0,"max_hp_loss":0,"event_name":"Liars Game","floor":3,"gold_loss":0,"cards_obtained":["Doubt"]},{"damage_healed":0,"gold_gain":75,"player_choice":"Gather Gold","damage_taken":11,"max_hp_gain":0,"max_hp_loss":0,"event_name":"World of Goop","floor":6,"gold_loss":0},{"damage_healed":0,"gold_gain":0,"player_choice":"Success","damage_taken":11,"relics_obtained":["Boot"],"max_hp_gain":0,"max_hp_loss":0,"event_name":"Scrap Ooze","floor":13,"gold_loss":0},{"damage_healed":0,"gold_gain":0,"player_choice":"Shed Blood","damage_taken":27,"max_hp_gain":5,"max_hp_loss":0,"event_name":"Forgotten Altar","floor":19,"gold_loss":0},{"damage_healed":0,"gold_gain":0,"player_choice":"Fight","damage_taken":0,"max_hp_gain":0,"max_hp_loss":0,"event_name":"Colosseum","floor":27,"gold_loss":0},{"damage_healed":0,"gold_gain":0,"player_choice":"Fought Nobs","damage_taken":0,"max_hp_gain":0,"max_hp_loss":0,"event_name":"Colosseum","floor":27,"gold_loss":0}],"is_beta":true,"boss_relics":[{"not_picked":["Runic Dome","Orrery"],"picked":"Ectoplasm"}],"items_purged_floors":[5,28],"is_endless":false,"potions_floor_spawned":[4,7,14,20,24,25],"killed_by":"Automaton","ascension_level":19}