{"gold_per_floor":[115,126,126,201,214,240,240,193,193,222,188,215,247,267,267,267],"floor_reached":16,"playtime":1008,"items_purged":[],"score":214,"play_id":"effe8fbe-a561-48ae-9ddc-84f0e5826919","local_time":"20190510191836","is_ascension_mode":true,"campfire_choices":[{"data":"Inflame","floor":7,"key":"SMITH"},{"data":"Flame Barrier","floor":15,"key":"SMITH"}],"neow_cost":"NONE","seed_source_timestamp":465634470102500,"circlet_count":0,"master_deck":["AscendersBane","Strike_R","Strike_R","Strike_R","Strike_R+1","Strike_R","Defend_R","Defend_R","Defend_R","Defend_R","Bash+1","Iron Wave","Flex","Inflame+1","Metallicize","Shrug It Off","Flame Barrier+1","Intimidate","Wild Strike","Armaments","Seeing Red"],"relics":["Burning Blood","NeowsBlessing","Nunchaku","Thread and Needle","Smiling Mask","WingedGreaves","Dream Catcher","Odd Mushroom"],"potions_floor_usage":[6,12,16],"damage_taken":[{"damage":0,"enemies":"Jaw Worm","floor":1,"turns":1},{"damage":0,"enemies":"Small Slimes","floor":2,"turns":1},{"damage":0,"enemies":"Cultist","floor":5,"turns":1},{"damage":18,"enemies":"Lagavulin","floor":6,"turns":7},{"damage":11,"enemies":"Gremlin Nob","floor":10,"turns":4},{"damage":1,"enemies":"Lagavulin","floor":12,"turns":9},{"damage":19,"enemies":"Gremlin Nob","floor":13,"turns":6},{"damage":16,"enemies":"The Mushroom Lair","floor":14,"turns":6},{"damage":25,"enemies":"Hexaghost","floor":16,"turns":15}],"seed_played":"-769106666646560969","potions_obtained":[{"floor":5,"key":"EssenceOfSteel"},{"floor":10,"key":"AttackPotion"},{"floor":14,"key":"SkillPotion"}],"is_trial":false,"path_per_floor":["M","M","?","?","M","E","R","$","T","E","$","E","E","?","R","B"],"character_chosen":"IRONCLAD","items_purchased":["Shrug It Off","Intimidate"],"campfire_rested":0,"item_purchase_floors":[8,11],"current_hp_per_floor":[74,75,60,53,59,47,47,47,47,42,42,47,34,24,24,0],"gold":267,"neow_bonus":"THREE_ENEMY_KILL","is_prod":false,"is_daily":false,"chose_seed":false,"campfire_upgraded":2,"win_rate":0,"timestamp":1557508716,"path_taken":["M","M","?","?","?","E","R","$","T","E","?","E","E","?","R","BOSS"],"build_version":"2019-01-23","purchased_purges":0,"victory":false,"max_hp_per_floor":[75,75,75,75,75,75,75,75,75,75,75,75,75,75,75,75],"card_choices":[{"not_picked":["Clothesline","Perfected Strike"],"picked":"Iron Wave","floor":1},{"not_picked":["Dual Wield","Warcry"],"picked":"Flex","floor":2},{"not_picked":["Infernal Blade","Sword Boomerang"],"picked":"Inflame","floor":5},{"not_picked":["Sword Boomerang","Inflame"],"picked":"Metallicize","floor":6},{"not_picked":["Offering","Pommel Strike"],"picked":"Flame Barrier","floor":10},{"not_picked":["Havoc","Entrench"],"picked":"Wild Strike","floor":12},{"not_picked":["Dark Embrace","Sword Boomerang"],"picked":"Armaments","floor":13},{"not_picked":["Body Slam","Burning Pact"],"picked":"Seeing Red","floor":14}],"player_experience":752778,"relics_obtained":[{"floor":6,"key":"Nunchaku"},{"floor":9,"key":"Thread and Needle"},{"floor":10,"key":"Smiling Mask"},{"floor":12,"key":"WingedGreaves"},{"floor":13,"key":"Dream Catcher"},{"floor":14,"key":"Odd Mushroom"}],"event_choices":[{"damage_healed":0,"gold_gain":0,"player_choice":"Entered Light","damage_taken":15,"max_hp_gain":0,"max_hp_loss":0,"event_name":"Shining Light","floor":3,"gold_loss":0,"cards_upgraded":["Bash","Strike_R"]},{"damage_healed":0,"gold_gain":75,"player_choice":"Touch","damage_taken":7,"max_hp_gain":0,"max_hp_loss":0,"event_name":"FaceTrader","floor":4,"gold_loss":0},{"damage_healed":0,"gold_gain":0,"player_choice":"Fought Mushrooms","damage_taken":0,"max_hp_gain":0,"max_hp_loss":0,"event_name":"Mushrooms","floor":14,"gold_loss":0}],"is_beta":false,"boss_relics":[],"items_purged_floors":[],"is_endless":false,"potions_floor_spawned":[5,10,14],"killed_by":"Hexaghost","ascension_level":14}