{"gold_per_floor":[13,13,31,45,56,56,88,88,114,114,147,147,163,180,180,259,259,271,138,148,162,162],"floor_reached":22,"playtime":1074,"items_purged":["Strike_B"],"score":386,"play_id":"88fb46b2-8e41-46fc-b413-d67215033ebe","local_time":"20190510162032","is_ascension_mode":true,"campfire_choices":[{"data":"Scrape","floor":6,"key":"SMITH"},{"floor":10,"key":"REST"},{"data":"Coolheaded","floor":12,"key":"SMITH"},{"floor":15,"key":"REST"}],"neow_cost":"NO_GOLD","seed_source_timestamp":1648807653665534,"circlet_count":0,"master_deck":["AscendersBane","Strike_B","Defend_B","Defend_B","Defend_B","Defend_B","Zap+1","Dualcast","Gash","Go for the Eyes","Coolheaded+1","Scrape+1","Rainbow","Sweeping Beam","Ball Lightning","Ball Lightning","Buffer","Gash","Stack","Stack","Gash+1"],"relics":["Cracked Core","Art of War","NlothsMask","Centennial Puzzle","Runic Pyramid"],"potions_floor_usage":[7,16,16],"damage_taken":[{"damage":18,"enemies":"Small Slimes","floor":1,"turns":5},{"damage":1,"enemies":"Cultist","floor":3,"turns":3},{"damage":0,"enemies":"2 Louse","floor":4,"turns":1},{"damage":8,"enemies":"Exordium Wildlife","floor":5,"turns":4},{"damage":17,"enemies":"3 Sentries","floor":7,"turns":6},{"damage":13,"enemies":"Lagavulin","floor":11,"turns":6},{"damage":3,"enemies":"Large Slime","floor":13,"turns":5},{"damage":13,"enemies":"3 Louse","floor":14,"turns":2},{"damage":7,"enemies":"Slime Boss","floor":16,"turns":7},{"damage":28,"enemies":"2 Thieves","floor":18,"turns":3},{"damage":12,"enemies":"Shell Parasite","floor":20,"turns":4},{"damage":17,"enemies":"Centurion and Healer","floor":21,"turns":6},{"damage":4,"enemies":"Snake Plant","floor":22,"turns":1}],"seed_played":"-8249676238369605156","potions_obtained":[{"floor":4,"key":"Explosive Potion"},{"floor":11,"key":"Strength Potion"},{"floor":13,"key":"Ancient Potion"},{"floor":14,"key":"SkillPotion"},{"floor":18,"key":"Fire Potion"}],"is_trial":false,"path_per_floor":["M","?","M","M","M","R","E","?","T","R","E","R","M","M","R","B",null,"M","$","M","M","M"],"character_chosen":"DEFECT","items_purchased":["Stack"],"campfire_rested":2,"item_purchase_floors":[19],"current_hp_per_floor":[46,46,45,45,37,37,20,20,20,41,28,28,25,12,33,26,60,32,32,20,3,0],"gold":162,"neow_bonus":"REMOVE_TWO","is_prod":false,"is_daily":false,"chose_seed":false,"campfire_upgraded":2,"win_rate":0,"timestamp":1557498032,"path_taken":["M","?","?","M","M","R","E","?","T","R","E","R","M","M","R","BOSS","M","$","M","M","M"],"build_version":"2019-05-07","purchased_purges":1,"victory":false,"max_hp_per_floor":[71,71,71,71,71,71,71,71,71,71,71,71,71,71,71,71,71,71,71,71,71,71],"card_choices":[{"not_picked":["Coolheaded","Go for the Eyes"],"picked":"Gash","floor":1},{"not_picked":["Streamline","Redo"],"picked":"Go for the Eyes","floor":3},{"not_picked":["Reinforced Body","Leap"],"picked":"Coolheaded","floor":4},{"not_picked":["Double Energy","Hello World"],"picked":"Scrape","floor":5},{"not_picked":["Barrage","Rebound"],"picked":"Rainbow","floor":7},{"not_picked":["Steam","Redo"],"picked":"Sweeping Beam","floor":11},{"not_picked":["Steam Power","Steam"],"picked":"Ball Lightning","floor":13},{"not_picked":["Turbo","Double Energy"],"picked":"Ball Lightning","floor":14},{"not_picked":["Meteor Strike","Reboot"],"picked":"Buffer","floor":16},{"not_picked":["Coolheaded","Conserve Battery"],"picked":"Gash","floor":18},{"not_picked":["Steam","Leap+1"],"picked":"Stack","floor":20},{"not_picked":["Auto Shields+1","Compile Driver+1"],"picked":"Gash+1","floor":21}],"player_experience":1709837,"relics_obtained":[{"floor":7,"key":"Art of War"},{"floor":11,"key":"Centennial Puzzle"}],"event_choices":[{"damage_healed":0,"gold_gain":0,"player_choice":"Upgraded","damage_taken":0,"max_hp_gain":0,"max_hp_loss":0,"event_name":"Upgrade Shrine","floor":2,"gold_loss":0,"cards_upgraded":["Zap"]},{"damage_healed":0,"gold_gain":0,"player_choice":"Trade","damage_taken":0,"relics_obtained":["NlothsMask"],"max_hp_gain":0,"max_hp_loss":0,"event_name":"FaceTrader","floor":8,"gold_loss":0}],"is_beta":true,"boss_relics":[{"not_picked":["White Beast Statue","Coffee Dripper"],"picked":"Runic Pyramid"}],"items_purged_floors":[19],"is_endless":false,"potions_floor_spawned":[4,11,13,14,18],"killed_by":"Snake Plant","ascension_level":19}