{"path_per_floor":["M","M","?","M","M","R","E","R","T","R","?","R","M","E","R","B",null,"M","$","?","M","M","E","T","R","T","M","?","$","?","M","R","B",null,"M","?","?","?","?","R","M","R","T"],"character_chosen":"IRONCLAD","items_purchased":["Champion Belt"],"gold_per_floor":[115,130,130,143,158,158,191,191,241,241,241,241,260,293,293,393,393,407,39,39,56,66,91,117,117,186,196,121,21,21,40,40,140,140,151,151,151,151,151,151,164,164,164],"floor_reached":44,"campfire_rested":2,"playtime":2538,"current_hp_per_floor":[80,80,80,80,68,68,44,44,44,44,44,44,50,36,36,16,80,80,80,80,71,51,29,29,29,29,26,26,26,26,11,42,36,56,13,13,46,36,36,36,9,37,39],"items_purged":["Regret","Strike_R"],"gold":164,"play_id":"bbc1f2b4-1a1d-42c3-9f79-d14db71941d9","is_prod":false,"is_daily":false,"is_ascension_mode":false,"campfire_upgraded":7,"path_taken":["M","?","?","M","M","R","E","R","T","R","?","R","M","E","R","BOSS","M","$","?","M","M","E","?","R","T","M","?","$","?","M","R","BOSS","M","?","?","?","?","R","M","R","T","E"],"build_version":"2018-01-25-PROD3","purchased_purges":2,"victory":false,"master_deck":["Defend_R+1","Defend_R+1","Defend_R","Defend_R","Bash","Spot Weakness+1","Flex+1","Iron Wave+1","Shrug It Off","Heavy Blade+1","Twin Strike","Pummel","Inflame+1","Headbutt","Flex+1","Demon Form","Pommel Strike","Rage+1","Pommel Strike+1","Dual Wield+1","Bite_R","Bite_R","Bite_R","Bite_R","Bite_R","Demon Form","Clumsy","Decay","Regret","Armaments+1","Madness+1","Madness+1","Seeing Red","Flex+1"],"max_hp_per_floor":[80,80,80,80,80,80,80,80,80,80,80,80,80,80,80,80,80,80,80,80,80,80,80,80,80,80,80,80,80,56,56,56,56,56,56,56,46,46,46,46,46,46,48],"relics":["Burning Blood","Bag of Preparation","Prayer Wheel","Regal Pillow","Paper Frog","Lizard Tail","Champion Belt","Unceasing Top","War Paint","Dodecahedron","Calling Bell","Dream Catcher","Vajra","Juzu Bracelet","Singing Bowl"],"card_choices":[{"not_picked":["Clothesline","Pummel"],"picked":"Spot Weakness"},{"not_picked":["Armaments","Feel No Pain"],"picked":"Flex"},{"not_picked":["Clothesline","Second Wind"],"picked":"Iron Wave"},{"not_picked":["Entrench","Shockwave"],"picked":"Shrug It Off"},{"not_picked":["Thunderclap","Inflame"],"picked":"Heavy Blade"},{"not_picked":["Power Through","Havoc"],"picked":"Twin Strike"},{"not_picked":["Shrug It Off","Sever Soul"],"picked":"Pummel"},{"not_picked":["Shrug It Off","Twin Strike"],"picked":"Flex"},{"not_picked":["Reaper","Brutality"],"picked":"Demon Form"},{"not_picked":["Iron Wave","Perfected Strike"],"picked":"Pommel Strike"},{"not_picked":["Double Tap","Metallicize"],"picked":"Rage"},{"not_picked":["Exhume","Spot Weakness"],"picked":"Pommel Strike"},{"not_picked":["Havoc","Clothesline"],"picked":"Dual Wield"},{"not_picked":["Berserk","Brutality"],"picked":"Demon Form"},{"not_picked":["Dual Wield","Wild Strike"],"picked":"Armaments"},{"not_picked":["Headbutt","Thunderclap"],"picked":"Seeing Red"},{"not_picked":["Impervious","Disarm"],"picked":"Flex"}],"player_experience":271724,"potions_floor_usage":[7,7,16,18,22,23,35],"damage_taken":[{"damage":6,"enemies":"Blue Slaver","floor":1,"turns":4},{"damage":0,"enemies":"2 Louse","floor":2,"turns":2},{"damage":3,"enemies":"Cultist","floor":4,"turns":3},{"damage":18,"enemies":"Looter","floor":5,"turns":3},{"damage":30,"enemies":"Lagavulin","floor":7,"turns":7},{"damage":0,"enemies":"2 Fungi Beasts","floor":13,"turns":2},{"damage":20,"enemies":"3 Sentries","floor":14,"turns":4},{"damage":26,"enemies":"The Guardian","floor":16,"turns":6},{"damage":0,"enemies":"Shell Parasite","floor":18,"turns":1},{"damage":15,"enemies":"3 Byrds","floor":21,"turns":4},{"damage":26,"enemies":"Centurion and Healer","floor":22,"turns":6},{"damage":28,"enemies":"Book of Stabbing","floor":23,"turns":4},{"damage":9,"enemies":"Snake Plant","floor":27,"turns":4},{"damage":25,"enemies":"Snecko","floor":31,"turns":4},{"damage":58,"enemies":"Automaton","floor":33,"turns":8},{"damage":53,"enemies":"3 Darklings","floor":35,"turns":6},{"damage":41,"enemies":"3 Shapes","floor":41,"turns":6},{"damage":63,"enemies":"Giant Head","floor":44,"turns":6}],"event_choices":[{"event_name":"Big Fish","player_choice":"Box","floor":3,"damage_taken":0},{"event_name":"Match and Keep!","player_choice":"2 cards matched","floor":11,"damage_taken":0},{"event_name":"Drug Dealer","player_choice":"Ignored","floor":20,"damage_taken":0},{"event_name":"Beggar","player_choice":"Gave Gold","floor":28,"damage_taken":0},{"event_name":"Vampires","player_choice":"Became a vampire","floor":30,"damage_taken":0},{"event_name":"Mysterious Sphere","player_choice":"Ignore","floor":36,"damage_taken":0},{"event_name":"The Moai Head","player_choice":"Heal","floor":37,"damage_taken":0},{"event_name":"Winding Halls","player_choice":"Embrace Madness","floor":38,"damage_taken":0},{"event_name":"Accursed Blacksmith","player_choice":"Forge","floor":39,"damage_taken":0}],"boss_relics":[{"not_picked":["White Beast Statue","Astrolabe"],"picked":"Lizard Tail"},{"not_picked":["Snecko Eye","Runic Pyramid"],"picked":"Calling Bell"}],"potions_floor_spawned":[2,4,5,16,18,22,31],"seed_played":"4022936873955113427","killed_by":"Giant Head","ascension_level":0,"is_trial":false}