{"gold_per_floor":[117,117,134,144,156,156,186,186,186,200,218,175,187,221,221,221],"floor_reached":16,"playtime":394,"items_purged":[],"score":222,"play_id":"edecefa9-8803-4a2a-973b-3b9652ecdfbd","local_time":"20190509190742","is_ascension_mode":true,"campfire_choices":[{"data":"Stack","floor":6,"key":"SMITH"},{"data":"Self Repair","floor":8,"key":"SMITH"},{"data":"Sunder","floor":15,"key":"SMITH"}],"neow_cost":"NONE","seed_source_timestamp":1573117998212918,"circlet_count":0,"master_deck":["AscendersBane","Strike_B","Strike_B","Strike_B","Defend_B","Defend_B","Defend_B","Defend_B","Zap","Dualcast","Sunder+1","Consume","Self Repair+1","Ball Lightning","Stack+1","Undo","White Noise","Rip and Tear","Steam","Sweeping Beam"],"relics":["Cracked Core","NeowsBlessing","Bag of Preparation","PreservedInsect","Sundial"],"potions_floor_usage":[14,14],"damage_taken":[{"damage":0,"enemies":"Jaw Worm","floor":1,"turns":1},{"damage":0,"enemies":"Cultist","floor":3,"turns":1},{"damage":0,"enemies":"Small Slimes","floor":4,"turns":1},{"damage":11,"enemies":"Blue Slaver","floor":5,"turns":4},{"damage":32,"enemies":"Gremlin Nob","floor":7,"turns":4},{"damage":1,"enemies":"2 Fungi Beasts","floor":10,"turns":2},{"damage":24,"enemies":"Exordium Wildlife","floor":11,"turns":4},{"damage":2,"enemies":"Large Slime","floor":13,"turns":4},{"damage":20,"enemies":"Lagavulin","floor":14,"turns":5},{"damage":28,"enemies":"Slime Boss","floor":16,"turns":3}],"seed_played":"7584564085805054169","potions_obtained":[{"floor":1,"key":"Dexterity Potion"},{"floor":10,"key":"SpeedPotion"}],"is_trial":false,"path_per_floor":["M","?","M","M","M","R","E","R","T","M","M","?","M","E","R","B"],"character_chosen":"DEFECT","items_purchased":[],"campfire_rested":0,"item_purchase_floors":[],"current_hp_per_floor":[64,64,64,64,60,60,35,35,35,44,30,30,38,28,28,0],"gold":221,"neow_bonus":"THREE_ENEMY_KILL","is_prod":false,"is_daily":false,"chose_seed":false,"campfire_upgraded":3,"win_rate":0,"timestamp":1557421662,"path_taken":["M","?","?","M","M","R","E","R","T","M","M","?","M","E","R","BOSS"],"build_version":"2019-05-07","purchased_purges":0,"victory":false,"max_hp_per_floor":[71,71,71,71,71,71,71,71,71,71,71,71,71,71,71,71],"card_choices":[{"not_picked":["Static Discharge","Barrage"],"picked":"Sunder","floor":1},{"not_picked":["Double Energy","Hologram"],"picked":"Self Repair","floor":3},{"not_picked":["Steam","Coolheaded"],"picked":"Ball Lightning","floor":4},{"not_picked":["Auto Shields","Coolheaded"],"picked":"Stack","floor":5},{"not_picked":["Rebound","Hologram"],"picked":"Undo","floor":7},{"not_picked":["Gash","Recycle"],"picked":"White Noise","floor":10},{"not_picked":["Skim","Cold Snap"],"picked":"Rip and Tear","floor":11},{"not_picked":["Beam Cell","Consume"],"picked":"Steam","floor":13},{"not_picked":["Beam Cell","Hyperbeam"],"picked":"Sweeping Beam","floor":14}],"player_experience":1676844,"relics_obtained":[{"floor":7,"key":"Bag of Preparation"},{"floor":9,"key":"PreservedInsect"},{"floor":14,"key":"Sundial"}],"event_choices":[{"damage_healed":0,"gold_gain":0,"cards_transformed":["Strike_B"],"player_choice":"Transformed","damage_taken":0,"max_hp_gain":0,"max_hp_loss":0,"event_name":"Transmorgrifier","floor":2,"gold_loss":0,"cards_obtained":["Consume"]},{"damage_healed":0,"gold_gain":0,"player_choice":"Left Gold","damage_taken":0,"max_hp_gain":0,"max_hp_loss":0,"event_name":"World of Goop","floor":12,"gold_loss":43}],"is_beta":true,"boss_relics":[],"items_purged_floors":[],"is_endless":false,"potions_floor_spawned":[1,10,11],"killed_by":"Slime Boss","ascension_level":19}