{"gold_per_floor":[15,25,25,25,25,54,66,101,101,101],"floor_reached":10,"playtime":490,"items_purged":[],"score":76,"play_id":"52b5aab5-4b19-4cb3-83c3-8c2eccfde3cc","local_time":"20180809225301","is_ascension_mode":false,"campfire_choices":[],"neow_cost":"NO_GOLD","seed_source_timestamp":23475975015022,"circlet_count":0,"master_deck":["Strike_B","Strike_B","Strike_B+1","Strike_B","Defend_B","Defend_B","Defend_B+1","Defend_B","Zap","Dualcast","Creative AI+1","Melter","Defragment","Turbo"],"relics":["Cracked Core","Dead Branch","The Courier","Ice Cream"],"potions_floor_usage":[8],"damage_taken":[{"damage":1,"enemies":"Jaw Worm","floor":1,"turns":4},{"damage":5,"enemies":"Small Slimes","floor":2,"turns":3},{"damage":8,"enemies":"Lagavulin","floor":6,"turns":7},{"damage":6,"enemies":"2 Louse","floor":7,"turns":2},{"damage":30,"enemies":"Gremlin Nob","floor":8,"turns":4},{"damage":11,"enemies":"Exordium Thugs","floor":10,"turns":4}],"seed_played":"-2440495226132281157","potions_obtained":[{"floor":7,"key":"PowerPotion"}],"is_trial":false,"path_per_floor":["M","M","?","?","$","E","M","E","T"],"character_chosen":"DEFECT","items_purchased":[],"campfire_rested":0,"item_purchase_floors":[],"current_hp_per_floor":[74,69,69,54,54,46,40,10,10,0],"gold":101,"neow_bonus":"THREE_RARE_CARDS","is_prod":false,"is_daily":false,"chose_seed":false,"campfire_upgraded":0,"win_rate":0,"timestamp":1533869581,"path_taken":["M","M","?","?","$","E","?","E","T","M"],"build_version":"2018-08-09","purchased_purges":0,"victory":false,"max_hp_per_floor":[75,75,75,75,75,75,75,75,75,75],"card_choices":[{"not_picked":["Echo Form","Reboot"],"picked":"Creative AI","floor":0},{"not_picked":["Barrage","Defragment"],"picked":"Melter","floor":1},{"not_picked":["Gash","White Noise"],"picked":"Defragment","floor":2},{"not_picked":["Cold Snap","Barrage","Beam Cell"],"picked":"SKIP","floor":6},{"not_picked":["Sweeping Beam","Barrage","Stack"],"picked":"SKIP","floor":7},{"not_picked":["Aggregate","Melter"],"picked":"Turbo","floor":8}],"player_experience":608276,"relics_obtained":[{"floor":6,"key":"Dead Branch"},{"floor":8,"key":"The Courier"},{"floor":9,"key":"Ice Cream"}],"event_choices":[{"event_name":"Living Wall","player_choice":"Grow","floor":3,"damage_taken":0},{"event_name":"Shining Light","player_choice":"Entered Light","floor":4,"damage_taken":0}],"is_beta":false,"boss_relics":[],"items_purged_floors":[],"is_endless":false,"potions_floor_spawned":[7],"killed_by":"Exordium Thugs","ascension_level":0}