{"path_per_floor":["M","M","$","M","M","E","R","?","T","M","M","$","M","E","R"],"character_chosen":"IRONCLAD","items_purchased":["Dual Wield","Whirlwind","Feel No Pain"],"gold_per_floor":[115,131,15,26,41,69,69,34,34,54,65,29,44,79,79,79],"floor_reached":16,"campfire_rested":2,"playtime":6716,"item_purchase_floors":[],"current_hp_per_floor":[74,79,79,79,70,21,45,65,65,57,58,58,62,49,73,0],"items_purged":[],"gold":79,"score":114,"play_id":"fa79934e-7aab-4ea5-a6bd-0d27ab468661","local_time":"20180621222710","is_prod":false,"is_daily":false,"chose_seed":false,"is_ascension_mode":false,"campfire_upgraded":0,"win_rate":0.0,"timestamp":1529634430,"campfire_choices":[{"floor":7,"key":"REST"},{"floor":15,"key":"REST"}],"path_taken":["M","M","$","M","M","E","R","?","T","M","M","$","M","E","R","BOSS"],"build_version":"2018-06-21","seed_source_timestamp":0,"purchased_purges":0,"circlet_count":0,"victory":false,"master_deck":["Strike_R","Strike_R","Strike_R","Strike_R","Strike_R","Defend_R","Defend_R","Defend_R","Defend_R","Bash","Perfected Strike","Armaments","Dual Wield","Whirlwind","Armaments","Twin Strike","Bludgeon","Shrug It Off","Clash","Feel No Pain","Intimidate","Fire Breathing"],"max_hp_per_floor":[80,80,80,80,80,80,80,80,80,80,80,80,80,80,80,80],"special_seed":0,"relics":["Burning Blood","Girya","Ginger","Toxic Egg 2"],"card_choices":[{"not_picked":["Clothesline","Flame Barrier"],"picked":"Perfected Strike","floor":1.0},{"not_picked":["Warcry","Second Wind"],"picked":"Armaments","floor":2.0},{"not_picked":["Flex","Warcry"],"picked":"Armaments","floor":4.0},{"not_picked":["Inflame","Pommel Strike"],"picked":"Twin Strike","floor":5.0},{"not_picked":["Burning Pact","Body Slam"],"picked":"Bludgeon","floor":6},{"not_picked":["Clash","Twin Strike"],"picked":"Shrug It Off","floor":10},{"not_picked":["Body Slam","Armaments"],"picked":"Clash","floor":11},{"not_picked":["Cleave","Twin Strike"],"picked":"Intimidate","floor":13},{"not_picked":["Berserk","Reckless Charge"],"picked":"Fire Breathing","floor":14}],"player_experience":0,"potions_floor_usage":[16,16],"damage_taken":[{"damage":12.0,"enemies":"Small Slimes","floor":1.0,"turns":3.0},{"damage":1.0,"enemies":"Cultist","floor":2.0,"turns":3.0},{"damage":6.0,"enemies":"Jaw Worm","floor":4.0,"turns":4.0},{"damage":15.0,"enemies":"Looter","floor":5.0,"turns":3.0},{"damage":55.0,"enemies":"Lagavulin","floor":6.0,"turns":7.0},{"damage":14,"enemies":"Blue Slaver","floor":10,"turns":3},{"damage":5,"enemies":"Lots of Slimes","floor":11,"turns":3},{"damage":2,"enemies":"Large Slime","floor":13,"turns":6},{"damage":19,"enemies":"3 Sentries","floor":14,"turns":5},{"damage":88,"enemies":"The Guardian","floor":16,"turns":10}],"relics_obtained":[{"floor":6,"key":"Girya"},{"floor":9,"key":"Ginger"},{"floor":14,"key":"Toxic Egg 2"}],"event_choices":[{"event_name":"The Cleric","player_choice":"Healed","floor":8,"damage_taken":0}],"boss_relics":[],"items_purged_floors":[],"is_endless":false,"potions_floor_spawned":[4,6,11,14],"seed_played":"-4975201322493644681","killed_by":"The Guardian","ascension_level":0,"potions_obtained":[{"floor":4.0,"key":"Dexterity Potion"},{"floor":6,"key":"SkillPotion"},{"floor":11,"key":"Regen Potion"}],"is_trial":false}