{"gold_per_floor":[112,127,127,141,166,209,209,249,294,148,164,164,185,185,185,275,275,291,716,641,59,84,84,117,66,134,147,166,166,205,224,224,319,319,344,364,379,7,26,26,26,45,45,66,81,104,104,122,122,122,122,122,55,86,86],"floor_reached":56,"playtime":4726,"items_purged":["Strike_G","Strike_G"],"score":1839,"play_id":"a34794fd-0629-4094-a4b9-1ac1a96f51b0","local_time":"20190430124021","is_ascension_mode":true,"campfire_choices":[{"floor":7.0,"key":"REST"},{"data":"Backflip","floor":12.0,"key":"SMITH"},{"data":"Malaise","floor":15.0,"key":"SMITH"},{"data":"Caltrops","floor":23.0,"key":"SMITH"},{"data":"Adrenaline","floor":29.0,"key":"SMITH"},{"data":"Dodge and Roll","floor":32.0,"key":"SMITH"},{"floor":40,"key":"RECALL"},{"data":"Footwork","floor":47,"key":"SMITH"},{"floor":49,"key":"REST"},{"data":"Footwork","floor":52,"key":"SMITH"}],"neow_cost":"NONE","seed_source_timestamp":0,"circlet_count":0,"master_deck":["AscendersBane","Defend_G","Defend_G","Defend_G","Defend_G+1","Defend_G+1","Strike_G","Strike_G+1","Survivor","Neutralize+1","Footwork+1","Footwork+1","Dagger Spray","Caltrops+1","Die Die Die","Well Laid Plans","Backflip+1","Malaise+1","Adrenaline+1","Well Laid Plans+1","Flying Knee","Footwork","Dodge and Roll+1","Outmaneuver+1","Cloak And Dagger+1","Blur+1","PiercingWail+1","Dodge and Roll+1","Flechettes","Outmaneuver+1","Choke+1","Blur+1","Blade Dance+1","Flash of Steel","Outmaneuver+1","Flash of Steel","Apotheosis+1","Backflip+1","Expertise+1","Blur+1","Noxious Fumes+1"],"special_seed":0,"relics":["Ring of the Serpent","Omamori","Golden Idol","Bird Faced Urn","Meat on the Bone","Whetstone","Paper Crane","Old Coin","Letter Opener","Toxic Egg 2","Bag of Preparation","Boot","Frozen Egg 2","War Paint","Sozu","Vajra","Lantern"],"potions_floor_usage":[50],"damage_taken":[{"damage":0.0,"enemies":"Jaw Worm","floor":1.0,"turns":7.0},{"damage":0.0,"enemies":"2 Louse","floor":2.0,"turns":3.0},{"damage":2.0,"enemies":"Small Slimes","floor":4.0,"turns":7.0},{"damage":15.0,"enemies":"Exordium Thugs","floor":5.0,"turns":6.0},{"damage":20.0,"enemies":"3 Sentries","floor":6.0,"turns":11.0},{"damage":15.0,"enemies":"Gremlin Nob","floor":8.0,"turns":6.0},{"damage":10.0,"enemies":"Exordium Wildlife","floor":11.0,"turns":7.0},{"damage":6.0,"enemies":"Looter","floor":13.0,"turns":4.0},{"damage":43.0,"enemies":"Hexaghost","floor":16.0,"turns":19.0},{"damage":5.0,"enemies":"Shell Parasite","floor":18.0,"turns":8.0},{"damage":19.0,"enemies":"Colosseum Slavers","floor":19.0,"turns":7.0},{"damage":60.0,"enemies":"Colosseum Nobs","floor":19.0,"turns":8.0},{"damage":0.0,"enemies":"3 Byrds","floor":22.0,"turns":4.0},{"damage":29.0,"enemies":"Slavers","floor":24.0,"turns":6.0},{"damage":8.0,"enemies":"Snecko","floor":27.0,"turns":8.0},{"damage":2.0,"enemies":"Snake Plant","floor":28.0,"turns":5.0},{"damage":0.0,"enemies":"Book of Stabbing","floor":30.0,"turns":7.0},{"damage":0.0,"enemies":"3 Cultists","floor":31.0,"turns":5.0},{"damage":11.0,"enemies":"Champ","floor":33.0,"turns":29.0},{"damage":0,"enemies":"3 Darklings","floor":35,"turns":6},{"damage":1,"enemies":"3 Shapes","floor":36,"turns":6},{"damage":0,"enemies":"3 Darklings","floor":37,"turns":5},{"damage":11,"enemies":"Spire Growth","floor":39,"turns":6},{"damage":9,"enemies":"4 Shapes","floor":42,"turns":7},{"damage":0,"enemies":"Maw","floor":44,"turns":8},{"damage":0,"enemies":"Transient","floor":45,"turns":5},{"damage":0,"enemies":"Sphere and 2 Shapes","floor":46,"turns":5},{"damage":10,"enemies":"Jaw Worm Horde","floor":48,"turns":4},{"damage":48,"enemies":"Awakened One","floor":50,"turns":18},{"damage":44,"enemies":"Shield and Spear","floor":54,"turns":12},{"damage":38,"enemies":"The Heart","floor":55,"turns":14}],"seed_played":"-3008200024701367905","potions_obtained":[{"floor":4.0,"key":"GhostInAJar"},{"floor":5.0,"key":"PowerPotion"},{"floor":8.0,"key":"FairyPotion"},{"floor":11.0,"key":"FearPotion"},{"floor":22.0,"key":"EssenceOfSteel"},{"floor":24.0,"key":"Energy Potion"},{"floor":33.0,"key":"AttackPotion"}],"is_trial":false,"path_per_floor":["M","M","?","M","M","E","R","E","T","$","M","R","M","T","R","B",null,"M","?","?","$","M","R","E","$","T","M","M","R","E","M","R","B",null,"M","M","M","$","M","R","?","M","T","M","M","M","R","M","R","B",null,"R","$","E","B",null],"character_chosen":"THE_SILENT","items_purchased":["Well Laid Plans","Footwork","Dodge and Roll","Toxic Egg 2","Bag of Preparation","Cloak And Dagger+1","Vajra","Blur+1","Blade Dance+1","Flash of Steel","Blur+1"],"campfire_rested":2,"item_purchase_floors":[10,21,21,21,21,25,38,38,38,38,53],"current_hp_per_floor":[59,59,43,41,26,6,25,16,16,16,26,26,40,40,40,17,54,57,18,18,18,42,42,37,37,37,37,47,47,59,66,66,57,64,66,66,66,66,55,55,45,48,48,60,66,66,66,64,66,42,60,60,60,40,28],"gold":86,"neow_bonus":"RANDOM_COMMON_RELIC","is_prod":false,"is_daily":false,"chose_seed":false,"campfire_upgraded":7,"win_rate":0,"timestamp":1556620821,"path_taken":["M","M","?","M","M","E","R","E","T","$","M","R","M","?","R","BOSS","M","?","?","$","M","R","E","$","T","M","M","R","E","?","R","BOSS","M","M","M","$","M","R","?","M","T","M","M","M","R","M","R","BOSS","R","$","E","BOSS"],"build_version":"2019-04-23","purchased_purges":2,"victory":true,"max_hp_per_floor":[66,66,66,66,66,66,66,66,66,66,66,66,66,66,66,66,66,66,66,66,66,66,66,66,66,66,66,66,66,66,66,66,66,66,66,66,66,66,66,66,66,66,66,66,66,66,66,66,66,66,66,66,66,66,66],"card_choices":[{"not_picked":["Sucker Punch","Predator"],"picked":"Footwork","floor":1.0},{"not_picked":["Escape Plan","Dagger Throw"],"picked":"Footwork","floor":2.0},{"not_picked":["Deflect","PiercingWail"],"picked":"Dagger Spray","floor":4.0},{"not_picked":["Dagger Spray","Setup"],"picked":"Caltrops","floor":5.0},{"not_picked":["Choke","Bane","Corpse Explosion"],"picked":"SKIP","floor":6.0},{"not_picked":["Flying Knee","Prepared"],"picked":"Die Die Die","floor":8.0},{"not_picked":["Eviscerate","Acrobatics"],"picked":"Backflip","floor":11.0},{"not_picked":["Deadly Poison","Outmaneuver"],"picked":"Malaise","floor":13.0},{"not_picked":["Tools of the Trade","Venomology"],"picked":"Adrenaline","floor":16.0},{"not_picked":["Concentrate","Sucker Punch"],"picked":"Well Laid Plans+1","floor":18.0},{"not_picked":["Quick Slash","Endless Agony+1"],"picked":"Flying Knee","floor":19.0},{"not_picked":["Masterful Stab","Choke"],"picked":"Outmaneuver+1","floor":22.0},{"not_picked":["Infinite Blades","Slice","Setup+1"],"picked":"SKIP","floor":24.0},{"not_picked":["Calculated Gamble+1","Flying Knee","Crippling Poison+1"],"picked":"SKIP","floor":27.0},{"not_picked":["Dagger Spray","Catalyst+1"],"picked":"Blur+1","floor":28.0},{"not_picked":["Die Die Die","Dagger Spray"],"picked":"PiercingWail+1","floor":30.0},{"not_picked":["Deflect+1","Deadly Poison+1"],"picked":"Dodge and Roll+1","floor":31.0},{"not_picked":["Cloak And Dagger+1","Quick Slash+1"],"picked":"Flechettes","floor":35},{"not_picked":["Deflect+1","Flying Knee+1"],"picked":"Outmaneuver+1","floor":36},{"not_picked":["Underhanded Strike","Sucker Punch"],"picked":"Choke+1","floor":37},{"not_picked":["Bane","Glass Knife"],"picked":"Outmaneuver+1","floor":39},{"not_picked":["Secret Weapon+1","Purity+1"],"picked":"Flash of Steel","floor":41},{"not_picked":["Chrysalis+1","Dark Shackles+1"],"picked":"Apotheosis+1","floor":41},{"not_picked":["Underhanded Strike","Dagger Throw","Poisoned Stab+1"],"picked":"SKIP","floor":42},{"not_picked":["Dash","Accuracy+1"],"picked":"Backflip+1","floor":44},{"not_picked":["All Out Attack+1","Dodge and Roll+1","Deflect+1"],"picked":"SKIP","floor":45},{"not_picked":["Reflex+1","Sucker Punch","Slice+1"],"picked":"SKIP","floor":46},{"not_picked":["Choke","Venomology+1"],"picked":"Expertise+1","floor":48},{"not_picked":["Poisoned Stab","Crippling Poison+1"],"picked":"Noxious Fumes+1","floor":54}],"player_experience":1342100,"relics_obtained":[{"floor":6.0,"key":"Bird Faced Urn"},{"floor":8.0,"key":"Meat on the Bone"},{"floor":9.0,"key":"Whetstone"},{"floor":14.0,"key":"Paper Crane"},{"floor":19.0,"key":"Old Coin"},{"floor":19.0,"key":"Letter Opener"},{"floor":24.0,"key":"Boot"},{"floor":26.0,"key":"Frozen Egg 2"},{"floor":30.0,"key":"War Paint"},{"floor":54,"key":"Lantern"}],"event_choices":[{"damage_healed":0.0,"max_hp_gain":0.0,"max_hp_loss":0.0,"gold_gain":0.0,"event_name":"Golden Idol","player_choice":"Take Damage","floor":3.0,"gold_loss":0.0,"damage_taken":16.0,"relics_obtained":["Golden Idol"]},{"damage_healed":0.0,"max_hp_gain":0.0,"max_hp_loss":0.0,"gold_gain":0.0,"event_name":"Colosseum","player_choice":"Fight","floor":19.0,"gold_loss":0.0,"damage_taken":0.0},{"damage_healed":0.0,"max_hp_gain":0.0,"max_hp_loss":0.0,"gold_gain":0.0,"event_name":"Colosseum","player_choice":"Fought Nobs","floor":19.0,"gold_loss":0.0,"damage_taken":0.0},{"cards_removed":["Strike_G"],"damage_healed":0.0,"max_hp_gain":0.0,"max_hp_loss":0.0,"gold_gain":0.0,"event_name":"Beggar","player_choice":"Gave Gold","floor":20.0,"gold_loss":75.0,"damage_taken":0.0},{"damage_healed":0,"gold_gain":0,"player_choice":"Memory 3","damage_taken":10,"max_hp_gain":0,"max_hp_loss":0,"event_name":"SensoryStone","floor":41,"gold_loss":0}],"is_beta":true,"boss_relics":[{"not_picked":["Empty Cage","Runic Dome"],"picked":"Ring of the Serpent"},{"not_picked":["Eternal Feather","WristBlade"],"picked":"Sozu"}],"items_purged_floors":[10,21],"is_endless":false,"potions_floor_spawned":[4,5,8,11,19,22,24,33,37,39,44,46,54],"ascension_level":14}