{"gold_per_floor":[112,18,18,93,114,145,145,185,185,208,224,224,264,23,23,144,144,144,74,74,12,12,12,12,12,12,12,12,12,12,12,12,12,12,12,12,12,12,12,12,12,12,12,12,12,12,12,12,12,12],"floor_reached":51,"playtime":2529,"items_purged":[],"score":903,"play_id":"6717c368-b70c-4ee2-914c-4993e0f0c7a2","local_time":"20190424171459","is_ascension_mode":true,"campfire_choices":[{"data":"Zap","floor":7,"key":"SMITH"},{"data":"Reinforced Body","floor":12,"key":"SMITH"},{"floor":15,"key":"REST"},{"data":"Dualcast","floor":23,"key":"SMITH"},{"floor":25,"key":"REST"},{"data":"Hologram","floor":32,"key":"SMITH"},{"floor":40,"key":"REST"},{"floor":45,"key":"REST"},{"floor":49,"key":"REST"}],"neow_cost":"NONE","seed_source_timestamp":268206522052503,"circlet_count":0,"master_deck":["Strike_B+1","Strike_B+1","Strike_B+1","Strike_B+1","Defend_B+1","Defend_B+1","Defend_B+1","Defend_B+1","Zap+1","Dualcast+1","Ball Lightning","Reinforced Body+1","Gash","Undo","Steam","Gash","Genetic Algorithm","Gash","Compile Driver","Coolheaded+1","Doom and Gloom","FTL","FTL+1","Sweeping Beam+1","Hologram+1","Echo Form","Loop+1","Beam Cell+1","Cold Snap+1","Redo+1","Hologram+1"],"relics":["Cracked Core","NeowsBlessing","Golden Idol","Pear","Pen Nib","Kunai","Gremlin Horn","DollysMirror","Ectoplasm","Orichalcum","FossilizedHelix","Molten Egg 2","Strawberry","Ornamental Fan","CultistMask","Inserter","Regal Pillow","Peace Pipe"],"potions_floor_usage":[8,16,50,50,50],"damage_taken":[{"damage":0,"enemies":"Cultist","floor":1,"turns":1},{"damage":0,"enemies":"Small Slimes","floor":5,"turns":1},{"damage":0,"enemies":"Lagavulin","floor":6,"turns":1},{"damage":10,"enemies":"Gremlin Nob","floor":8,"turns":4},{"damage":0,"enemies":"Jaw Worm","floor":10,"turns":3},{"damage":0,"enemies":"2 Fungi Beasts","floor":11,"turns":3},{"damage":20,"enemies":"Lagavulin","floor":13,"turns":8},{"damage":3,"enemies":"Hexaghost","floor":16,"turns":9},{"damage":11,"enemies":"Spheric Guardian","floor":18,"turns":4},{"damage":0,"enemies":"Chosen","floor":20,"turns":3},{"damage":8,"enemies":"Colosseum Slavers","floor":24,"turns":4},{"damage":12,"enemies":"Colosseum Nobs","floor":24,"turns":5},{"damage":21,"enemies":"Slavers","floor":27,"turns":4},{"damage":0,"enemies":"Centurion and Healer","floor":29,"turns":5},{"damage":0,"enemies":"3 Cultists","floor":31,"turns":4},{"damage":32,"enemies":"Automaton","floor":33,"turns":9},{"damage":0,"enemies":"3 Darklings","floor":35,"turns":5},{"damage":0,"enemies":"Orb Walker","floor":37,"turns":4},{"damage":16,"enemies":"Jaw Worm Horde","floor":39,"turns":3},{"damage":12,"enemies":"Sphere and 2 Shapes","floor":41,"turns":6},{"damage":15,"enemies":"4 Shapes","floor":42,"turns":3},{"damage":0,"enemies":"Maw","floor":44,"turns":6},{"damage":0,"enemies":"3 Darklings","floor":46,"turns":5},{"damage":40,"enemies":"2 Orb Walkers","floor":47,"turns":5},{"damage":4,"enemies":"Transient","floor":48,"turns":5},{"damage":74,"enemies":"Time Eater","floor":50,"turns":12}],"seed_played":"1767654896516353916","potions_obtained":[{"floor":1,"key":"LiquidBronze"},{"floor":5,"key":"Weak Potion"},{"floor":6,"key":"Weak Potion"},{"floor":10,"key":"Poison Potion"},{"floor":18,"key":"Block Potion"},{"floor":35,"key":"PowerPotion"}],"is_trial":false,"path_per_floor":["M","$","?","?","M","E","R","E","T","M","M","R","E","$","R","B",null,"M","$","M","?","$","R","?","R","T","E","?","M","?","M","R","B",null,"M","$","M","?","M","R","M","M","T","M","R","M","?","M","R","B",null],"character_chosen":"DEFECT","items_purchased":["Reinforced Body","Gash","DollysMirror","Compile Driver","Doom and Gloom"],"campfire_rested":5,"item_purchase_floors":[2,2,14,14,19],"current_hp_per_floor":[75,75,57,46,46,56,56,46,46,46,46,46,26,26,51,48,76,65,65,65,65,65,65,45,70,77,56,56,56,56,56,56,24,75,75,75,75,75,59,86,74,59,59,59,92,92,52,48,90,16],"gold":12,"neow_bonus":"THREE_ENEMY_KILL","is_prod":false,"is_daily":false,"chose_seed":false,"campfire_upgraded":4,"win_rate":0,"timestamp":1556118899,"path_taken":["M","$","?","?","M","E","R","E","T","M","M","R","E","$","R","BOSS","M","$","M","?","?","R","?","R","T","E","?","M","?","M","R","BOSS","M","$","M","?","M","R","?","M","T","M","R","M","?","M","R","BOSS"],"build_version":"2019-04-23","purchased_purges":0,"victory":true,"max_hp_per_floor":[75,75,75,75,75,85,85,85,85,85,85,85,85,85,85,85,85,85,85,85,85,85,85,85,85,92,92,92,92,92,92,92,92,92,92,92,92,92,92,92,92,92,92,92,92,92,92,92,92,92],"card_choices":[{"not_picked":["Reinforced Body","Go for the Eyes"],"picked":"Ball Lightning","floor":1},{"not_picked":["Self Repair","Rebound"],"picked":"Undo","floor":5},{"not_picked":["Steam Power","Barrage","Rip and Tear"],"picked":"SKIP","floor":6},{"not_picked":["Turbo","Storm"],"picked":"Steam","floor":8},{"not_picked":["Force Field","Rebound","Multi-Cast"],"picked":"SKIP","floor":10},{"not_picked":["Auto Shields","Go for the Eyes"],"picked":"Gash","floor":11},{"not_picked":["Double Energy","Go for the Eyes"],"picked":"Genetic Algorithm","floor":13},{"not_picked":["Blizzard+1","Leap"],"picked":"Coolheaded+1","floor":18},{"not_picked":["Steam","Rip and Tear"],"picked":"FTL","floor":20},{"not_picked":["Static Discharge+1","Barrage"],"picked":"FTL+1","floor":24},{"not_picked":["Cold Snap+1","White Noise"],"picked":"Sweeping Beam+1","floor":27},{"not_picked":["Barrage+1","Blizzard+1","Coolheaded"],"picked":"SKIP","floor":29},{"not_picked":["Auto Shields","Beam Cell+1"],"picked":"Hologram","floor":31},{"not_picked":["Hyperbeam+1","Reboot"],"picked":"Echo Form","floor":33},{"not_picked":["Loop","Undo","Rebound+1"],"picked":"SKIP","floor":35},{"not_picked":["Force Field+1","Capacitor"],"picked":"Loop+1","floor":37},{"not_picked":["Rebound+1","Ball Lightning+1"],"picked":"Beam Cell+1","floor":39},{"not_picked":["Coolheaded","Doom and Gloom+1"],"picked":"Cold Snap+1","floor":41},{"not_picked":["Darkness","Machine Learning"],"picked":"Redo+1","floor":42},{"not_picked":["Doom and Gloom+1","Storm+1"],"picked":"Hologram+1","floor":44},{"not_picked":["Fusion","Rebound+1","Genetic Algorithm"],"picked":"SKIP","floor":46},{"not_picked":["Skim+1","Beam Cell+1","Redo+1"],"picked":"SKIP","floor":48}],"player_experience":1197665,"relics_obtained":[{"floor":6,"key":"Pear"},{"floor":8,"key":"Pen Nib"},{"floor":9,"key":"Kunai"},{"floor":13,"key":"Gremlin Horn"},{"floor":24,"key":"FossilizedHelix"},{"floor":24,"key":"Molten Egg 2"},{"floor":26,"key":"Strawberry"},{"floor":27,"key":"Ornamental Fan"},{"floor":43,"key":"Regal Pillow"},{"floor":47,"key":"Peace Pipe"}],"event_choices":[{"damage_healed":0,"gold_gain":0,"player_choice":"Take Damage","damage_taken":18,"relics_obtained":["Golden Idol"],"max_hp_gain":0,"max_hp_loss":0,"event_name":"Golden Idol","floor":3,"gold_loss":0},{"damage_healed":0,"gold_gain":75,"player_choice":"Gather Gold","damage_taken":11,"max_hp_gain":0,"max_hp_loss":0,"event_name":"World of Goop","floor":4,"gold_loss":0},{"damage_healed":0,"gold_gain":0,"player_choice":"Paid Gold","damage_taken":0,"relics_obtained":["Orichalcum"],"max_hp_gain":0,"max_hp_loss":0,"event_name":"WeMeetAgain","floor":21,"gold_loss":62},{"damage_healed":0,"gold_gain":0,"player_choice":"Fight","damage_taken":0,"max_hp_gain":0,"max_hp_loss":0,"event_name":"Colosseum","floor":24,"gold_loss":0},{"damage_healed":0,"gold_gain":0,"player_choice":"Fought Nobs","damage_taken":0,"max_hp_gain":0,"max_hp_loss":0,"event_name":"Colosseum","floor":24,"gold_loss":0},{"damage_healed":0,"gold_gain":0,"player_choice":"Simplicity","damage_taken":0,"max_hp_gain":0,"max_hp_loss":0,"event_name":"Back to Basics","floor":28,"gold_loss":0,"cards_upgraded":["Strike_B","Strike_B","Strike_B","Strike_B","Defend_B","Defend_B","Defend_B","Defend_B"]},{"damage_healed":0,"gold_gain":0,"player_choice":"Trade","damage_taken":0,"relics_obtained":["CultistMask"],"max_hp_gain":0,"max_hp_loss":0,"event_name":"FaceTrader","floor":30,"gold_loss":0},{"damage_healed":0,"gold_gain":0,"player_choice":"Got Potions","damage_taken":0,"max_hp_gain":0,"max_hp_loss":0,"event_name":"Lab","floor":38,"gold_loss":0},{"damage_healed":0,"gold_gain":0,"player_choice":"Fight","damage_taken":0,"max_hp_gain":0,"max_hp_loss":0,"event_name":"Mysterious Sphere","floor":47,"gold_loss":0}],"is_beta":true,"boss_relics":[{"not_picked":["Coffee Dripper","Philosopher\u0027s Stone"],"picked":"Ectoplasm"},{"not_picked":["Eternal Feather","Nuclear Battery"],"picked":"Inserter"}],"items_purged_floors":[],"is_endless":false,"potions_floor_spawned":[1,5,6,10,13,18,20,24,35,44,47],"ascension_level":5}