{"gold_per_floor":[118,128,78,96,171,201,213,244,256,294,325,354,366,393,405,521,533,562,588,200,211,225,225],"floor_reached":23,"playtime":1598,"items_purged":["Strike_B"],"score":207,"play_id":"f07738e5-b5ed-4877-8211-080af02fdb3b","local_time":"20180809205708","is_ascension_mode":false,"campfire_choices":[{"floor":7,"key":"REST"},{"floor":15,"key":"REST"}],"neow_cost":"","seed_source_timestamp":15435162142559,"circlet_count":0,"master_deck":["Strike_B","Strike_B","Defend_B","Defend_B","Defend_B","Defend_B","Zap","Dualcast","Redo","Barrage","Defragment","Ball Lightning","Auto Shields","Ball Lightning","FTL","Static Discharge","Cold Snap","Echo Form","Leap+1","Consume","Defragment","Defragment"],"relics":["Cracked Core","MawBank","Bag of Preparation","Kunai","Sozu","Symbiotic Virus"],"potions_floor_usage":[6,6,16,18],"damage_taken":[{"damage":1,"enemies":"Cultist","floor":1,"turns":3},{"damage":2,"enemies":"2 Louse","floor":2,"turns":2},{"damage":1,"enemies":"Jaw Worm","floor":4,"turns":3},{"damage":32,"enemies":"3 Sentries","floor":6,"turns":7},{"damage":0,"enemies":"Large Slime","floor":8,"turns":4},{"damage":16,"enemies":"Gremlin Nob","floor":10,"turns":4},{"damage":8,"enemies":"Red Slaver","floor":11,"turns":3},{"damage":14,"enemies":"Exordium Wildlife","floor":12,"turns":4},{"damage":8,"enemies":"2 Fungi Beasts","floor":14,"turns":3},{"damage":15,"enemies":"Slime Boss","floor":16,"turns":8},{"damage":3,"enemies":"Shell Parasite","floor":18,"turns":4},{"damage":7,"enemies":"Spheric Guardian","floor":19,"turns":4},{"damage":10,"enemies":"Snake Plant","floor":21,"turns":3},{"damage":37,"enemies":"Cultist and Chosen","floor":22,"turns":4},{"damage":18,"enemies":"Slavers","floor":23,"turns":2}],"seed_played":"-5003979760662405566","potions_obtained":[{"floor":1,"key":"Weak Potion"},{"floor":2,"key":"Weak Potion"},{"floor":11,"key":"SpeedPotion"},{"floor":16,"key":"SkillPotion"}],"is_trial":false,"path_per_floor":["M","M","?","M","?","E","R","M","T","E","M","M","$","M","R","B",null,"M","M","$","M","M"],"character_chosen":"DEFECT","items_purchased":["Symbiotic Virus","Defragment"],"campfire_rested":2,"item_purchase_floors":[20,20],"current_hp_per_floor":[74,72,72,71,60,28,50,50,50,34,26,12,12,4,26,11,75,72,65,65,55,18,0],"gold":225,"neow_bonus":"","is_prod":false,"is_daily":false,"chose_seed":false,"campfire_upgraded":0,"win_rate":0,"timestamp":1533862628,"path_taken":["M","?","?","M","?","E","R","M","T","E","M","M","$","?","R","BOSS","M","M","$","M","M","E"],"build_version":"2018-08-09","purchased_purges":1,"victory":false,"max_hp_per_floor":[75,75,75,75,75,75,75,75,75,75,75,75,75,75,75,75,75,75,75,75,75,75,75],"card_choices":[{"not_picked":["Steam Power","Turbo"],"picked":"Redo","floor":1},{"not_picked":["Stack","Rebound"],"picked":"Barrage","floor":2},{"not_picked":["Sweeping Beam","Gash"],"picked":"Defragment","floor":4},{"not_picked":["Go for the Eyes","Genetic Algorithm"],"picked":"Ball Lightning","floor":6},{"not_picked":["Fusion","Recycle"],"picked":"Auto Shields","floor":8},{"not_picked":["Stack","Recycle"],"picked":"Ball Lightning","floor":10},{"not_picked":["Redo","Gash"],"picked":"FTL","floor":11},{"not_picked":["Darkness","Barrage"],"picked":"Static Discharge","floor":12},{"not_picked":["Core Surge","Recycle"],"picked":"Cold Snap","floor":14},{"not_picked":["Hyperbeam","Creative AI"],"picked":"Echo Form","floor":16},{"not_picked":["Go for the Eyes","Fusion"],"picked":"Leap+1","floor":18},{"not_picked":["Barrage","Auto Shields"],"picked":"Consume","floor":19},{"not_picked":["Cold Snap+1","Steam Power+1"],"picked":"Defragment","floor":21},{"not_picked":["Streamline","Cold Snap+1","Fusion"],"picked":"SKIP","floor":22}],"player_experience":603695,"relics_obtained":[{"floor":6,"key":"MawBank"},{"floor":9,"key":"Bag of Preparation"},{"floor":10,"key":"Kunai"}],"event_choices":[{"event_name":"The Cleric","player_choice":"Card Removal","floor":3,"damage_taken":0},{"event_name":"World of Goop","player_choice":"Gather Gold","floor":5,"damage_taken":0}],"is_beta":false,"boss_relics":[{"not_picked":["Tiny House","FrozenCore"],"picked":"Sozu"}],"items_purged_floors":[20],"is_endless":false,"potions_floor_spawned":[1,2,11,16,18,19,21],"killed_by":"Slavers","ascension_level":0}