{"gold_per_floor":[116,135,149,149,149,180,192,234,271,293,305,317,346,378,390,402],"floor_reached":16,"playtime":495,"items_purged":[],"score":218,"play_id":"ab733bf1-52bc-4907-ac44-7f6deab81870","local_time":"20190509221252","is_ascension_mode":true,"campfire_choices":[{"floor":7,"key":"REST"},{"floor":12,"key":"REST"},{"data":"Hemokinesis","floor":15,"key":"SMITH"}],"neow_cost":"NONE","seed_source_timestamp":1584125928933532,"circlet_count":0,"master_deck":["AscendersBane","Strike_R","Strike_R","Strike_R","Strike_R","Strike_R","Defend_R","Defend_R","Defend_R","Defend_R","Bash+1","Infernal Blade","Hemokinesis+1","Cleave","True Grit","Iron Wave","Shrug It Off"],"relics":["Burning Blood","FaceOfCleric","MawBank","Ancient Tea Set","Happy Flower"],"potions_floor_usage":[8,10,16],"damage_taken":[{"damage":19,"enemies":"Jaw Worm","floor":1,"turns":4},{"damage":6,"enemies":"Small Slimes","floor":2,"turns":4},{"damage":3,"enemies":"Cultist","floor":3,"turns":2},{"damage":51,"enemies":"3 Sentries","floor":6,"turns":8},{"damage":41,"enemies":"Lagavulin","floor":8,"turns":5},{"damage":3,"enemies":"Looter","floor":10,"turns":2},{"damage":12,"enemies":"2 Fungi Beasts","floor":13,"turns":3},{"damage":12,"enemies":"3 Louse","floor":14,"turns":4},{"damage":30,"enemies":"Hexaghost","floor":16,"turns":9}],"seed_played":"4821032001277878471","potions_obtained":[{"floor":1,"key":"Fire Potion"},{"floor":2,"key":"Strength Potion"},{"floor":8,"key":"LiquidBronze"},{"floor":13,"key":"Energy Potion"}],"is_trial":false,"path_per_floor":["M","M","M","?","?","E","R","E","T","M","$","R","M","M","R","B"],"character_chosen":"IRONCLAD","items_purchased":[],"campfire_rested":2,"item_purchase_floors":[],"current_hp_per_floor":[55,55,58,63,63,19,43,9,9,13,13,37,32,27,27,0],"gold":402,"neow_bonus":"UPGRADE_CARD","is_prod":false,"is_daily":false,"chose_seed":false,"campfire_upgraded":1,"win_rate":0,"timestamp":1557432772,"path_taken":["M","M","M","?","?","E","R","E","T","M","$","R","M","M","R","BOSS"],"build_version":"2019-05-07","purchased_purges":0,"victory":false,"max_hp_per_floor":[75,75,75,80,80,81,81,82,82,83,83,83,84,85,85,85],"card_choices":[{"not_picked":["Blood for Blood","Fire Breathing"],"picked":"Infernal Blade","floor":1},{"not_picked":["Armaments","Clash"],"picked":"Hemokinesis","floor":2},{"not_picked":["Thunderclap","Anger"],"picked":"Cleave","floor":3},{"not_picked":["Havoc","Juggernaut"],"picked":"True Grit","floor":6},{"not_picked":["Pummel","Wild Strike"],"picked":"Iron Wave","floor":8},{"not_picked":["Fire Breathing","Body Slam","Flex"],"picked":"SKIP","floor":10},{"not_picked":["Dual Wield","Havoc","Evolve"],"picked":"SKIP","floor":13},{"not_picked":["Perfected Strike","Pummel"],"picked":"Shrug It Off","floor":14}],"player_experience":1687337,"relics_obtained":[{"floor":6,"key":"MawBank"},{"floor":8,"key":"Ancient Tea Set"},{"floor":9,"key":"Happy Flower"}],"event_choices":[{"damage_healed":0,"gold_gain":0,"player_choice":"Donut","damage_taken":0,"max_hp_gain":5,"max_hp_loss":0,"event_name":"Big Fish","floor":4,"gold_loss":0},{"damage_healed":0,"gold_gain":0,"player_choice":"Trade","damage_taken":0,"relics_obtained":["FaceOfCleric"],"max_hp_gain":0,"max_hp_loss":0,"event_name":"FaceTrader","floor":5,"gold_loss":0}],"is_beta":true,"boss_relics":[],"items_purged_floors":[],"is_endless":false,"potions_floor_spawned":[1,2,8,13],"killed_by":"Hexaghost","ascension_level":19}