{"gold_per_floor":[111,127,143,154,68,96,120,132,144,171,215,227,250,281,293,305],"floor_reached":16,"playtime":715,"items_purged":[],"score":232,"play_id":"99d92c07-9fbb-4872-9658-b8ebf409b78d","local_time":"20190514173636","is_ascension_mode":true,"campfire_choices":[{"floor":8,"key":"REST"},{"data":"Cloak And Dagger","floor":12,"key":"SMITH"},{"data":"Blur","floor":15,"key":"SMITH"}],"neow_cost":"NONE","seed_source_timestamp":1999330082277835,"circlet_count":0,"master_deck":["AscendersBane","Defend_G","Defend_G","Defend_G","Defend_G","Defend_G","Strike_G","Strike_G","Strike_G","Strike_G","Strike_G","Survivor","Neutralize","Cloak And Dagger+1","Blur+1","Dagger Spray","Deadly Poison","Corpse Explosion","Bouncing Flask","Flying Knee","All Out Attack","Poisoned Stab","Blur"],"relics":["Ring of the Snake","MawBank","Meat on the Bone","Art of War"],"potions_floor_usage":[1,6,6,11,13,16],"damage_taken":[{"damage":4,"enemies":"Cultist","floor":1,"turns":6},{"damage":0,"enemies":"2 Louse","floor":2,"turns":2},{"damage":6,"enemies":"Jaw Worm","floor":3,"turns":8},{"damage":11,"enemies":"Large Slime","floor":4,"turns":8},{"damage":34,"enemies":"Lagavulin","floor":6,"turns":7},{"damage":18,"enemies":"Exordium Thugs","floor":7,"turns":4},{"damage":5,"enemies":"2 Fungi Beasts","floor":10,"turns":2},{"damage":24,"enemies":"Gremlin Nob","floor":11,"turns":4},{"damage":5,"enemies":"Gremlin Gang","floor":13,"turns":3},{"damage":16,"enemies":"Exordium Thugs","floor":14,"turns":3},{"damage":26,"enemies":"The Guardian","floor":16,"turns":2}],"seed_played":"-1734244844217984911","potions_obtained":[{"floor":0,"key":"Fruit Juice"},{"floor":0,"key":"Regen Potion"},{"floor":2,"key":"Strength Potion"},{"floor":7,"key":"Swift Potion"},{"floor":10,"key":"Weak Potion"},{"floor":14,"key":"Dexterity Potion"}],"is_trial":false,"path_per_floor":["M","M","M","M","$","E","M","R","T","M","E","R","M","M","R","B"],"character_chosen":"THE_SILENT","items_purchased":["Corpse Explosion"],"campfire_rested":1,"item_purchase_floors":[5],"current_hp_per_floor":[60,60,54,43,43,24,6,27,27,34,22,22,29,25,25,0],"gold":305,"neow_bonus":"THREE_SMALL_POTIONS","is_prod":false,"is_daily":false,"chose_seed":false,"campfire_upgraded":2,"win_rate":0,"timestamp":1557848196,"path_taken":["M","M","M","?","$","E","M","R","T","M","E","R","M","M","R","BOSS"],"build_version":"2019-05-07","purchased_purges":0,"victory":false,"max_hp_per_floor":[71,71,71,71,71,71,71,71,71,71,71,71,71,71,71,71],"card_choices":[{"not_picked":["PiercingWail","Acrobatics"],"picked":"Cloak And Dagger","floor":1},{"not_picked":["Dagger Throw","Terror"],"picked":"Blur","floor":2},{"not_picked":["Escape Plan","Acrobatics"],"picked":"Dagger Spray","floor":3},{"not_picked":["Choke","Sucker Punch"],"picked":"Deadly Poison","floor":4},{"not_picked":["Skewer","Masterful Stab"],"picked":"Bouncing Flask","floor":6},{"not_picked":["Quick Slash","Dagger Throw","Riddle With Holes"],"picked":"SKIP","floor":7},{"not_picked":["Terror","Quick Slash"],"picked":"Flying Knee","floor":10},{"not_picked":["Slice","Unload"],"picked":"All Out Attack","floor":11},{"not_picked":["Prepared","Calculated Gamble"],"picked":"Poisoned Stab","floor":13},{"not_picked":["Dagger Throw","Bane"],"picked":"Blur","floor":14}],"player_experience":1892964,"relics_obtained":[{"floor":6,"key":"MawBank"},{"floor":9,"key":"Meat on the Bone"},{"floor":11,"key":"Art of War"}],"event_choices":[],"is_beta":true,"boss_relics":[],"items_purged_floors":[],"is_endless":false,"potions_floor_spawned":[2,4,7,10,14],"killed_by":"The Guardian","ascension_level":20}