{"gold_per_floor":[114,114,189,203,221,221,496,510,510,520,219,219,239,256,256,256],"floor_reached":16,"playtime":608,"items_purged":["Regret"],"score":165,"play_id":"940597a2-c2d3-4a06-8bc9-15877c197fde","local_time":"20190501151127","is_ascension_mode":true,"campfire_choices":[{"data":"Bash","floor":6,"key":"SMITH"},{"data":"Intimidate","floor":12,"key":"SMITH"},{"data":"Entrench","floor":15,"key":"SMITH"}],"neow_cost":"NONE","seed_source_timestamp":867529311204409,"circlet_count":0,"master_deck":["AscendersBane","Strike_R","Strike_R","Strike_R","Strike_R","Defend_R","Defend_R","Defend_R","Defend_R","Bash+1","Headbutt","Headbutt","Corruption","Shrug It Off","Intimidate+1","Feed","Reaper","Entrench+1"],"relics":["Burning Blood","Anchor","Meat on the Bone"],"potions_floor_usage":[16],"damage_taken":[{"damage":0,"enemies":"2 Louse","floor":1,"turns":3},{"damage":0,"enemies":"Jaw Worm","floor":4,"turns":4},{"damage":1,"enemies":"Cultist","floor":5,"turns":3},{"damage":9,"enemies":"Exordium Thugs","floor":8,"turns":5},{"damage":12,"enemies":"2 Fungi Beasts","floor":10,"turns":5},{"damage":37,"enemies":"Large Slime","floor":13,"turns":9},{"damage":6,"enemies":"3 Louse","floor":14,"turns":4},{"damage":72,"enemies":"The Guardian","floor":16,"turns":11}],"seed_played":"4505916311377218267","potions_obtained":[{"floor":13,"key":"Ancient Potion"},{"floor":14,"key":"AttackPotion"}],"is_trial":false,"path_per_floor":["M","?","?","M","M","R","?","M","T","M","$","R","M","M","R","B"],"character_chosen":"IRONCLAD","items_purchased":["Feed","Reaper"],"campfire_rested":0,"item_purchase_floors":[11,11],"current_hp_per_floor":[74,67,56,62,67,67,67,64,64,58,58,58,46,57,57,0],"gold":256,"neow_bonus":"RANDOM_COMMON_RELIC","is_prod":false,"is_daily":false,"chose_seed":false,"campfire_upgraded":3,"win_rate":0,"timestamp":1556716287,"path_taken":["M","?","?","M","M","R","?","M","T","M","$","R","?","M","R","BOSS"],"build_version":"2019-04-23","purchased_purges":1,"victory":false,"max_hp_per_floor":[75,75,75,75,75,75,75,75,75,75,75,75,78,81,81,81],"card_choices":[{"not_picked":["Wild Strike","Armaments"],"picked":"Headbutt","floor":1},{"not_picked":["Warcry","Thunderclap"],"picked":"Headbutt","floor":4},{"not_picked":["Carnage","Wild Strike"],"picked":"Corruption","floor":5},{"not_picked":["Intimidate","True Grit"],"picked":"Shrug It Off","floor":8},{"not_picked":["Infernal Blade","Twin Strike"],"picked":"Intimidate","floor":10},{"not_picked":["Headbutt","Warcry"],"picked":"Entrench","floor":13},{"not_picked":["Headbutt","Berserk","Rupture"],"picked":"SKIP","floor":14}],"player_experience":1395996,"relics_obtained":[{"floor":9,"key":"Meat on the Bone"}],"event_choices":[{"cards_removed":["Strike_R"],"damage_healed":0,"gold_gain":0,"player_choice":"Card Removal","damage_taken":7,"max_hp_gain":0,"max_hp_loss":0,"event_name":"Golden Wing","floor":2,"gold_loss":0},{"damage_healed":0,"gold_gain":75,"player_choice":"Gather Gold","damage_taken":11,"max_hp_gain":0,"max_hp_loss":0,"event_name":"World of Goop","floor":3,"gold_loss":0},{"damage_healed":0,"gold_gain":275,"player_choice":"Desecrate","damage_taken":0,"max_hp_gain":0,"max_hp_loss":0,"event_name":"Golden Shrine","floor":7,"gold_loss":0,"cards_obtained":["Regret"]}],"is_beta":true,"boss_relics":[],"items_purged_floors":[11],"is_endless":false,"potions_floor_spawned":[13,14],"killed_by":"The Guardian","ascension_level":15}