{"gold_per_floor":[117,132,144,161,172,199,217,217,243,262,262,262],"floor_reached":12,"playtime":383,"items_purged":[],"score":180,"play_id":"bea87843-83e1-4f40-a74b-e2031be7ca27","local_time":"20190429175713","is_ascension_mode":true,"campfire_choices":[{"floor":8,"key":"REST"}],"neow_cost":"PERCENT_DAMAGE","seed_source_timestamp":704899647777989,"circlet_count":0,"master_deck":["AscendersBane","Strike_B","Strike_B","Strike_B","Defend_B","Defend_B","Defend_B","Defend_B","Zap","Dualcast","Barrage","Conserve Battery","Sweeping Beam","Glacier","Conserve Battery","Capacitor","White Noise"],"relics":["Cracked Core","Pocketwatch","Lantern","Orichalcum"],"potions_floor_usage":[6,6],"damage_taken":[{"damage":1,"enemies":"Cultist","floor":1,"turns":3},{"damage":1,"enemies":"2 Louse","floor":2,"turns":2},{"damage":11,"enemies":"Small Slimes","floor":3,"turns":2},{"damage":27,"enemies":"Exordium Thugs","floor":4,"turns":5},{"damage":0,"enemies":"Looter","floor":5,"turns":3},{"damage":0,"enemies":"3 Sentries","floor":6,"turns":3},{"damage":0,"enemies":"2 Fungi Beasts","floor":7,"turns":3},{"damage":8,"enemies":"3 Louse","floor":10,"turns":3},{"damage":50,"enemies":"Gremlin Gang","floor":12,"turns":3}],"seed_played":"451767698813361724","potions_obtained":[{"floor":1,"key":"SpeedPotion"},{"floor":4,"key":"PowerPotion"}],"is_trial":false,"path_per_floor":["M","M","M","M","M","E","M","R","T","M","?","M"],"character_chosen":"DEFECT","items_purchased":[],"campfire_rested":1,"item_purchase_floors":[],"current_hp_per_floor":[49,48,37,10,10,10,10,32,32,24,24,0],"gold":262,"neow_bonus":"ONE_RARE_RELIC","is_prod":false,"is_daily":false,"chose_seed":false,"campfire_upgraded":0,"win_rate":0,"timestamp":1556553433,"path_taken":["M","M","M","M","M","E","M","R","T","M","?","?"],"build_version":"2019-04-23","purchased_purges":0,"victory":false,"max_hp_per_floor":[75,75,75,75,75,75,75,75,75,75,75,75],"card_choices":[{"not_picked":["Aggregate","Rebound"],"picked":"Barrage","floor":1},{"not_picked":["Fusion","Cold Snap"],"picked":"Conserve Battery","floor":2},{"not_picked":["Conserve Battery","Leap"],"picked":"Sweeping Beam","floor":3},{"not_picked":["Sweeping Beam","Hologram"],"picked":"Glacier","floor":4},{"not_picked":["Sunder","Reprogram"],"picked":"Conserve Battery","floor":5},{"not_picked":["Conserve Battery","Hologram"],"picked":"Capacitor","floor":6},{"not_picked":["Reprogram","Steam"],"picked":"White Noise","floor":7},{"not_picked":["Leap","Turbo","Heatsinks"],"picked":"SKIP","floor":10}],"player_experience":1326070,"relics_obtained":[{"floor":6,"key":"Lantern"},{"floor":9,"key":"Orichalcum"}],"event_choices":[{"cards_removed":["Strike_B"],"damage_healed":0,"gold_gain":0,"player_choice":"Offered Basic","damage_taken":0,"max_hp_gain":0,"max_hp_loss":0,"event_name":"Bonfire Elementals","floor":11,"gold_loss":0}],"is_beta":true,"boss_relics":[],"items_purged_floors":[],"is_endless":false,"potions_floor_spawned":[1,4,5],"killed_by":"Gremlin Gang","ascension_level":13}