{"gold_per_floor":[359,28,28,41,55,55,67,93,93,93,124,124,124],"floor_reached":13,"playtime":434,"items_purged":[],"score":181,"play_id":"3131e7c4-d752-4990-b03e-dd687e4f9cbd","local_time":"20190512104325","is_ascension_mode":true,"campfire_choices":[{"data":"Body Slam","floor":6,"key":"SMITH"},{"floor":10,"key":"REST"},{"data":"Barricade","floor":12,"key":"SMITH"}],"neow_cost":"CURSE","seed_source_timestamp":1802020448101421,"circlet_count":0,"master_deck":["AscendersBane","Strike_R+1","Strike_R","Strike_R","Strike_R","Strike_R","Defend_R","Defend_R+1","Defend_R","Defend_R","Bash","Clumsy","Anger","True Grit","Body Slam+1","Demon Form","Barricade+1"],"relics":["Burning Blood","Kunai","Boot","Ornamental Fan","Shovel"],"potions_floor_usage":[],"damage_taken":[{"damage":9,"enemies":"2 Louse","floor":1,"turns":3},{"damage":2,"enemies":"Jaw Worm","floor":4,"turns":4},{"damage":0,"enemies":"Cultist","floor":5,"turns":3},{"damage":12,"enemies":"2 Fungi Beasts","floor":7,"turns":4},{"damage":43,"enemies":"3 Sentries","floor":8,"turns":12},{"damage":14,"enemies":"Lagavulin","floor":11,"turns":6},{"damage":32,"enemies":"3 Sentries","floor":13,"turns":4}],"seed_played":"-6127696160958075454","potions_obtained":[{"floor":4,"key":"SpeedPotion"},{"floor":8,"key":"SpeedPotion"}],"is_trial":false,"path_per_floor":["M","$","?","M","M","R","M","E","T","R","E","R","E"],"character_chosen":"IRONCLAD","items_purchased":["Kunai","True Grit"],"campfire_rested":1,"item_purchase_floors":[2,2],"current_hp_per_floor":[65,65,42,46,52,52,46,9,9,31,23,23,0],"gold":124,"neow_bonus":"TWO_FIFTY_GOLD","is_prod":false,"is_daily":false,"chose_seed":false,"campfire_upgraded":2,"win_rate":0,"timestamp":1557650605,"path_taken":["M","$","?","M","M","R","M","E","T","R","E","R","E"],"build_version":"2019-05-07","purchased_purges":0,"victory":false,"max_hp_per_floor":[75,75,75,75,75,75,75,75,75,75,75,75,75],"card_choices":[{"not_picked":["Searing Blow","Heavy Blade"],"picked":"Anger","floor":1},{"not_picked":["Blood for Blood","Anger"],"picked":"Body Slam","floor":4},{"not_picked":["Perfected Strike","Sword Boomerang","Brutality"],"picked":"SKIP","floor":5},{"not_picked":["True Grit","Anger","Carnage"],"picked":"SKIP","floor":7},{"not_picked":["Clothesline","Uppercut"],"picked":"Demon Form","floor":8},{"not_picked":["Warcry","Heavy Blade"],"picked":"Barricade","floor":11}],"player_experience":1836447,"relics_obtained":[{"floor":8,"key":"Boot"},{"floor":9,"key":"Ornamental Fan"},{"floor":11,"key":"Shovel"}],"event_choices":[{"damage_healed":0,"gold_gain":0,"player_choice":"Entered Light","damage_taken":23,"max_hp_gain":0,"max_hp_loss":0,"event_name":"Shining Light","floor":3,"gold_loss":0,"cards_upgraded":["Defend_R","Strike_R"]}],"is_beta":true,"boss_relics":[],"items_purged_floors":[],"is_endless":false,"potions_floor_spawned":[4,8],"killed_by":"3 Sentries","ascension_level":19}