{"path_per_floor":["M","M","M","M","?","R","$","R","T","R","E","M","M","M","R","B",null,"M","M","?","M","$","?","E"],"character_chosen":"IRONCLAD","items_purchased":["Whirlwind","Shrug It Off"],"gold_per_floor":[109,123,136,152,102,102,25,25,73,73,103,120,137,157,157,252,252,272,284,209,222,101,101,135],"floor_reached":25,"campfire_rested":0,"playtime":1529,"current_hp_per_floor":[80,76,80,70,70,70,70,70,70,70,64,72,79,76,76,11,86,86,86,86,68,68,68,10],"items_purged":["Strike_R"],"gold":135,"play_id":"e55985fe-063c-4ff5-8cf9-38eb3837dba2","is_prod":false,"is_daily":false,"is_ascension_mode":true,"campfire_upgraded":4,"path_taken":["M","M","M","M","?","R","?","R","T","R","E","M","M","M","R","BOSS","M","M","?","M","$","?","E","M"],"build_version":"2018-02-01-PROD3","purchased_purges":2,"victory":false,"master_deck":["Strike_R","Strike_R","Defend_R","Defend_R","Defend_R","Defend_R","Bash+1","Headbutt","Immolate","Ghostly Armor+1","Whirlwind+1","Pommel Strike+1","Double Tap","Wild Strike+1","Seeing Red","Metallicize","Shrug It Off","Feed"],"max_hp_per_floor":[80,80,80,80,80,80,80,80,80,80,80,82,84,86,86,86,86,86,86,86,86,86,86,86],"relics":["Burning Blood","Gambling Chip","Philosopher\u0027s Stone","Nloth\u0027s Gift","Blue Candle"],"card_choices":[{"not_picked":["Iron Wave","True Grit"],"picked":"Headbutt"},{"not_picked":["Clash","Sever Soul"],"picked":"Immolate"},{"not_picked":["Sever Soul","Reckless Charge"],"picked":"Ghostly Armor"},{"not_picked":["Bludgeon","Anger"],"picked":"Pommel Strike"},{"not_picked":["Dark Embrace","Bludgeon"],"picked":"Double Tap"},{"not_picked":["Cleave","Twin Strike"],"picked":"Wild Strike"},{"not_picked":["Blood for Blood","Ghostly Armor"],"picked":"Seeing Red"},{"not_picked":["Dark Embrace","Warcry"],"picked":"Metallicize"},{"not_picked":["Ghostly Armor","Fiend Fire"],"picked":"Feed"}],"player_experience":389405,"potions_floor_usage":[3,4,16,16,19,24],"damage_taken":[{"damage":5,"enemies":"2 Louse","floor":1,"turns":3},{"damage":10,"enemies":"Small Slimes","floor":2,"turns":4},{"damage":1,"enemies":"Cultist","floor":3,"turns":3},{"damage":16,"enemies":"Exordium Thugs","floor":4,"turns":4},{"damage":12,"enemies":"3 Sentries","floor":11,"turns":5},{"damage":0,"enemies":"Exordium Wildlife","floor":12,"turns":1},{"damage":1,"enemies":"Red Slaver","floor":13,"turns":3},{"damage":11,"enemies":"Looter","floor":14,"turns":2},{"damage":71,"enemies":"The Guardian","floor":16,"turns":9},{"damage":0,"enemies":"3 Byrds","floor":18,"turns":1},{"damage":0,"enemies":"Spheric Guardian","floor":19,"turns":2},{"damage":24,"enemies":"Cultist and Chosen","floor":21,"turns":5},{"damage":64,"enemies":"Gremlin Leader","floor":24,"turns":6},{"damage":18,"enemies":"Snake Plant","floor":25,"turns":2}],"event_choices":[{"event_name":"The Cleric","player_choice":"Card Removal","floor":5,"damage_taken":0},{"event_name":"Beggar","player_choice":"Gave Gold","floor":20,"damage_taken":0},{"event_name":"N\u0027loth","player_choice":"Traded a Singing Bowl","floor":23,"damage_taken":0}],"boss_relics":[{"not_picked":["White Beast Statue","Question Card"],"picked":"Philosopher\u0027s Stone"}],"potions_floor_spawned":[2,3,12,14,16,18],"seed_played":"3532150789003816737","killed_by":"Snake Plant","ascension_level":2,"is_trial":false}