{"gold_per_floor":[112,112,128,148,73,73,102,159,159,159],"floor_reached":10,"playtime":382,"items_purged":["Strike_B"],"score":66,"play_id":"f99fc615-0455-4a8e-bb02-b7c08705c3d3","local_time":"20180805012544","is_ascension_mode":false,"campfire_choices":[{"data":"Streamline","floor":6,"key":"SMITH"}],"neow_cost":"NONE","seed_source_timestamp":40132452421794,"circlet_count":0,"master_deck":["Strike_B","Strike_B","Strike_B","Defend_B","Defend_B","Defend_B","Defend_B","Zap","Dualcast","Go for the Eyes","Streamline+1","Regret","Gash","Go for the Eyes"],"relics":["Cracked Core","Cables","Happy Flower","Dream Catcher","Ancient Tea Set"],"potions_floor_usage":[7],"damage_taken":[{"damage":3,"enemies":"Jaw Worm","floor":1,"turns":3},{"damage":0,"enemies":"Small Slimes","floor":3,"turns":2},{"damage":6,"enemies":"2 Louse","floor":4,"turns":2},{"damage":26,"enemies":"Gremlin Nob","floor":7,"turns":4},{"damage":30,"enemies":"Lagavulin Event","floor":8,"turns":6},{"damage":17,"enemies":"Exordium Wildlife","floor":10,"turns":3}],"seed_played":"2388470955510616392","potions_obtained":[{"floor":4,"key":"Energy Potion"},{"floor":8,"key":"PowerPotion"}],"is_trial":false,"path_per_floor":["M","?","M","M","$","R","E","?","T"],"character_chosen":"DEFECT","items_purchased":[],"campfire_rested":0,"item_purchase_floors":[],"current_hp_per_floor":[72,72,72,66,66,66,40,10,10,0],"gold":159,"neow_bonus":"THREE_CARDS","is_prod":false,"is_daily":false,"chose_seed":false,"campfire_upgraded":1,"win_rate":0,"timestamp":1533446744,"path_taken":["M","?","M","M","$","R","E","?","T","M"],"build_version":"2018-08-02","purchased_purges":1,"victory":false,"max_hp_per_floor":[75,75,75,75,75,75,75,75,75,75],"card_choices":[{"not_picked":["Barrage","Steam"],"picked":"Go for the Eyes","floor":0},{"not_picked":["Steam","Genetic Algorithm"],"picked":"Streamline","floor":1},{"not_picked":["Heatsinks","Fusion"],"picked":"Gash","floor":3},{"not_picked":["Reinforced Body","Double Energy"],"picked":"Go for the Eyes","floor":4},{"not_picked":["Beam Cell","Steam","Storm"],"picked":"SKIP","floor":7}],"player_experience":563051,"relics_obtained":[{"floor":7,"key":"Happy Flower"},{"floor":9,"key":"Ancient Tea Set"}],"event_choices":[{"event_name":"Big Fish","player_choice":"Box","floor":2,"damage_taken":0},{"event_name":"Dead Adventurer","player_choice":"Searched \u00272\u0027 times","floor":8,"damage_taken":0}],"is_beta":false,"boss_relics":[],"items_purged_floors":[5],"is_endless":false,"potions_floor_spawned":[4,8],"killed_by":"Exordium Wildlife","ascension_level":0}