{"path_per_floor":["M","M","M","M","M","E","M","?","T","?","E","R","T","$","R","B",null,"M","?","M","$","M"],"character_chosen":"IRONCLAD","items_purchased":["Feel No Pain","Headbutt","Corruption","Heavy Blade"],"gold_per_floor":[19,36,48,59,77,105,116,116,116,116,148,148,172,84,84,185,185,169,84,95,5,21],"floor_reached":23,"campfire_rested":0,"playtime":2094,"current_hp_per_floor":[80,80,80,79,80,59,58,58,58,58,63,63,63,63,63,16,80,78,78,80,80,75],"items_purged":[],"gold":21,"play_id":"b463ca69-9869-4188-a2cb-0ad41fe30108","is_prod":false,"is_daily":false,"campfire_rituals":0,"campfire_upgraded":2,"is_hardmode":false,"path_taken":["M","M","M","M","M","E","M","?","T","?","E","R","?","$","R","BOSS","M","?","M","?","M","E"],"build_version":"2018-01-18-PROD4","purchased_purges":0,"victory":false,"master_deck":["Strike_R","Strike_R","Strike_R","Strike_R","Strike_R","Defend_R","Defend_R","Defend_R","Defend_R","Bash","Metallicize","Anger","Perfected Strike","Flame Barrier","Searing Blow","Twin Strike","Iron Wave","Sever Soul","Feel No Pain","Headbutt","Reaper","Headbutt","Armaments","Corruption","Heavy Blade","Rupture"],"max_hp_per_floor":[80,80,80,80,80,80,80,80,80,80,80,80,80,80,80,80,80,80,80,80,80,80],"relics":["Black Blood","Ice Cream","Orichalcum","Lantern","Mercury Hourglass","War Paint","Dream Catcher","Bag of Preparation"],"campfire_meditates":0,"card_choices":[{"not_picked":["Shockwave","Flex"],"picked":"Metallicize"},{"not_picked":["Infernal Blade","Shrug It Off"],"picked":"Anger"},{"not_picked":["Hemokinesis","Whirlwind"],"picked":"Perfected Strike"},{"not_picked":["Headbutt","Pummel"],"picked":"Flame Barrier"},{"not_picked":["Warcry","Limit Break"],"picked":"Searing Blow"},{"not_picked":["Disarm","Shrug It Off"],"picked":"Twin Strike"},{"not_picked":["Rupture","Burning Pact"],"picked":"Iron Wave"},{"not_picked":["Heavy Blade","Berserk"],"picked":"Sever Soul"},{"not_picked":["Limit Break","Dark Embrace"],"picked":"Reaper"},{"not_picked":["True Grit","Rage"],"picked":"Headbutt"},{"not_picked":["Infernal Blade","Clothesline"],"picked":"Armaments"},{"not_picked":["Flex","Thunderclap"],"picked":"Rupture"}],"player_experience":9078,"potions_floor_usage":[16,16,23,23],"damage_taken":[{"damage":1,"enemies":"2 Louse","floor":1,"turns":4},{"damage":3,"enemies":"Jaw Worm","floor":2,"turns":6},{"damage":0,"enemies":"Cultist","floor":3,"turns":4},{"damage":7,"enemies":"Looter","floor":4,"turns":3},{"damage":0,"enemies":"Exordium Wildlife","floor":5,"turns":4},{"damage":27,"enemies":"Gremlin Nob","floor":6,"turns":5},{"damage":7,"enemies":"2 Fungi Beasts","floor":7,"turns":5},{"damage":1,"enemies":"3 Sentries","floor":11,"turns":5},{"damage":53,"enemies":"The Guardian","floor":16,"turns":10},{"damage":12,"enemies":"2 Thieves","floor":18,"turns":4},{"damage":0,"enemies":"3 Byrds","floor":20,"turns":4},{"damage":15,"enemies":"Centurion and Healer","floor":22,"turns":9},{"damage":92,"enemies":"Gremlin Leader","floor":23,"turns":7}],"event_choices":[{"event_name":"Living Wall","player_choice":"Grow","floor":8,"damage_taken":0},{"event_name":"Dead Adventurer","player_choice":"Searched \u00272\u0027 times","floor":10,"damage_taken":0},{"event_name":"Addict","player_choice":"Obtained Relic","floor":19,"damage_taken":0}],"boss_relics":[{"not_picked":["Cursed Key","Runic Cube"],"picked":"Black Blood"}],"potions_floor_spawned":[1,2,4,6,16,20],"seed_played":"3664552917303490928","killed_by":"Gremlin Leader","is_trial":false}