{"gold_per_floor":[112,112,62,75,88,88,119,119,119,178,103,114,114,114],"floor_reached":14,"playtime":522,"items_purged":["Pain"],"score":150,"play_id":"ec54d0cb-eccd-4533-b249-feefb7a8cf50","local_time":"20190119170823","is_ascension_mode":true,"campfire_choices":[{"data":"Armaments","floor":6,"key":"SMITH"}],"neow_cost":"CURSE","seed_source_timestamp":282126684428400,"circlet_count":0,"master_deck":["AscendersBane","Strike_R","Strike_R","Strike_R","Strike_R","Defend_R+1","Defend_R","Defend_R","Defend_R","Bash+1","Reaper","Headbutt","Searing Blow","Armaments+1","Flex","Uppercut","Whirlwind","Iron Wave"],"relics":["Burning Blood","Question Card","Toxic Egg 2"],"potions_floor_usage":[7,14],"damage_taken":[{"damage":11,"enemies":"Jaw Worm","floor":1,"turns":4},{"damage":11,"enemies":"2 Louse","floor":4,"turns":4},{"damage":11,"enemies":"Small Slimes","floor":5,"turns":4},{"damage":40,"enemies":"Lagavulin","floor":7,"turns":9},{"damage":13,"enemies":"Gremlin Gang","floor":12,"turns":3},{"damage":35,"enemies":"Large Slime","floor":14,"turns":6}],"seed_played":"-3454331773021328997","potions_obtained":[{"floor":4,"key":"Regen Potion"},{"floor":5,"key":"Weak Potion"}],"is_trial":false,"path_per_floor":["M","?","$","M","M","R","E","?","T","?","$","M","?","M"],"character_chosen":"IRONCLAD","items_purchased":["Armaments"],"campfire_rested":0,"item_purchase_floors":[3],"current_hp_per_floor":[66,66,66,67,62,62,46,31,31,31,31,27,27,0],"gold":114,"neow_bonus":"THREE_RARE_CARDS","is_prod":false,"is_daily":false,"chose_seed":false,"campfire_upgraded":1,"win_rate":0,"timestamp":1547935703,"path_taken":["M","?","$","M","M","R","E","?","T","?","$","?","?","M"],"build_version":"2019-01-17v2","purchased_purges":1,"victory":false,"max_hp_per_floor":[75,75,75,75,75,75,75,75,75,75,75,75,75,75],"card_choices":[{"not_picked":["Exhume","Immolate"],"picked":"Reaper","floor":0},{"not_picked":["Hemokinesis","Twin Strike"],"picked":"Headbutt","floor":1},{"not_picked":["Wild Strike","Iron Wave"],"picked":"Flex","floor":4},{"not_picked":["Warcry","Fiend Fire"],"picked":"Uppercut","floor":5},{"not_picked":["Anger","Disarm"],"picked":"Whirlwind","floor":7},{"not_picked":["Twin Strike","Headbutt","Body Slam"],"picked":"Iron Wave","floor":12}],"player_experience":1800376,"relics_obtained":[{"floor":7,"key":"Question Card"},{"floor":9,"key":"Toxic Egg 2"}],"event_choices":[{"damage_healed":0,"gold_gain":0,"cards_transformed":["Strike_R"],"player_choice":"Change","damage_taken":0,"max_hp_gain":0,"max_hp_loss":0,"event_name":"Living Wall","floor":2,"gold_loss":0,"cards_obtained":["Searing Blow"]},{"damage_healed":0,"gold_gain":0,"player_choice":"Entered Light","damage_taken":15,"max_hp_gain":0,"max_hp_loss":0,"event_name":"Shining Light","floor":8,"gold_loss":0,"cards_upgraded":["Defend_R","Bash"]},{"damage_healed":0,"gold_gain":59,"player_choice":"Gained Gold","damage_taken":0,"max_hp_gain":0,"max_hp_loss":0,"event_name":"Golden Wing","floor":10,"gold_loss":0},{"damage_healed":0,"gold_gain":0,"player_choice":"Ignored","damage_taken":0,"max_hp_gain":0,"max_hp_loss":0,"event_name":"Golden Idol","floor":13,"gold_loss":0}],"is_beta":false,"boss_relics":[],"items_purged_floors":[11],"is_endless":false,"potions_floor_spawned":[4,5],"killed_by":"Large Slime","ascension_level":14}