{"gold_per_floor":[112,112,130,130,147,147,147,147,147,165,177,187,187,202,202,303,303,313,324,324,339,44,63,63,63,63,74,89,89,54,65,65,166,166,177,197,197,197,123,123,123,134,134,148,172,172,184,196,196,196],"floor_reached":51,"playtime":4045,"items_purged":[],"score":720,"play_id":"6a933576-6158-4a94-8966-29da60d66851","local_time":"20180729005638","daily_mods":["Draft"],"is_ascension_mode":false,"campfire_choices":[{"data":"Noxious Fumes","floor":6,"key":"SMITH"},{"data":"Dagger Spray","floor":8,"key":"SMITH"},{"data":"Adrenaline","floor":13,"key":"SMITH"},{"data":"Bane","floor":15,"key":"SMITH"},{"data":"Apotheosis","floor":24,"key":"SMITH"},{"data":"Infinite Blades","floor":29,"key":"SMITH"},{"floor":32,"key":"REST"},{"data":"Madness","floor":40,"key":"SMITH"},{"floor":46,"key":"REST"},{"floor":49,"key":"REST"}],"neow_cost":"","seed_source_timestamp":0,"circlet_count":0,"master_deck":["Sucker Punch","Deadly Poison","Expertise","Backflip","PiercingWail","Poisoned Stab","Footwork+1","Terror","Finisher","Noxious Fumes+1","Backflip","Dagger Spray+1","Backstab","Deadly Poison","Quick Slash+1","Bouncing Flask+1","Deadly Poison","Quick Slash","Adrenaline+1","Bane+1","Backstab","Riddle With Holes","Burst","Cloak And Dagger","PiercingWail+1","Catalyst","Footwork+1","Apotheosis+1","Finesse","Outmaneuver","Infinite Blades+1","Backflip","Infinite Blades","Outmaneuver","Phantasmal Killer","Caltrops","Caltrops","PiercingWail+1","Deflect+1","Calculated Gamble","Backflip","Madness","Madness+1","Noxious Fumes","Catalyst","Malaise","Well Laid Plans+1","Accuracy","Deadly Poison","Terror"],"relics":["Ring of the Snake","Bird Faced Urn","Blue Candle","Sozu","GremlinMask","Gremlin Horn","Orrery","Pantograph","Dream Catcher"],"potions_floor_usage":[48,50],"damage_taken":[{"damage":0,"enemies":"2 Louse","floor":1,"turns":2},{"damage":0,"enemies":"Jaw Worm","floor":3,"turns":3},{"damage":0,"enemies":"Cultist","floor":5,"turns":3},{"damage":0,"enemies":"Large Slime","floor":10,"turns":4},{"damage":0,"enemies":"2 Fungi Beasts","floor":11,"turns":3},{"damage":4,"enemies":"Blue Slaver","floor":12,"turns":2},{"damage":0,"enemies":"Looter","floor":14,"turns":1},{"damage":15,"enemies":"Slime Boss","floor":16,"turns":7},{"damage":10,"enemies":"Shell Parasite","floor":18,"turns":3},{"damage":20,"enemies":"2 Thieves","floor":19,"turns":2},{"damage":16,"enemies":"Slaver and Parasite","floor":21,"turns":4},{"damage":4,"enemies":"3 Cultists","floor":23,"turns":5},{"damage":12,"enemies":"Sentry and Sphere","floor":27,"turns":5},{"damage":4,"enemies":"Cultist and Chosen","floor":28,"turns":5},{"damage":3,"enemies":"Snake Plant","floor":31,"turns":3},{"damage":46,"enemies":"Champ","floor":33,"turns":7},{"damage":10,"enemies":"3 Shapes","floor":35,"turns":6},{"damage":0,"enemies":"Flame Bruiser 1 Orb","floor":36,"turns":6},{"damage":36,"enemies":"Maw","floor":42,"turns":7},{"damage":24,"enemies":"4 Shapes","floor":44,"turns":6},{"damage":31,"enemies":"3 Darklings","floor":47,"turns":6},{"damage":9,"enemies":"Flame Bruiser 2 Orb","floor":48,"turns":6},{"damage":77,"enemies":"Time Eater","floor":50,"turns":11}],"seed_played":"-311000764350472841","potions_obtained":[{"floor":5,"key":"Swift Potion"},{"floor":11,"key":"Strength Potion"},{"floor":12,"key":"GhostInAJar"}],"is_trial":true,"path_per_floor":["M","?","M","?","M","R","?","R","T","M","M","M","R","M","R","B",null,"M","M","?","M","$","M","R","?","T","M","M","R","$","M","R","B",null,"M","M","?","?","$","R","?","M","T","M","T","R","M","M","R","B"],"character_chosen":"THE_SILENT","items_purchased":["Apotheosis","Finesse","Infinite Blades","Noxious Fumes"],"campfire_rested":3,"item_purchase_floors":[22,22,30,39],"current_hp_per_floor":[70,58,60,46,50,50,50,50,50,54,58,56,56,56,56,45,70,60,44,44,32,32,34,34,34,34,28,32,32,32,33,54,18,70,65,70,61,61,61,61,61,41,41,33,33,54,41,52,70,7],"gold":196,"neow_bonus":"","is_prod":false,"is_daily":false,"chose_seed":false,"campfire_upgraded":7,"win_rate":0,"timestamp":1532822198,"path_taken":["M","?","M","?","M","R","?","R","T","M","M","M","R","?","R","BOSS","M","M","?","?","$","M","R","?","T","?","M","R","$","M","R","BOSS","M","M","?","?","$","R","?","?","T","?","?","R","M","M","R","BOSS"],"build_version":"2018-07-26","purchased_purges":0,"victory":true,"max_hp_per_floor":[70,70,70,70,70,70,70,70,70,70,70,70,70,70,70,70,70,70,70,70,70,70,70,70,70,70,70,70,70,70,70,70,70,70,70,70,70,70,70,70,70,70,70,70,70,70,70,70,70,70],"card_choices":[{"not_picked":["Quick Slash","Underhanded Strike"],"picked":"Sucker Punch","floor":0},{"not_picked":["Terror","Cloak And Dagger"],"picked":"Deadly Poison","floor":0},{"not_picked":["Reflex","Slice"],"picked":"Expertise","floor":0},{"not_picked":["Flying Knee","Flechettes"],"picked":"Backflip","floor":0},{"not_picked":["All Out Attack","Acrobatics"],"picked":"PiercingWail","floor":0},{"not_picked":["Deadly Poison","Sucker Punch"],"picked":"Poisoned Stab","floor":0},{"not_picked":["Deflect","Dagger Throw"],"picked":"Footwork","floor":0},{"not_picked":["Prepared","Choke"],"picked":"Terror","floor":0},{"not_picked":["PiercingWail","Poisoned Stab"],"picked":"Finisher","floor":0},{"not_picked":["Prepared","Acrobatics"],"picked":"Noxious Fumes","floor":0},{"not_picked":["Prepared","Reflex"],"picked":"Backflip","floor":0},{"not_picked":["Quick Slash","Dagger Throw"],"picked":"Dagger Spray","floor":0},{"not_picked":["Slice","Flying Knee"],"picked":"Backstab","floor":0},{"not_picked":["Tactician","Finisher"],"picked":"Deadly Poison","floor":0},{"not_picked":["Prepared","PiercingWail"],"picked":"Quick Slash","floor":0},{"not_picked":["Flying Knee","Acrobatics"],"picked":"Bouncing Flask","floor":1},{"not_picked":["Acrobatics","Blade Dance"],"picked":"Deadly Poison","floor":3},{"not_picked":["Predator","PiercingWail"],"picked":"Quick Slash","floor":5},{"not_picked":["Dodge and Roll","All Out Attack"],"picked":"Adrenaline","floor":10},{"not_picked":["Sucker Punch","Deflect"],"picked":"Bane","floor":11},{"not_picked":["Dodge and Roll","Bouncing Flask"],"picked":"Backstab","floor":12},{"not_picked":["Eviscerate","Flying Knee"],"picked":"Riddle With Holes","floor":14},{"not_picked":["Tools of the Trade","Unload"],"picked":"Burst","floor":16},{"not_picked":["Riddle With Holes","Escape Plan+1"],"picked":"Cloak And Dagger","floor":18},{"not_picked":["Reflex","All Out Attack"],"picked":"PiercingWail+1","floor":19},{"not_picked":["Bouncing Flask","Quick Slash"],"picked":"Footwork+1","floor":21},{"not_picked":["Quick Slash","Sucker Punch+1"],"picked":"Outmaneuver","floor":23},{"not_picked":["Calculated Gamble","Setup+1"],"picked":"Infinite Blades","floor":27},{"not_picked":["Glass Knife","Prepared"],"picked":"Backflip","floor":28},{"not_picked":["Dagger Spray","Poisoned Stab"],"picked":"Outmaneuver","floor":31},{"not_picked":["Unload","Storm of Steel"],"picked":"Phantasmal Killer","floor":33},{"not_picked":["Dagger Spray","Underhanded Strike+1"],"picked":"Deflect","floor":34},{"not_picked":["Backflip","Terror+1"],"picked":"Caltrops","floor":34},{"not_picked":["Doppelganger","Terror"],"picked":"Caltrops","floor":34},{"not_picked":["Reflex","Tactician"],"picked":"PiercingWail+1","floor":34},{"not_picked":["Acrobatics","Dagger Throw"],"picked":"Deflect+1","floor":34},{"not_picked":["Underhanded Strike+1","Prepared+1"],"picked":"Calculated Gamble","floor":35},{"not_picked":["Sucker Punch","Masterful Stab"],"picked":"Backflip","floor":36},{"not_picked":["Prepared+1","Acrobatics+1"],"picked":"Catalyst","floor":42},{"not_picked":["Bane","Sucker Punch+1"],"picked":"Malaise","floor":44},{"not_picked":["Deflect+1","Flying Knee+1"],"picked":"Well Laid Plans+1","floor":46},{"not_picked":["Masterful Stab","Sucker Punch+1"],"picked":"Accuracy","floor":47},{"not_picked":["Acrobatics","Setup"],"picked":"Deadly Poison","floor":48},{"not_picked":["PiercingWail+1","Underhanded Strike+1"],"picked":"Terror","floor":49}],"player_experience":257377,"relics_obtained":[{"floor":9,"key":"Blue Candle"},{"floor":26,"key":"Gremlin Horn"},{"floor":43,"key":"Pantograph"},{"floor":45,"key":"Dream Catcher"}],"event_choices":[{"event_name":"Scrap Ooze","player_choice":"success","floor":2,"damage_taken":12},{"event_name":"Shining Light","player_choice":"Entered Light","floor":4,"damage_taken":0},{"event_name":"Living Wall","player_choice":"Grow","floor":7,"damage_taken":0},{"event_name":"The Library","player_choice":"Read","floor":20,"damage_taken":0},{"event_name":"FaceTrader","player_choice":"Trade","floor":25,"damage_taken":0},{"event_name":"Winding Halls","player_choice":"Embrace Madness","floor":37,"damage_taken":0},{"event_name":"Tomb of Lord Red Mask","player_choice":"Ignored","floor":38,"damage_taken":0},{"event_name":"Falling","player_choice":"Removed Skill","floor":41,"damage_taken":0}],"is_beta":false,"boss_relics":[{"not_picked":["Ectoplasm","White Beast Statue"],"picked":"Sozu"},{"not_picked":["HoveringKite","Empty Cage"],"picked":"Orrery"}],"items_purged_floors":[],"is_endless":false,"potions_floor_spawned":[5,11,12,18,19,28,36,42,48],"ascension_level":0}