{"gold_per_floor":[112,87,102,114,129,129,154,154,232,265,265,283,283,312,312,383,383,400,469,489,17,85,85,85],"floor_reached":24,"playtime":1453,"items_purged":["Strike_B"],"score":436,"play_id":"d81cad10-df5d-4a71-bcc2-e257109ed15d","local_time":"20190315083349","is_ascension_mode":true,"campfire_choices":[{"data":"Melter","floor":6.0,"key":"SMITH"},{"floor":8.0,"key":"REST"},{"floor":13.0,"key":"REST"},{"data":"Zap","floor":15.0,"key":"SMITH"},{"data":"Hyperbeam","floor":23.0,"key":"SMITH"}],"neow_cost":"NONE","seed_source_timestamp":140366884934852,"circlet_count":0,"master_deck":["AscendersBane","Strike_B","Strike_B","Strike_B","Defend_B","Defend_B","Defend_B","Defend_B","Zap+1","Dualcast","Biased Cognition","Melter+1","Ball Lightning","Coolheaded","Conserve Battery","Echo Form","Rip and Tear","Self Repair","Doom and Gloom","Go for the Eyes","Hyperbeam+1","Compile Driver","Rainbow","Capacitor","Core Surge","Barrage+1"],"special_seed":0,"relics":["Cracked Core","Thread and Needle","Shuriken","Bag of Marbles","SsserpentHead","Kunai","Cursed Key","Toolbox"],"potions_floor_usage":[],"damage_taken":[{"damage":0.0,"enemies":"Cultist","floor":1.0,"turns":3.0},{"damage":9.0,"enemies":"Jaw Worm","floor":3.0,"turns":3.0},{"damage":11.0,"enemies":"2 Louse","floor":4.0,"turns":2.0},{"damage":15.0,"enemies":"Gremlin Gang","floor":5.0,"turns":3.0},{"damage":22.0,"enemies":"Gremlin Nob","floor":7.0,"turns":4.0},{"damage":9.0,"enemies":"3 Sentries","floor":10.0,"turns":7.0},{"damage":0.0,"enemies":"2 Fungi Beasts","floor":12.0,"turns":3.0},{"damage":24.0,"enemies":"Gremlin Nob","floor":14.0,"turns":4.0},{"damage":10.0,"enemies":"Hexaghost","floor":16.0,"turns":7.0},{"damage":2.0,"enemies":"Chosen","floor":18.0,"turns":3.0},{"damage":0.0,"enemies":"Spheric Guardian","floor":19.0,"turns":2.0},{"damage":24.0,"enemies":"Shelled Parasite and Fungi","floor":20.0,"turns":3.0},{"damage":6.0,"enemies":"Centurion and Healer","floor":22.0,"turns":3.0},{"damage":50,"enemies":"Book of Stabbing","floor":24,"turns":4}],"seed_played":"-369304405634265191","potions_obtained":[{"floor":1.0,"key":"LiquidBronze"},{"floor":5.0,"key":"EssenceOfSteel"},{"floor":12.0,"key":"SpeedPotion"},{"floor":16.0,"key":"Energy Potion"},{"floor":18.0,"key":"Regen Potion"}],"is_trial":false,"path_per_floor":["M","$","M","M","M","R","E","R","T","E","?","M","R","E","R","B",null,"M","M","M","$","M","R","E"],"character_chosen":"DEFECT","items_purchased":["Ball Lightning","Core Surge","Toolbox"],"campfire_rested":2,"item_purchase_floors":[2,21,21],"current_hp_per_floor":[64,64,55,44,29,29,7,28,28,19,19,26,47,30,30,27,60,58,58,43,43,44,44,0],"gold":85,"neow_bonus":"ONE_RANDOM_RARE_CARD","is_prod":false,"is_daily":false,"chose_seed":false,"campfire_upgraded":3,"win_rate":0,"timestamp":1552656829,"path_taken":["M","$","?","M","M","R","E","R","T","E","?","M","R","E","R","BOSS","M","?","M","$","?","R","E"],"build_version":"2019-01-23","purchased_purges":1,"victory":false,"max_hp_per_floor":[71,71,71,71,71,71,71,71,71,71,71,71,71,71,71,71,71,71,71,71,71,71,71,71],"card_choices":[{"not_picked":["Beam Cell","Chaos"],"picked":"Melter","floor":1.0},{"not_picked":["Darkness","Sweeping Beam"],"picked":"Coolheaded","floor":3.0},{"not_picked":["Redo","Turbo"],"picked":"Conserve Battery","floor":4.0},{"not_picked":["Barrage","Gash"],"picked":"Echo Form","floor":5.0},{"not_picked":["Streamline","Aggregate"],"picked":"Rip and Tear","floor":7.0},{"not_picked":["Reinforced Body","Compile Driver"],"picked":"Self Repair","floor":10.0},{"not_picked":["Leap","Sweeping Beam"],"picked":"Doom and Gloom","floor":12.0},{"not_picked":["Multi-Cast","Skim"],"picked":"Go for the Eyes","floor":14.0},{"not_picked":["Fission","Thunder Strike"],"picked":"Hyperbeam","floor":16.0},{"not_picked":["Streamline","Conserve Battery"],"picked":"Compile Driver","floor":18.0},{"not_picked":["Double Energy","Redo"],"picked":"Rainbow","floor":19.0},{"not_picked":["Compile Driver","Genetic Algorithm"],"picked":"Capacitor","floor":20.0},{"not_picked":["Steam+1","Go for the Eyes"],"picked":"Barrage+1","floor":22.0}],"player_experience":788276,"relics_obtained":[{"floor":7.0,"key":"Thread and Needle"},{"floor":9.0,"key":"Shuriken"},{"floor":10.0,"key":"Bag of Marbles"},{"floor":14.0,"key":"Kunai"}],"event_choices":[{"damage_healed":0.0,"max_hp_gain":0.0,"max_hp_loss":0.0,"gold_gain":0.0,"event_name":"FaceTrader","player_choice":"Trade","floor":11.0,"gold_loss":0.0,"damage_taken":0.0,"relics_obtained":["SsserpentHead"]}],"is_beta":false,"boss_relics":[{"not_picked":["Calling Bell","Ectoplasm"],"picked":"Cursed Key"}],"items_purged_floors":[21],"is_endless":false,"potions_floor_spawned":[1,5,12,16,18,19],"killed_by":"Book of Stabbing","ascension_level":20}