{"gold_per_floor":[117,128,128,43,57,57,84,84,84,84,101,46,65,82,82,161,161,178,190,190,190,24,50,50,60,60,75,75,75,109,128,128,128],"floor_reached":33,"playtime":1595,"items_purged":[],"score":562,"play_id":"c28b619f-e51e-43c3-86b6-0dc541177025","local_time":"20190324113344","is_ascension_mode":true,"campfire_choices":[{"data":"Whirlwind","floor":6,"key":"SMITH"},{"data":"Flame Barrier","floor":8,"key":"SMITH"},{"data":"Pommel Strike","floor":10,"key":"SMITH"},{"data":"Armaments","floor":15,"key":"SMITH"},{"floor":24,"key":"REST"},{"data":"Flame Barrier","floor":32,"key":"SMITH"}],"neow_cost":"CURSE","seed_source_timestamp":4295321850677,"circlet_count":0,"master_deck":["AscendersBane","Strike_R","Strike_R","Strike_R","Strike_R","Strike_R","Defend_R+1","Defend_R","Defend_R+1","Defend_R","Bash","Decay","Pommel Strike+1","Flame Barrier+1","Whirlwind+1","Thunderclap","Armaments+1","Seeing Red","Reaper","Flame Barrier+1","Writhe","Double Tap"],"relics":["Burning Blood","Magic Flower","Pocketwatch","Sozu","War Paint","Vajra","Lantern","FossilizedHelix","Mummified Hand"],"potions_floor_usage":[7,16,16],"damage_taken":[{"damage":25,"enemies":"Small Slimes","floor":1,"turns":6},{"damage":5,"enemies":"2 Louse","floor":2,"turns":3},{"damage":12,"enemies":"Cultist","floor":5,"turns":5},{"damage":15,"enemies":"3 Sentries","floor":7,"turns":3},{"damage":0,"enemies":"Red Slaver","floor":11,"turns":4},{"damage":15,"enemies":"Large Slime","floor":13,"turns":3},{"damage":2,"enemies":"2 Fungi Beasts","floor":14,"turns":2},{"damage":4,"enemies":"Slime Boss","floor":16,"turns":5},{"damage":13,"enemies":"Shell Parasite","floor":18,"turns":6},{"damage":9,"enemies":"3 Byrds","floor":19,"turns":2},{"damage":30,"enemies":"Book of Stabbing","floor":23,"turns":5},{"damage":0,"enemies":"Snecko","floor":25,"turns":5},{"damage":0,"enemies":"Centurion and Healer","floor":27,"turns":5},{"damage":0,"enemies":"Gremlin Leader","floor":30,"turns":5},{"damage":0,"enemies":"3 Cultists","floor":31,"turns":2},{"damage":120,"enemies":"Automaton","floor":33,"turns":12}],"seed_played":"-6315836187410134014","potions_obtained":[{"floor":2,"key":"GamblersBrew"},{"floor":5,"key":"SteroidPotion"}],"is_trial":false,"path_per_floor":["M","M","?","$","M","R","E","R","T","R","M","$","M","M","R","B",null,"M","M","?","?","$","E","R","M","T","M","?","?","E","M","R","B"],"character_chosen":"IRONCLAD","items_purchased":["Flame Barrier","SteroidPotion","Vajra"],"campfire_rested":1,"item_purchase_floors":[4,12,22],"current_hp_per_floor":[63,64,64,64,58,58,49,49,49,49,58,58,52,59,59,64,83,79,79,53,53,53,32,60,77,77,94,94,89,94,94,94,0],"gold":128,"neow_bonus":"TWENTY_PERCENT_HP_BONUS","is_prod":false,"is_daily":false,"chose_seed":false,"campfire_upgraded":5,"win_rate":0,"timestamp":1553423624,"path_taken":["M","M","?","$","M","R","E","R","T","R","M","$","M","M","R","BOSS","M","M","?","?","$","E","R","M","T","M","?","?","E","M","R","BOSS"],"build_version":"2019-01-23","purchased_purges":0,"victory":false,"max_hp_per_floor":[89,89,89,89,89,89,89,89,89,89,89,89,89,89,89,89,89,89,89,94,94,94,94,94,94,94,94,94,94,94,94,94,94],"card_choices":[{"not_picked":["Searing Blow","Heavy Blade"],"picked":"Pommel Strike","floor":1},{"not_picked":["Clash","Twin Strike","Headbutt"],"picked":"SKIP","floor":2},{"not_picked":["Searing Blow","Shrug It Off"],"picked":"Whirlwind","floor":5},{"not_picked":["Heavy Blade","Limit Break"],"picked":"Thunderclap","floor":7},{"not_picked":["True Grit","Sentinel","Heavy Blade"],"picked":"SKIP","floor":11},{"not_picked":["Iron Wave","Pummel"],"picked":"Armaments","floor":13},{"not_picked":["Evolve","Hemokinesis"],"picked":"Seeing Red","floor":14},{"not_picked":["Immolate","Exhume"],"picked":"Reaper","floor":16},{"not_picked":["Infernal Blade","Flex+1"],"picked":"Flame Barrier","floor":18},{"not_picked":["Carnage","Warcry","Cleave"],"picked":"SKIP","floor":19},{"not_picked":["Sentinel","Sword Boomerang","Perfected Strike"],"picked":"SKIP","floor":23},{"not_picked":["Cleave","Clothesline","Pommel Strike"],"picked":"SKIP","floor":25},{"not_picked":["Seeing Red","Havoc","Headbutt"],"picked":"SKIP","floor":27},{"not_picked":["Thunderclap+1","Perfected Strike+1","Rage+1"],"picked":"SKIP","floor":30},{"not_picked":["Heavy Blade","Sword Boomerang","Thunderclap"],"picked":"SKIP","floor":31}],"player_experience":749286,"relics_obtained":[{"floor":7,"key":"Magic Flower"},{"floor":9,"key":"Pocketwatch"},{"floor":23,"key":"Lantern"},{"floor":26,"key":"FossilizedHelix"},{"floor":30,"key":"Mummified Hand"}],"event_choices":[{"damage_healed":0,"gold_gain":0,"player_choice":"Ignored","damage_taken":0,"max_hp_gain":0,"max_hp_loss":0,"event_name":"Shining Light","floor":3,"gold_loss":0},{"damage_healed":0,"gold_gain":0,"player_choice":"Shed Blood","damage_taken":31,"max_hp_gain":5,"max_hp_loss":0,"event_name":"Forgotten Altar","floor":20,"gold_loss":0},{"damage_healed":0,"gold_gain":0,"player_choice":"Opened","damage_taken":0,"relics_obtained":["War Paint"],"max_hp_gain":0,"max_hp_loss":0,"event_name":"The Mausoleum","floor":21,"gold_loss":0,"cards_obtained":["Writhe"]},{"damage_healed":0,"gold_gain":0,"player_choice":"Read","damage_taken":0,"max_hp_gain":0,"max_hp_loss":0,"event_name":"The Library","floor":28,"gold_loss":0,"cards_obtained":["Double Tap"]},{"damage_healed":0,"gold_gain":0,"player_choice":"Bought 0 Potions","damage_taken":0,"max_hp_gain":0,"max_hp_loss":0,"event_name":"The Woman in Blue","floor":29,"gold_loss":0}],"is_beta":false,"boss_relics":[{"not_picked":["Eternal Feather","Black Star"],"picked":"Sozu"}],"items_purged_floors":[],"is_endless":false,"potions_floor_spawned":[2,5,14,18,23,30],"killed_by":"Automaton","ascension_level":16}