{"gold_per_floor":[112,32,49,64,74,74,28,28,28,45,45,59,59,77,77,177,177,192,204,218,235,150,150,179,254,305,324,26,26,26,26,26,125,125,136,136,136,154,154,154,172,172,247,267,267,280,311,223,223,223],"floor_reached":50,"playtime":2679,"items_purged":[],"score":509,"play_id":"fda71afc-569b-49fb-bfef-0febfd33026c","local_time":"20180731221525","is_ascension_mode":false,"campfire_choices":[{"data":"Storm","floor":6,"key":"SMITH"},{"data":"Defragment","floor":8,"key":"SMITH"},{"data":"Dualcast","floor":11,"key":"SMITH"},{"data":"Self Repair","floor":13,"key":"SMITH"},{"data":"Ball Lightning","floor":15,"key":"SMITH"},{"data":"Sunder","floor":23,"key":"SMITH"},{"data":"Static Discharge","floor":30,"key":"SMITH"},{"data":"Tempest","floor":32,"key":"SMITH"},{"data":"Storm","floor":49,"key":"SMITH"}],"neow_cost":"NONE","seed_source_timestamp":2764496732958810,"circlet_count":0,"master_deck":["Strike_B+1","Strike_B+1","Strike_B+1","Strike_B+1","Defend_B+1","Defend_B+1","Defend_B+1","Zap+1","Dualcast+1","Conserve Battery+1","Defragment+1","Self Repair+1","Tempest+1","Sunder+1","Storm+1","Ball Lightning+1","Steam+1","Self Repair+1","Echo Form+1","Capacitor+1","BootSequence+1","Sweeping Beam+1","Aggregate+1","Chill+1","Static Discharge+1","Leap+1","Beam Cell+1","Thunder Strike+1","Go for the Eyes+1","Capacitor+1","Ball Lightning+1","Barrage","Capacitor+1","Storm+1","Mind Blast"],"relics":["Cracked Core","Happy Flower","Coffee Dripper","Darkstone Periapt","Omamori","Cables","Strawberry","Oddly Smooth Stone","Nuclear Battery","Mark of the Bloom","Matryoshka","Nunchaku"],"potions_floor_usage":[12,24,24,27,38,41,41,47,50],"damage_taken":[{"damage":1,"enemies":"Jaw Worm","floor":1,"turns":3},{"damage":1,"enemies":"2 Louse","floor":3,"turns":3},{"damage":0,"enemies":"Small Slimes","floor":4,"turns":3},{"damage":9,"enemies":"2 Fungi Beasts","floor":5,"turns":2},{"damage":7,"enemies":"Blue Slaver","floor":10,"turns":3},{"damage":11,"enemies":"Gremlin Gang","floor":12,"turns":3},{"damage":12,"enemies":"Exordium Wildlife","floor":14,"turns":4},{"damage":13,"enemies":"The Guardian","floor":16,"turns":8},{"damage":5,"enemies":"Spheric Guardian","floor":18,"turns":3},{"damage":29,"enemies":"Shell Parasite","floor":19,"turns":4},{"damage":13,"enemies":"Snake Plant","floor":20,"turns":3},{"damage":25,"enemies":"3 Cultists","floor":21,"turns":5},{"damage":20,"enemies":"Book of Stabbing","floor":24,"turns":4},{"damage":25,"enemies":"Sentry and Sphere","floor":27,"turns":4},{"damage":51,"enemies":"Champ","floor":33,"turns":7},{"damage":22,"enemies":"Flame Bruiser 1 Orb","floor":35,"turns":3},{"damage":5,"enemies":"3 Shapes","floor":38,"turns":3},{"damage":21,"enemies":"Spire Growth","floor":41,"turns":3},{"damage":0,"enemies":"4 Shapes","floor":44,"turns":6},{"damage":15,"enemies":"Sphere and 2 Shapes","floor":46,"turns":5},{"damage":10,"enemies":"2 Orb Walkers","floor":47,"turns":4},{"damage":58,"enemies":"Time Eater","floor":50,"turns":6}],"seed_played":"-4215067455117699626","potions_obtained":[{"floor":5,"key":"SpeedPotion"},{"floor":12,"key":"GamblersBrew"},{"floor":14,"key":"SteroidPotion"},{"floor":16,"key":"GamblersBrew"},{"floor":21,"key":"PowerPotion"},{"floor":24,"key":"Explosive Potion"},{"floor":33,"key":"Poison Potion"},{"floor":38,"key":"LiquidBronze"},{"floor":46,"key":"AttackPotion"},{"floor":47,"key":"FocusPotion"}],"is_trial":false,"path_per_floor":["M","$","M","M","M","R","?","R","T","M","R","M","R","M","R","B",null,"M","M","M","M","?","R","E","T","T","M","$","?","R","$","R","B",null,"M","$","?","M","?","R","M","R","T","M","?","M","E","$","R"],"character_chosen":"DEFECT","items_purchased":["Self Repair","Static Discharge","Oddly Smooth Stone","Leap","Beam Cell","Mind Blast"],"campfire_rested":0,"item_purchase_floors":[2,28,28,28,28,48],"current_hp_per_floor":[74,74,75,75,73,73,73,73,73,73,73,69,69,67,67,71,75,75,70,75,75,75,75,75,75,82,74,74,58,58,58,58,14,87,82,82,82,77,77,77,56,56,56,56,56,41,31,31,31,0],"gold":223,"neow_bonus":"THREE_CARDS","is_prod":false,"is_daily":false,"chose_seed":false,"campfire_upgraded":9,"win_rate":0,"timestamp":1533071725,"path_taken":["M","$","M","M","M","R","?","R","T","?","R","M","R","M","R","BOSS","M","M","M","M","?","R","E","?","T","M","?","?","R","$","R","BOSS","M","$","?","M","?","R","?","R","T","M","?","M","E","$","R","BOSS"],"build_version":"2018-07-26","purchased_purges":0,"victory":false,"max_hp_per_floor":[75,75,75,75,75,75,75,75,75,75,75,75,75,75,75,75,75,75,75,75,75,75,75,75,75,82,82,82,87,87,87,87,87,87,87,87,87,87,87,87,87,87,87,87,87,87,87,87,87,87],"card_choices":[{"not_picked":["Steam Power","Rebound"],"picked":"Conserve Battery","floor":0},{"not_picked":["Compile Driver","Hello World"],"picked":"Defragment","floor":1},{"not_picked":["Hologram","Cold Snap"],"picked":"Tempest","floor":3},{"not_picked":["Meteor Strike","Self Repair"],"picked":"Sunder","floor":4},{"not_picked":["Sunder","Scrape"],"picked":"Storm","floor":5},{"not_picked":["Compile Driver","Sweeping Beam"],"picked":"Ball Lightning","floor":10},{"not_picked":["Reinforced Body","Chaos"],"picked":"Steam","floor":12},{"not_picked":["Rainbow","Chaos"],"picked":"Self Repair","floor":14},{"not_picked":["All For One","Core Surge"],"picked":"Echo Form","floor":16},{"not_picked":["Coolheaded","Genetic Algorithm"],"picked":"Capacitor","floor":18},{"not_picked":["Redo","Ball Lightning"],"picked":"BootSequence","floor":19},{"not_picked":["Cold Snap","Leap"],"picked":"Sweeping Beam","floor":20},{"not_picked":["Skim","Cold Snap","Rip and Tear"],"picked":"SKIP","floor":21},{"not_picked":["Coolheaded","Lockon"],"picked":"Aggregate+1","floor":24},{"not_picked":["Sweeping Beam+1","Tempest"],"picked":"Chill","floor":27},{"not_picked":["Rainbow","Multi-Cast"],"picked":"Thunder Strike","floor":33},{"not_picked":["Sweeping Beam","Coolheaded"],"picked":"Go for the Eyes","floor":35},{"not_picked":["Steam+1","Compile Driver"],"picked":"Capacitor+1","floor":38},{"not_picked":["Sunder","Leap+1"],"picked":"Ball Lightning+1","floor":41},{"not_picked":["Go for the Eyes+1","Stack+1"],"picked":"Barrage","floor":44},{"not_picked":["Barrage+1","Fusion"],"picked":"Capacitor+1","floor":46},{"not_picked":["Beam Cell+1","Sweeping Beam"],"picked":"Storm","floor":47}],"player_experience":270668,"relics_obtained":[{"floor":9,"key":"Happy Flower"},{"floor":24,"key":"Omamori"},{"floor":25,"key":"Cables"},{"floor":26,"key":"Strawberry"},{"floor":43,"key":"Matryoshka"},{"floor":47,"key":"Nunchaku"}],"event_choices":[{"event_name":"World of Goop","player_choice":"Left","floor":7,"damage_taken":0},{"event_name":"Addict","player_choice":"Obtained Relic","floor":22,"damage_taken":0},{"event_name":"Forgotten Altar","player_choice":"Shed Blood","floor":29,"damage_taken":0},{"event_name":"MindBloom","player_choice":"Upgrade","floor":37,"damage_taken":0},{"event_name":"Falling","player_choice":"Removed Skill","floor":39,"damage_taken":0},{"event_name":"Mysterious Sphere","player_choice":"Ignore","floor":45,"damage_taken":0}],"is_beta":false,"boss_relics":[{"not_picked":["Runic Dome","White Beast Statue"],"picked":"Coffee Dripper"},{"not_picked":["Black Star","Philosopher\u0027s Stone"],"picked":"Nuclear Battery"}],"items_purged_floors":[],"is_endless":false,"potions_floor_spawned":[5,12,14,16,18,21,24,33,38,46,47],"killed_by":"Time Eater","ascension_level":0}