{"gold_per_floor":[114,129,129,129,229,229,244,274,299,314,172,172,187,202,202,302,302,317,332,19,19,34,34,49,49,99,99,129,144,144,144,144,244,244,259,259,274,274],"floor_reached":38,"playtime":2271,"items_purged":["Parasite"],"score":446,"play_id":"500d5e10-39f3-4f40-b556-432d41de75fc","local_time":"20180920142133","daily_mods":["Heirloom","Cursed Run","Time Dilation"],"is_ascension_mode":false,"campfire_choices":[{"data":"Neutralize","floor":6,"key":"SMITH"},{"data":"Infinite Blades","floor":12,"key":"SMITH"},{"data":"Accuracy","floor":15,"key":"SMITH"},{"data":"Infinite Blades","floor":23,"key":"SMITH"},{"floor":25,"key":"REST"},{"data":"Apotheosis","floor":27,"key":"SMITH"},{"floor":30,"key":"REST"},{"data":"Infinite Blades","floor":32,"key":"SMITH"}],"neow_cost":"","seed_source_timestamp":0,"circlet_count":0,"master_deck":["Defend_G","Defend_G","Defend_G","Defend_G","Defend_G","Strike_G","Strike_G","Strike_G","Strike_G","Strike_G","Survivor","Neutralize+1","Endless Agony+1","Blade Dance+1","Dagger Spray","Accuracy+1","Cloak And Dagger","Infinite Blades+1","Sucker Punch","Outmaneuver","Corpse Explosion","Footwork","Slice","Backflip","Deflect","Distraction","Accuracy","Infinite Blades+1","Apotheosis+1","Cloak And Dagger","Noxious Fumes","Die Die Die","Noxious Fumes","Normality","Footwork","Infinite Blades+1","Doubt","Burst","Well Laid Plans+1","Riddle With Holes+1","PiercingWail"],"special_seed":17794,"relics":["Cursed Key","Darkstone Periapt","Du-Vu Doll","Unceasing Top","Vajra","Centennial Puzzle","Orrery","Smiling Mask","Regal Pillow","Eternal Feather","Turnip"],"potions_floor_usage":[18,28,33,33,33,38],"damage_taken":[{"damage":0,"enemies":"Small Slimes","floor":1,"turns":3},{"damage":1,"enemies":"2 Louse","floor":2,"turns":3},{"damage":0,"enemies":"Jaw Worm","floor":7,"turns":3},{"damage":13,"enemies":"Gremlin Nob","floor":8,"turns":4},{"damage":0,"enemies":"Gremlin Gang","floor":10,"turns":2},{"damage":0,"enemies":"Blue Slaver","floor":13,"turns":2},{"damage":1,"enemies":"3 Louse","floor":14,"turns":2},{"damage":28,"enemies":"The Guardian","floor":16,"turns":11},{"damage":0,"enemies":"3 Byrds","floor":18,"turns":3},{"damage":0,"enemies":"2 Thieves","floor":19,"turns":2},{"damage":15,"enemies":"Cultist and Chosen","floor":22,"turns":4},{"damage":15,"enemies":"3 Cultists","floor":24,"turns":4},{"damage":22,"enemies":"Book of Stabbing","floor":28,"turns":3},{"damage":10,"enemies":"Shelled Parasite and Fungi","floor":29,"turns":2},{"damage":2,"enemies":"Champ","floor":33,"turns":5},{"damage":10,"enemies":"Orb Walker","floor":35,"turns":2},{"damage":41,"enemies":"Mysterious Sphere","floor":36,"turns":4},{"damage":16,"enemies":"3 Shapes","floor":37,"turns":3},{"damage":24,"enemies":"Sphere and 2 Shapes","floor":38,"turns":3}],"seed_played":"1139054497184590397","potions_obtained":[{"floor":1,"key":"Weak Potion"},{"floor":2,"key":"AttackPotion"},{"floor":8,"key":"Ancient Potion"},{"floor":18,"key":"Strength Potion"},{"floor":24,"key":"SteroidPotion"},{"floor":29,"key":"EssenceOfSteel"},{"floor":36,"key":"FearPotion"}],"is_trial":false,"path_per_floor":["M","M","?","?","?","R","M","E","T","M","$","R","M","M","R","B",null,"M","M","$","?","M","R","M","R","T","R","E","M","R","?","R","B",null,"M","?","M"],"character_chosen":"THE_SILENT","items_purchased":["Infinite Blades","Apotheosis","Cloak And Dagger","Noxious Fumes"],"campfire_rested":2,"item_purchase_floors":[11,20,20,20],"current_hp_per_floor":[70,69,69,69,69,69,69,56,62,62,62,62,62,61,61,39,79,79,79,79,79,64,64,49,72,78,78,56,46,85,85,85,89,91,81,40,24,0],"gold":274,"neow_bonus":"","is_prod":false,"is_daily":true,"chose_seed":false,"campfire_upgraded":6,"win_rate":0,"timestamp":1537449693,"path_taken":["M","M","?","?","?","R","M","E","T","?","$","R","M","M","R","BOSS","M","M","$","?","?","R","M","R","T","R","E","M","R","?","R","BOSS","M","?","?","M"],"build_version":"2018-09-06","purchased_purges":1,"victory":false,"max_hp_per_floor":[70,70,70,70,70,70,70,70,76,76,73,73,73,73,73,79,79,79,79,79,79,79,79,79,79,85,85,85,85,85,85,85,91,91,91,91,91,91],"card_choices":[{"not_picked":["Escape Plan","Underhanded Strike"],"picked":"Endless Agony","floor":1},{"not_picked":["Deadly Poison","Bouncing Flask"],"picked":"Blade Dance","floor":2},{"not_picked":["Cloak And Dagger","Deadly Poison"],"picked":"Dagger Spray","floor":7},{"not_picked":["Doppelganger","Catalyst"],"picked":"Accuracy","floor":8},{"not_picked":["Underhanded Strike","Outmaneuver"],"picked":"Cloak And Dagger","floor":10},{"not_picked":["Dagger Throw","All Out Attack"],"picked":"Sucker Punch","floor":13},{"not_picked":["Deflect","Sucker Punch"],"picked":"Outmaneuver","floor":14},{"not_picked":["Die Die Die","Bullet Time"],"picked":"Corpse Explosion","floor":16},{"not_picked":["Poisoned Stab","Deadly Poison"],"picked":"Footwork","floor":17},{"not_picked":["Dash","Leg Sweep"],"picked":"Slice","floor":17},{"not_picked":["Acrobatics","Bane"],"picked":"Backflip","floor":17},{"not_picked":["PiercingWail","All Out Attack"],"picked":"Deflect","floor":17},{"not_picked":["Leg Sweep","Quick Slash"],"picked":"Distraction","floor":17},{"not_picked":["Flying Knee","Blade Dance"],"picked":"Accuracy","floor":18},{"not_picked":["Quick Slash+1","All Out Attack"],"picked":"Infinite Blades","floor":19},{"not_picked":["Catalyst","Outmaneuver"],"picked":"Die Die Die","floor":22},{"not_picked":["Tactician","Blade Dance"],"picked":"Noxious Fumes","floor":24},{"not_picked":["Dodge and Roll","Cloak And Dagger"],"picked":"Footwork","floor":28},{"not_picked":["Acrobatics","Cloak And Dagger"],"picked":"Infinite Blades","floor":29},{"not_picked":["Venomology","Wraith Form v2"],"picked":"Burst","floor":33},{"not_picked":["Dagger Spray+1","Dagger Throw+1"],"picked":"Well Laid Plans+1","floor":35},{"not_picked":["PiercingWail","Predator"],"picked":"Riddle With Holes+1","floor":36},{"not_picked":["Dash+1","Tactician"],"picked":"PiercingWail","floor":37}],"player_experience":538895,"relics_obtained":[{"floor":8,"key":"Vajra"},{"floor":9,"key":"Centennial Puzzle"},{"floor":26,"key":"Smiling Mask"},{"floor":28,"key":"Regal Pillow"},{"floor":36,"key":"Turnip"}],"event_choices":[{"event_name":"Living Wall","player_choice":"Grow","floor":3,"damage_taken":0},{"event_name":"Accursed Blacksmith","player_choice":"Forge","floor":4,"damage_taken":0},{"event_name":"Golden Shrine","player_choice":"Pray","floor":5,"damage_taken":0},{"event_name":"Wheel of Change","player_choice":"Card Removal","floor":21,"damage_taken":0},{"event_name":"The Lab","player_choice":"Got Potions","floor":31,"damage_taken":0},{"event_name":"Mysterious Sphere","player_choice":"Fight","floor":36,"damage_taken":0}],"is_beta":false,"boss_relics":[{"not_picked":["Empty Cage","Runic Pyramid"],"picked":"Orrery"},{"not_picked":["HoveringKite","White Beast Statue"],"picked":"Eternal Feather"}],"items_purged_floors":[11],"is_endless":false,"potions_floor_spawned":[1,2,8,10,18,24,29,36],"killed_by":"Sphere and 2 Shapes","ascension_level":0}