{"gold_per_floor":[141,152,170,184,184,184,202,202,202,202,202,227,243,254,254,351,351,362,378,389,389,389,389,50,70,70,70,84,84,97,113,113,216,216,230,230,6,25,39,39,62,90,90,90,110,124,124,124,124,124],"floor_reached":51,"playtime":4159,"items_purged":[],"score":691,"play_id":"e7a8d792-8e84-4090-a3a5-86c4069f994f","local_time":"20180809121821","is_ascension_mode":true,"campfire_choices":[{"data":"Crippling Poison","floor":6,"key":"SMITH"},{"data":"Neutralize","floor":8,"key":"SMITH"},{"data":"Outmaneuver","floor":11,"key":"SMITH"},{"data":"Infinite Blades","floor":15,"key":"SMITH"},{"data":"Accuracy","floor":23,"key":"SMITH"},{"data":"Night Terror","floor":27,"key":"SMITH"},{"data":"Crippling Poison","floor":29,"key":"SMITH"},{"floor":32,"key":"REST"},{"floor":40,"key":"REST"},{"data":"After Image","floor":44,"key":"SMITH"},{"floor":49,"key":"REST"}],"neow_cost":"NONE","seed_source_timestamp":3504780022893254,"circlet_count":0,"master_deck":["Defend_G","Defend_G","Defend_G","Defend_G","Defend_G","Strike_G","Strike_G","Strike_G","Strike_G","Survivor","Neutralize+1","Cloak And Dagger+1","Deflect","Crippling Poison+1","Outmaneuver+1","Concentrate","Accuracy+1","Infinite Blades+1","Night Terror+1","Catalyst","Deadly Poison","Crippling Poison+1","Slice+1","Deadly Poison","Distraction","Prepared+1","After Image+1","Flechettes+1","Infinite Blades","Distraction+1","Cloak And Dagger","Skewer+1","Bouncing Flask+1","Slice+1"],"relics":["Ring of the Snake","Tiny Chest","Mummified Hand","Incense Burner","WristBlade","Lee\u0027s Waffle","Bronze Scales","Snake Skull","Runic Pyramid","Ancient Tea Set","Bag of Marbles","Ninja Scroll","Lantern","Shovel"],"potions_floor_usage":[16,19,33,33,33,50],"damage_taken":[{"damage":0,"enemies":"Cultist","floor":1,"turns":4},{"damage":0,"enemies":"2 Louse","floor":2,"turns":4},{"damage":0,"enemies":"Small Slimes","floor":3,"turns":4},{"damage":7,"enemies":"Red Slaver","floor":4,"turns":7},{"damage":5,"enemies":"Looter","floor":7,"turns":4},{"damage":12,"enemies":"Lagavulin","floor":12,"turns":10},{"damage":1,"enemies":"2 Fungi Beasts","floor":13,"turns":3},{"damage":2,"enemies":"Large Slime","floor":14,"turns":9},{"damage":28,"enemies":"Hexaghost","floor":16,"turns":12},{"damage":8,"enemies":"Shell Parasite","floor":18,"turns":5},{"damage":19,"enemies":"Spheric Guardian","floor":19,"turns":5},{"damage":18,"enemies":"Centurion and Healer","floor":20,"turns":7},{"damage":27,"enemies":"Slaver and Parasite","floor":25,"turns":5},{"damage":6,"enemies":"Cultist and Chosen","floor":28,"turns":4},{"damage":9,"enemies":"Centurion and Healer","floor":30,"turns":6},{"damage":2,"enemies":"Chosen and Byrds","floor":31,"turns":3},{"damage":24,"enemies":"Champ","floor":33,"turns":7},{"damage":0,"enemies":"3 Shapes","floor":35,"turns":3},{"damage":43,"enemies":"3 Darklings","floor":38,"turns":4},{"damage":9,"enemies":"Maw","floor":39,"turns":7},{"damage":0,"enemies":"Nemesis","floor":42,"turns":5},{"damage":0,"enemies":"Flame Bruiser 2 Orb","floor":45,"turns":2},{"damage":8,"enemies":"Spire Growth","floor":46,"turns":4},{"damage":57,"enemies":"Awakened One","floor":50,"turns":10}],"seed_played":"-5179299301124535571","potions_obtained":[{"floor":2,"key":"Dexterity Potion"},{"floor":7,"key":"Dexterity Potion"},{"floor":12,"key":"FearPotion"},{"floor":16,"key":"Poison Potion"},{"floor":18,"key":"Poison Potion"},{"floor":20,"key":"Poison Potion"},{"floor":30,"key":"PowerPotion"},{"floor":35,"key":"PowerPotion"},{"floor":39,"key":"GhostInAJar"}],"is_trial":false,"path_per_floor":["M","M","M","M","?","R","M","R","T","?","R","E","M","M","R","B",null,"M","M","M","?","?","R","$","M","T","R","M","R","M","M","R","B",null,"M","?","$","M","M","R","T","E","T","R","M","M","?","T","R","B"],"character_chosen":"THE_SILENT","items_purchased":["Lee\u0027s Waffle","Bronze Scales","Ancient Tea Set","Infinite Blades"],"campfire_rested":3,"item_purchase_floors":[24,24,37,37],"current_hp_per_floor":[70,70,70,63,63,63,58,58,58,58,58,46,45,43,43,15,70,62,43,25,48,48,48,77,50,50,50,44,44,35,33,56,32,77,77,77,77,34,25,48,48,48,48,48,48,40,40,40,63,6],"gold":124,"neow_bonus":"RANDOM_COMMON_RELIC","is_prod":false,"is_daily":false,"chose_seed":false,"campfire_upgraded":8,"win_rate":0,"timestamp":1533813501,"path_taken":["M","?","M","M","?","R","M","R","T","?","R","E","M","M","R","BOSS","M","M","?","?","?","R","$","M","T","R","M","R","M","M","R","BOSS","M","?","$","M","M","R","?","E","T","R","M","?","?","?","R","BOSS"],"build_version":"2018-08-02","purchased_purges":0,"victory":true,"max_hp_per_floor":[70,70,70,70,70,70,70,70,70,70,70,70,70,70,70,70,70,70,70,70,70,70,70,77,77,77,77,77,77,77,77,77,77,77,77,77,77,77,77,77,77,77,77,77,77,77,77,77,77,77],"card_choices":[{"not_picked":["Slice","Dodge and Roll"],"picked":"Cloak And Dagger","floor":1},{"not_picked":["Underhanded Strike","Masterful Stab"],"picked":"Sucker Punch","floor":2},{"not_picked":["All Out Attack","Tactician"],"picked":"Deflect","floor":3},{"not_picked":["Well Laid Plans","Bane"],"picked":"Crippling Poison","floor":4},{"not_picked":["Prepared","Reflex"],"picked":"Outmaneuver","floor":7},{"not_picked":["Glass Knife","Riddle With Holes"],"picked":"Concentrate","floor":12},{"not_picked":["Dash","Underhanded Strike"],"picked":"Accuracy","floor":13},{"not_picked":["Bane","Deflect"],"picked":"Infinite Blades","floor":14},{"not_picked":["Malaise","Grand Finale"],"picked":"Night Terror","floor":16},{"not_picked":["Dagger Spray","Bane+1"],"picked":"Catalyst","floor":18},{"not_picked":["Dash","Bane"],"picked":"Deadly Poison","floor":19},{"not_picked":["Dodge and Roll","Dagger Throw","Underhanded Strike"],"picked":"SKIP","floor":20},{"not_picked":["Bane+1","Predator"],"picked":"Slice+1","floor":25},{"not_picked":["Tactician","Bouncing Flask"],"picked":"Deadly Poison","floor":28},{"not_picked":["Bane","Doppelganger"],"picked":"Distraction","floor":30},{"not_picked":["Reflex","Backflip"],"picked":"Prepared+1","floor":31},{"not_picked":["Tools of the Trade","Die Die Die"],"picked":"After Image","floor":33},{"not_picked":["Footwork","Eviscerate"],"picked":"Flechettes+1","floor":35},{"not_picked":["Cloak And Dagger","Backflip+1"],"picked":"Distraction+1","floor":38},{"not_picked":["Quick Slash","Dagger Throw+1"],"picked":"Cloak And Dagger","floor":39},{"not_picked":["All Out Attack","Dash+1"],"picked":"Skewer+1","floor":42},{"not_picked":["Flying Knee","Backflip"],"picked":"Bouncing Flask+1","floor":45},{"not_picked":["Heel Hook","Deadly Poison"],"picked":"Slice+1","floor":46}],"player_experience":321748,"relics_obtained":[{"floor":9,"key":"Mummified Hand"},{"floor":12,"key":"Incense Burner"},{"floor":26,"key":"Snake Skull"},{"floor":41,"key":"Bag of Marbles"},{"floor":42,"key":"Ninja Scroll"},{"floor":43,"key":"Lantern"},{"floor":48,"key":"Shovel"}],"event_choices":[{"event_name":"Golden Idol","player_choice":"Ignored","floor":5,"damage_taken":0},{"event_name":"Living Wall","player_choice":"Grow","floor":10,"damage_taken":0},{"event_name":"The Library","player_choice":"Heal","floor":21,"damage_taken":0},{"event_name":"Transmorgrifier","player_choice":"Transform","floor":22,"damage_taken":0},{"event_name":"Tomb of Lord Red Mask","player_choice":"Ignored","floor":36,"damage_taken":0},{"event_name":"Falling","player_choice":"Removed Attack","floor":47,"damage_taken":0}],"is_beta":false,"boss_relics":[{"not_picked":["Orrery","Snecko Eye"],"picked":"WristBlade"},{"not_picked":["Lizard Tail","Cursed Key"],"picked":"Runic Pyramid"}],"items_purged_floors":[],"is_endless":false,"potions_floor_spawned":[2,7,12,14,16,18,20,28,30,35,39],"ascension_level":1}