{"gold_per_floor":[110,123,123,139,61,61,27,27,57,57,67,87,98,116,116,221,221,146,146,146,146,23,23,23,23,23,23,23,0,0,0,0,0,0,0,0,0,0,0,0,0,0,0,0,0,0,0,0,0,0],"floor_reached":51,"playtime":4569,"items_purged":[],"score":730,"play_id":"c01cce9f-a1df-430f-8e18-b63bdd92eadf","local_time":"20180818205453","is_ascension_mode":true,"campfire_choices":[{"data":"Catalyst","floor":6,"key":"SMITH"},{"data":"Footwork","floor":8,"key":"SMITH"},{"floor":15,"key":"REST"},{"data":"Noxious Fumes","floor":23,"key":"SMITH"},{"floor":25,"key":"REST"},{"floor":32,"key":"REST"},{"data":"After Image","floor":40,"key":"SMITH"},{"data":"A Thousand Cuts","floor":42,"key":"SMITH"},{"data":"Bouncing Flask","floor":46,"key":"SMITH"},{"data":"Well Laid Plans","floor":49,"key":"SMITH"}],"neow_cost":"NONE","seed_source_timestamp":4312963868640856,"circlet_count":0,"master_deck":["Defend_G+1","Defend_G+1","Defend_G+1","Defend_G+1","Defend_G+1","Strike_G+1","Strike_G+1","Strike_G+1","Strike_G+1","Strike_G+1","Survivor","Neutralize","Catalyst+1","Finisher","Quick Slash","Bouncing Flask+1","Footwork+1","All Out Attack","A Thousand Cuts+1","Blur","Poisoned Stab","Malaise","Slice+1","Noxious Fumes+1","Deflect","Bouncing Flask+1","Well Laid Plans+1","Backflip+1","Dramatic Entrance","Bullet Time","Reflex","After Image+1","Outmaneuver+1","Prepared+1","Backstab+1","A Thousand Cuts","Poisoned Stab","Deadly Poison+1","Adrenaline"],"relics":["Ring of the Snake","Ancient Tea Set","Tiny Chest","Ectoplasm","Bronze Scales","Du-Vu Doll","Anchor","Eternal Feather","Art of War","Red Mask","Tough Bandages"],"potions_floor_usage":[14,16,35,37,45,50,50,50],"damage_taken":[{"damage":1,"enemies":"Small Slimes","floor":1,"turns":5},{"damage":5,"enemies":"Cultist","floor":2,"turns":5},{"damage":1,"enemies":"Jaw Worm","floor":4,"turns":3},{"damage":6,"enemies":"3 Louse","floor":11,"turns":4},{"damage":15,"enemies":"Large Slime","floor":12,"turns":8},{"damage":7,"enemies":"Exordium Wildlife","floor":13,"turns":5},{"damage":0,"enemies":"Gremlin Gang","floor":14,"turns":3},{"damage":45,"enemies":"Slime Boss","floor":16,"turns":11},{"damage":22,"enemies":"2 Thieves","floor":18,"turns":4},{"damage":3,"enemies":"Spheric Guardian","floor":24,"turns":4},{"damage":10,"enemies":"Shelled Parasite and Fungi","floor":27,"turns":3},{"damage":9,"enemies":"Centurion and Healer","floor":28,"turns":6},{"damage":32,"enemies":"Collector","floor":33,"turns":11},{"damage":27,"enemies":"3 Darklings","floor":35,"turns":6},{"damage":2,"enemies":"Flame Bruiser 1 Orb","floor":37,"turns":7},{"damage":0,"enemies":"Maw","floor":38,"turns":8},{"damage":1,"enemies":"4 Shapes","floor":39,"turns":5},{"damage":10,"enemies":"Sphere and 2 Shapes","floor":44,"turns":8},{"damage":11,"enemies":"Maw","floor":45,"turns":8},{"damage":14,"enemies":"Flame Bruiser 2 Orb","floor":47,"turns":4},{"damage":8,"enemies":"Sphere and 2 Shapes","floor":48,"turns":4},{"damage":37,"enemies":"Time Eater","floor":50,"turns":12}],"seed_played":"-2689626726360932062","potions_obtained":[{"floor":0,"key":"Strength Potion"},{"floor":0,"key":"Block Potion"},{"floor":0,"key":"LiquidBronze"},{"floor":14,"key":"PowerPotion"},{"floor":16,"key":"PowerPotion"},{"floor":18,"key":"PowerPotion"},{"floor":44,"key":"Dexterity Potion"},{"floor":45,"key":"Poison Potion"},{"floor":47,"key":"GamblersBrew"}],"is_trial":false,"path_per_floor":["M","M","?","M","$","R","$","R","T","?","M","M","M","M","R","B",null,"M","?","?","T","$","R","M","R","T","M","M","?","?","T","R","B",null,"M","T","M","M","M","R","?","R","T","M","M","R","M","M","R","B"],"character_chosen":"THE_SILENT","items_purchased":["Bouncing Flask","Footwork","Noxious Fumes","Deflect"],"campfire_rested":3,"item_purchase_floors":[5,7,22,22],"current_hp_per_floor":[69,64,64,63,63,63,63,63,63,68,62,47,40,40,62,17,75,53,53,53,53,53,53,50,72,72,62,53,53,53,53,75,43,75,48,48,46,46,45,66,66,75,75,65,54,75,61,53,74,37],"gold":0,"neow_bonus":"THREE_SMALL_POTIONS","is_prod":false,"is_daily":false,"chose_seed":false,"campfire_upgraded":7,"win_rate":0,"timestamp":1534622093,"path_taken":["M","M","?","M","$","R","$","R","T","?","?","?","?","M","R","BOSS","M","?","?","?","?","R","?","R","T","M","M","?","?","?","R","BOSS","M","?","M","M","M","R","?","R","T","M","M","R","M","?","R","BOSS"],"build_version":"2018-08-16","purchased_purges":0,"victory":true,"max_hp_per_floor":[70,70,70,70,70,70,70,70,70,75,75,75,75,75,75,75,75,75,75,75,75,75,75,75,75,75,75,75,75,75,75,75,75,75,75,75,75,75,75,75,75,75,75,75,75,75,75,75,75,75],"card_choices":[{"not_picked":["Sucker Punch","Calculated Gamble"],"picked":"Catalyst","floor":1},{"not_picked":["Endless Agony","Slice"],"picked":"Finisher","floor":2},{"not_picked":["Dodge and Roll","Underhanded Strike"],"picked":"Quick Slash","floor":4},{"not_picked":["Dodge and Roll","PiercingWail"],"picked":"All Out Attack","floor":11},{"not_picked":["Quick Slash","Underhanded Strike"],"picked":"A Thousand Cuts","floor":12},{"not_picked":["Quick Slash","Acrobatics"],"picked":"Blur","floor":13},{"not_picked":["Skewer","Wraith Form v2"],"picked":"Poisoned Stab","floor":14},{"not_picked":["Tools of the Trade","Bullet Time"],"picked":"Malaise","floor":16},{"not_picked":["Acrobatics","Setup"],"picked":"Slice+1","floor":18},{"not_picked":["Tactician","Endless Agony+1"],"picked":"Bouncing Flask+1","floor":24},{"not_picked":["PiercingWail+1","Dodge and Roll"],"picked":"Well Laid Plans","floor":27},{"not_picked":["Flechettes","Blade Dance"],"picked":"Backflip+1","floor":28},{"not_picked":["Burst","Venomology"],"picked":"After Image","floor":33},{"not_picked":["Heel Hook","Sucker Punch+1"],"picked":"Outmaneuver+1","floor":35},{"not_picked":["Flechettes+1","Cloak And Dagger"],"picked":"Prepared+1","floor":37},{"not_picked":["Poisoned Stab+1","PiercingWail"],"picked":"Backstab+1","floor":38},{"not_picked":["Sucker Punch","Flechettes"],"picked":"A Thousand Cuts","floor":39},{"not_picked":["Backflip+1","Outmaneuver"],"picked":"Poisoned Stab","floor":44},{"not_picked":["Slice","Escape Plan","Dagger Spray"],"picked":"SKIP","floor":45},{"not_picked":["Distraction+1","Masterful Stab"],"picked":"Deadly Poison+1","floor":47},{"not_picked":["Cloak And Dagger+1","Underhanded Strike"],"picked":"Adrenaline","floor":48}],"player_experience":398648,"relics_obtained":[{"floor":9,"key":"Tiny Chest"},{"floor":21,"key":"Bronze Scales"},{"floor":26,"key":"Du-Vu Doll"},{"floor":31,"key":"Anchor"},{"floor":36,"key":"Art of War"},{"floor":43,"key":"Tough Bandages"}],"event_choices":[{"event_name":"WeMeetAgain","player_choice":"Potion","floor":3,"damage_taken":0},{"event_name":"Big Fish","player_choice":"Donut","floor":10,"damage_taken":0},{"event_name":"Vampires","player_choice":"Ignored","floor":19,"damage_taken":0},{"event_name":"Back to Basics","player_choice":"Simplicity","floor":20,"damage_taken":0},{"event_name":"Masked Bandits","player_choice":"Paid Fearfully","floor":29,"damage_taken":0},{"event_name":"Match and Keep!","player_choice":"3 cards matched","floor":30,"damage_taken":0},{"event_name":"Tomb of Lord Red Mask","player_choice":"Paid","floor":41,"damage_taken":0}],"is_beta":false,"boss_relics":[{"not_picked":["Velvet Choker","Runic Dome"],"picked":"Ectoplasm"},{"not_picked":["Black Star","Ring of the Serpent"],"picked":"Eternal Feather"}],"items_purged_floors":[],"is_endless":false,"potions_floor_spawned":[1,2,14,16,18,33,44,45,47],"ascension_level":2}