{"gold_per_floor":[119,119,134,89,100,130,130,95,95,95,270,302,318,288,288,288],"floor_reached":16,"playtime":897,"items_purged":[],"score":108,"play_id":"ea568ed6-7c1f-4a14-9655-372fad5ff2e9","local_time":"20190328210918","is_ascension_mode":false,"campfire_choices":[{"data":"Neutralize","floor":7,"key":"SMITH"},{"floor":10,"key":"RECALL"},{"floor":15,"key":"REST"}],"neow_cost":"NONE","seed_source_timestamp":333338136719695,"circlet_count":0,"master_deck":["Defend_G","Defend_G","Defend_G","Defend_G","Strike_G","Strike_G","Strike_G","Survivor","Neutralize+1","Crippling Poison+1","Dodge and Roll+1","Burst+1","Acrobatics","Backflip","Expertise","Doubt"],"relics":["Astrolabe","Pantograph","Question Card","Bag of Marbles"],"potions_floor_usage":[6,12,16],"damage_taken":[{"damage":5,"enemies":"Jaw Worm","floor":1,"turns":5},{"damage":0,"enemies":"Small Slimes","floor":3,"turns":2},{"damage":0,"enemies":"Cultist","floor":5,"turns":4},{"damage":8,"enemies":"Lagavulin","floor":6,"turns":9},{"damage":45,"enemies":"Gremlin Nob","floor":12,"turns":7},{"damage":3,"enemies":"3 Louse","floor":13,"turns":3},{"damage":0,"enemies":"Looter","floor":14,"turns":4},{"damage":82,"enemies":"Slime Boss","floor":16,"turns":14}],"seed_played":"-5686737693135907379","potions_obtained":[{"floor":5,"key":"GhostInAJar"},{"floor":6,"key":"Dexterity Potion"},{"floor":13,"key":"SpeedPotion"}],"is_trial":false,"path_per_floor":["M","$","M","$","M","E","R","?","T","R","?","E","M","M","R","B"],"character_chosen":"THE_SILENT","items_purchased":["Backflip"],"campfire_rested":1,"item_purchase_floors":[4],"current_hp_per_floor":[65,65,65,65,65,57,57,70,70,70,70,25,22,22,43,0],"gold":288,"neow_bonus":"BOSS_RELIC","is_prod":false,"is_daily":false,"chose_seed":false,"campfire_upgraded":1,"win_rate":0,"timestamp":1553816358,"path_taken":["M","$","M","$","M","E","R","?","T","R","?","E","M","M","R","BOSS"],"build_version":"2019-03-15","purchased_purges":0,"victory":false,"max_hp_per_floor":[70,70,70,70,70,70,70,70,70,70,70,70,70,70,70,70],"card_choices":[{"not_picked":["Dagger Spray","Terror"],"picked":"Acrobatics","floor":1},{"not_picked":["Blade Dance","Flying Knee","Deadly Poison"],"picked":"SKIP","floor":3},{"not_picked":["Poisoned Stab","Dodge and Roll","Dagger Throw"],"picked":"SKIP","floor":5},{"not_picked":["Storm of Steel","Flechettes"],"picked":"Expertise","floor":6},{"not_picked":["Underhanded Strike","Prepared","Choke","Deadly Poison"],"picked":"SKIP","floor":12},{"not_picked":["Slice","Outmaneuver","Deadly Poison","Calculated Gamble"],"picked":"SKIP","floor":13},{"not_picked":["Terror","Bouncing Flask","Dagger Throw","Slice"],"picked":"SKIP","floor":14}],"player_experience":795775,"relics_obtained":[{"floor":6,"key":"Pantograph"},{"floor":9,"key":"Question Card"},{"floor":12,"key":"Bag of Marbles"}],"event_choices":[{"damage_healed":17,"gold_gain":0,"player_choice":"Healed","damage_taken":0,"max_hp_gain":0,"max_hp_loss":0,"event_name":"The Cleric","floor":8,"gold_loss":35},{"damage_healed":0,"gold_gain":175,"player_choice":"AGREE","damage_taken":0,"max_hp_gain":0,"max_hp_loss":0,"event_name":"Liars Game","floor":11,"gold_loss":0,"cards_obtained":["Doubt"]}],"is_beta":true,"boss_relics":[],"items_purged_floors":[],"is_endless":false,"potions_floor_spawned":[5,6,13],"killed_by":"Slime Boss","ascension_level":0}