{"gold_per_floor":[114,289,289,304,109,109,124,124,124,124,139,139,154,184,184,284,284,299,314,314,329,344,344],"floor_reached":23,"playtime":2195,"items_purged":[],"score":393,"play_id":"731db5fc-33cd-4d4a-844d-ff1eef37c6ca","local_time":"20180807033727","daily_mods":["Insanity","Elite Swarm","Hoarder"],"is_ascension_mode":false,"campfire_choices":[{"data":"Secret Technique","floor":6,"key":"SMITH"},{"data":"Rupture","floor":10,"key":"SMITH"},{"data":"Secret Technique","floor":12,"key":"SMITH"},{"data":"Limit Break","floor":15,"key":"SMITH"}],"neow_cost":"","seed_source_timestamp":0,"circlet_count":0,"master_deck":["Flame Barrier","Blood for Blood","Battle Trance","Seeing Red","Limit Break+1","Sword Boomerang","Headbutt","Sentinel","Limit Break","Heavy Blade","Offering","Entrench","Barricade","Juggernaut","Cleave","Evolve","Barricade","Carnage","Infernal Blade","Dark Embrace","Berserk","Carnage","Pummel","Rage","Wild Strike","Disarm","Seeing Red+1","Anger","Carnage","Pommel Strike","Headbutt","Reaper","Double Tap","Ghostly Armor","Infernal Blade","Infernal Blade","True Grit","Dark Embrace","Barricade","Thunderclap","Limit Break","Evolve","Feel No Pain","Exhume+1","Offering","True Grit","Rampage","Barricade","Bash","Rupture+1","Pummel","Pummel","Pummel","Doubt","Doubt","Doubt","Cleave","Cleave","Cleave","Secret Technique+1","Secret Technique+1","Secret Technique","Anger","Anger","Anger","Spot Weakness","Spot Weakness","Spot Weakness","Feed","Feed","Feed","Double Tap","Double Tap","Double Tap","Infernal Blade+1","Infernal Blade+1","Infernal Blade+1","Inflame+1","Inflame+1","Inflame+1"],"special_seed":17750,"relics":["Burning Blood","Omamori","Meat on the Bone","Shovel","Philosopher\u0027s Stone","War Paint"],"potions_floor_usage":[18,19,22,23],"damage_taken":[{"damage":8,"enemies":"Cultist","floor":1,"turns":4},{"damage":5,"enemies":"2 Louse","floor":4,"turns":2},{"damage":0,"enemies":"Small Slimes","floor":7,"turns":2},{"damage":1,"enemies":"Exordium Wildlife","floor":11,"turns":2},{"damage":4,"enemies":"Looter","floor":13,"turns":2},{"damage":22,"enemies":"Gremlin Nob","floor":14,"turns":4},{"damage":47,"enemies":"Slime Boss","floor":16,"turns":9},{"damage":21,"enemies":"Spheric Guardian","floor":18,"turns":4},{"damage":38,"enemies":"Chosen","floor":19,"turns":5},{"damage":29,"enemies":"Slaver and Parasite","floor":21,"turns":3},{"damage":18,"enemies":"Centurion and Healer","floor":22,"turns":4},{"damage":47,"enemies":"Slavers","floor":23,"turns":2}],"seed_played":"581998401352651869","potions_obtained":[{"floor":7,"key":"LiquidBronze"},{"floor":11,"key":"SkillPotion"},{"floor":13,"key":"Ancient Potion"},{"floor":16,"key":"Strength Potion"},{"floor":21,"key":"Dexterity Potion"}],"is_trial":false,"path_per_floor":["M","?","?","M","$","R","M","?","T","R","M","R","M","E","R","B",null,"M","M","?","M","M"],"character_chosen":"IRONCLAD","items_purchased":["Secret Technique"],"campfire_rested":0,"item_purchase_floors":[5],"current_hp_per_floor":[78,78,75,76,76,76,80,85,85,85,85,85,85,69,69,49,88,73,53,53,42,42,0],"gold":344,"neow_bonus":"","is_prod":false,"is_daily":true,"chose_seed":false,"campfire_upgraded":4,"win_rate":0,"timestamp":1533609447,"path_taken":["M","?","?","M","$","R","M","?","T","R","M","R","M","E","R","BOSS","M","M","?","M","M","E"],"build_version":"2018-08-02","purchased_purges":0,"victory":false,"max_hp_per_floor":[80,80,80,80,80,80,80,85,85,85,85,85,85,85,85,88,88,88,88,88,88,88,88],"card_choices":[{"not_picked":["Twin Strike","Wild Strike"],"picked":"Pummel","floor":1},{"not_picked":["Feel No Pain","Clash"],"picked":"Cleave","floor":4},{"not_picked":["Twin Strike","Carnage"],"picked":"Anger","floor":7},{"not_picked":["Impervious","Heavy Blade"],"picked":"Spot Weakness","floor":11},{"not_picked":["Second Wind","Perfected Strike","Thunderclap"],"picked":"SKIP","floor":13},{"not_picked":["Demon Form","Offering"],"picked":"Feed","floor":14},{"not_picked":["Barricade","Reaper"],"picked":"Double Tap","floor":16},{"not_picked":["Clash","Burning Pact+1","Sword Boomerang"],"picked":"SKIP","floor":18},{"not_picked":["Rage","Pommel Strike"],"picked":"Infernal Blade+1","floor":19},{"not_picked":["True Grit+1","Havoc","Searing Blow"],"picked":"SKIP","floor":21},{"not_picked":["Second Wind","Fire Breathing"],"picked":"Inflame+1","floor":22}],"player_experience":297407,"relics_obtained":[{"floor":9,"key":"Meat on the Bone"},{"floor":14,"key":"Shovel"}],"event_choices":[{"event_name":"Liars Game","player_choice":"agreed","floor":2,"damage_taken":0},{"event_name":"Scrap Ooze","player_choice":"success","floor":3,"damage_taken":3},{"event_name":"Big Fish","player_choice":"Donut","floor":8,"damage_taken":0},{"event_name":"The Mausoleum","player_choice":"Yes","floor":20,"damage_taken":0}],"is_beta":false,"boss_relics":[{"not_picked":["Pandora\u0027s Box","Calling Bell"],"picked":"Philosopher\u0027s Stone"}],"items_purged_floors":[],"is_endless":false,"potions_floor_spawned":[7,11,13,16,21,22],"killed_by":"Slavers","ascension_level":0}