{"gold_per_floor":[115,115,115,115,130,130,193,2,79,79,108,108,128,138,138,238,238,251,5,18,18,42,42,42,54,81,81,14,14,26,61,61,163,163,175,136,183,183,103,103,116,116],"floor_reached":42,"playtime":5634,"items_purged":[],"score":533,"play_id":"0061f57a-c627-4e3d-a512-d7c11a485208","local_time":"20180814190612","is_ascension_mode":true,"campfire_choices":[{"data":"Warcry","floor":6,"key":"SMITH"},{"data":"Bandage Up","floor":12,"key":"SMITH"},{"data":"Double Tap","floor":15,"key":"SMITH"},{"data":"Body Slam","floor":23,"key":"SMITH"},{"data":"Armaments","floor":27,"key":"SMITH"},{"floor":32,"key":"REST"},{"floor":40,"key":"REST"}],"neow_cost":"NONE","seed_source_timestamp":3959793842081498,"circlet_count":0,"master_deck":["Strike_R","Strike_R","Strike_R","Strike_R","Strike_R","Defend_R+1","Defend_R+1","Defend_R","Defend_R","Bash","Feed+1","Iron Wave","Warcry+1","Double Tap+1","Metallicize","Iron Wave","Bandage Up+1","Body Slam+1","Fire Breathing","Headbutt","Limit Break+1","Sword Boomerang","Armaments+1","Flame Barrier","Anger+1","Limit Break","Barricade","Metallicize","Metallicize","Rupture","Inflame+1","Shrug It Off"],"relics":["Burning Blood","Blood Vial","Tiny Chest","Blue Candle","Pear","Busted Crown","Mercury Hourglass","War Paint","Dream Catcher","Kunai","Sozu","Sundial"],"potions_floor_usage":[14,16,20,33,33],"damage_taken":[{"damage":10,"enemies":"Small Slimes","floor":1,"turns":3},{"damage":1,"enemies":"Cultist","floor":5,"turns":4},{"damage":45,"enemies":"3 Sentries","floor":7,"turns":11},{"damage":37,"enemies":"Gremlin Nob","floor":11,"turns":5},{"damage":0,"enemies":"2 Louse","floor":13,"turns":2},{"damage":15,"enemies":"Large Slime","floor":14,"turns":8},{"damage":63,"enemies":"The Guardian","floor":16,"turns":17},{"damage":29,"enemies":"Chosen","floor":18,"turns":8},{"damage":0,"enemies":"Spheric Guardian","floor":20,"turns":3},{"damage":22,"enemies":"Centurion and Healer","floor":25,"turns":8},{"damage":14,"enemies":"Snecko","floor":30,"turns":6},{"damage":67,"enemies":"Slavers","floor":31,"turns":7},{"damage":53,"enemies":"Automaton","floor":33,"turns":12},{"damage":39,"enemies":"Flame Bruiser 1 Orb","floor":35,"turns":10},{"damage":83,"floor":37,"turns":8},{"damage":28,"enemies":"3 Shapes","floor":41,"turns":4},{"damage":82,"enemies":"Transient","floor":42,"turns":4}],"seed_played":"3964044880749182670","potions_obtained":[{"floor":11,"key":"SpeedPotion"},{"floor":14,"key":"SkillPotion"},{"floor":16,"key":"SteroidPotion"},{"floor":25,"key":"PowerPotion"},{"floor":31,"key":"Explosive Potion"},{"floor":33,"key":"Strength Potion"}],"is_trial":false,"path_per_floor":["M","?","?","?","M","R","E","$","T","$","E","R","M","M","R","B",null,"M","$","M","?","T","R","$","M","T","R","$","$","M","E","R","B",null,"M","$","?","?","$","R","M"],"character_chosen":"IRONCLAD","items_purchased":["Metallicize","Iron Wave","Bandage Up","Mercury Hourglass","Flame Barrier","Metallicize","Rupture"],"campfire_rested":2,"item_purchase_floors":[8,8,8,19,28,36,39],"current_hp_per_floor":[79,79,79,72,83,83,50,50,50,50,35,35,53,56,56,11,113,100,100,118,118,118,118,118,114,114,114,114,114,118,65,103,64,129,102,102,33,33,33,71,55,0],"gold":116,"neow_bonus":"ONE_RANDOM_RARE_CARD","is_prod":false,"is_daily":false,"chose_seed":false,"campfire_upgraded":5,"win_rate":0,"timestamp":1534269972,"path_taken":["M","?","?","?","M","R","E","$","T","$","E","R","M","M","R","BOSS","M","$","M","?","?","R","$","?","T","R","?","$","M","E","R","BOSS","M","$","?","?","$","R","M","M"],"build_version":"2018-08-09","purchased_purges":0,"victory":false,"max_hp_per_floor":[83,83,83,83,87,87,91,91,91,91,101,101,105,109,109,113,113,117,117,121,121,121,121,121,125,125,125,125,125,129,129,129,129,129,129,129,129,129,129,129,133,133],"card_choices":[{"not_picked":["Pommel Strike","Sentinel"],"picked":"Iron Wave","floor":1},{"not_picked":["Sever Soul","Whirlwind"],"picked":"Warcry","floor":5},{"not_picked":["Carnage","Pommel Strike"],"picked":"Double Tap","floor":7},{"not_picked":["Wild Strike","Havoc"],"picked":"Body Slam","floor":11},{"not_picked":["Havoc","Clash"],"picked":"Fire Breathing","floor":13},{"not_picked":["Twin Strike","Heavy Blade"],"picked":"Headbutt","floor":14},{"not_picked":["Berserk","Dark Embrace"],"picked":"Limit Break","floor":16},{"not_picked":[],"picked":"Sword Boomerang","floor":18},{"not_picked":["Havoc"],"picked":"SKIP","floor":20},{"not_picked":[],"picked":"Armaments","floor":25},{"not_picked":[],"picked":"Anger+1","floor":30},{"not_picked":[],"picked":"Limit Break","floor":31},{"not_picked":[],"picked":"Barricade","floor":33},{"not_picked":["Uppercut"],"picked":"SKIP","floor":35},{"not_picked":[],"picked":"Inflame+1","floor":40},{"not_picked":[],"picked":"Shrug It Off","floor":41}],"player_experience":353998,"relics_obtained":[{"floor":7,"key":"Tiny Chest"},{"floor":9,"key":"Blue Candle"},{"floor":11,"key":"Pear"},{"floor":22,"key":"War Paint"},{"floor":26,"key":"Dream Catcher"},{"floor":31,"key":"Kunai"},{"floor":37,"key":"Sundial"}],"event_choices":[{"event_name":"Purifier","player_choice":"Skipped","floor":2,"damage_taken":0},{"event_name":"Living Wall","player_choice":"Grow","floor":3,"damage_taken":0},{"event_name":"Scrap Ooze","player_choice":"success","floor":4,"damage_taken":7},{"event_name":"Upgrade Shrine","player_choice":"Upgraded","floor":21,"damage_taken":0},{"event_name":"Mysterious Sphere","player_choice":"Fight","floor":37,"damage_taken":0},{"event_name":"Duplicator","player_choice":"One dupe","floor":38,"damage_taken":0}],"is_beta":false,"boss_relics":[{"not_picked":["Calling Bell","Snecko Eye"],"picked":"Busted Crown"},{"not_picked":["Black Blood","Runic Dome"],"picked":"Sozu"}],"items_purged_floors":[],"is_endless":false,"potions_floor_spawned":[11,14,16,25,31,33,35,41],"killed_by":"Transient","ascension_level":3}