{"gold_per_floor":[114,129,144,106,106,121,136,136,136,151,151,166,166,196,196,296,296,311,77,77,92,107,137,137,152,152,167,167,182,197,197,197,297,297,312,30,45,0,15,45,45,60,60,75,75,90,90,105,105,105],"floor_reached":50,"playtime":4780,"items_purged":[],"score":650,"play_id":"0880adc2-a8fe-41a9-b40b-5c48c5e599a9","local_time":"20181019161024","daily_mods":["Allstar","Uncertain Future","Terminal"],"is_ascension_mode":false,"campfire_choices":[{"data":"Madness","floor":11,"key":"SMITH"},{"data":"Crippling Poison","floor":13,"key":"SMITH"},{"data":"After Image","floor":15,"key":"SMITH"},{"data":"A Thousand Cuts","floor":24,"key":"SMITH"},{"data":"Blade Dance","floor":28,"key":"SMITH"},{"data":"Crippling Poison","floor":32,"key":"SMITH"},{"floor":41,"key":"REST"},{"data":"Noxious Fumes","floor":47,"key":"SMITH"},{"floor":49,"key":"REST"}],"neow_cost":"","seed_source_timestamp":0,"circlet_count":0,"master_deck":["Defend_G","Defend_G","Defend_G","Defend_G","Defend_G","Strike_G","Strike_G","Strike_G+1","Strike_G","Strike_G","Survivor","Neutralize","Madness+1","Forethought","Thinking Ahead","Discovery+1","Backflip","Dagger Spray","Riddle With Holes","Caltrops","Dagger Spray","Dagger Spray","Footwork","Crippling Poison+1","After Image+1","Die Die Die+1","All Out Attack","Crippling Poison+1","Blade Dance","Prepared+1","A Thousand Cuts+1","Leg Sweep","Blade Dance+1","Acrobatics","Deadly Poison+1","Master of Strategy","Unload","Flying Knee","Noxious Fumes+1","Sadistic Nature","Blade Dance","Dodge and Roll+1","Crippling Poison+1","Flying Knee+1","Sucker Punch+1","Caltrops+1","Noxious Fumes+1","Madness","Madness","Dagger Throw","Blade Dance","Choke+1"],"special_seed":17823,"relics":["Ring of the Snake","Kunai","Strawberry","Odd Mushroom","Bag of Preparation","Busted Crown","TwistedFunnel","MutagenicStrength","Dream Catcher","Whetstone","Lizard Tail","Red Mask","Darkstone Periapt","Question Card"],"potions_floor_usage":[7,25,29,40,42,44,46,50,50],"damage_taken":[{"damage":0,"enemies":"2 Louse","floor":1,"turns":3},{"damage":0,"enemies":"Small Slimes","floor":2,"turns":4},{"damage":0,"enemies":"Cultist","floor":3,"turns":5},{"damage":0,"enemies":"3 Louse","floor":6,"turns":3},{"damage":0,"enemies":"Large Slime","floor":7,"turns":6},{"damage":0,"enemies":"Exordium Thugs","floor":10,"turns":4},{"damage":0,"enemies":"The Mushroom Lair","floor":12,"turns":3},{"damage":3,"enemies":"Lagavulin","floor":14,"turns":7},{"damage":27,"enemies":"Slime Boss","floor":16,"turns":15},{"damage":11,"enemies":"Spheric Guardian","floor":18,"turns":4},{"damage":0,"enemies":"3 Byrds","floor":21,"turns":2},{"damage":1,"enemies":"Snake Plant","floor":22,"turns":5},{"damage":0,"enemies":"Book of Stabbing","floor":23,"turns":6},{"damage":0,"enemies":"Shelled Parasite and Fungi","floor":25,"turns":4},{"damage":0,"enemies":"Centurion and Healer","floor":27,"turns":3},{"damage":0,"enemies":"Snecko","floor":29,"turns":4},{"damage":0,"enemies":"Chosen and Byrds","floor":30,"turns":3},{"damage":0,"enemies":"Automaton","floor":33,"turns":11},{"damage":0,"enemies":"3 Darklings","floor":35,"turns":3},{"damage":0,"enemies":"3 Shapes","floor":37,"turns":3},{"damage":7,"enemies":"Transient","floor":39,"turns":5},{"damage":35,"enemies":"Nemesis","floor":40,"turns":7},{"damage":0,"enemies":"Maw","floor":42,"turns":8},{"damage":0,"enemies":"Jaw Worm Horde","floor":44,"turns":2},{"damage":0,"enemies":"4 Shapes","floor":46,"turns":3},{"damage":4,"enemies":"Spire Growth","floor":48,"turns":5},{"damage":31,"enemies":"Donu and Deca","floor":50,"turns":5}],"seed_played":"-7407834617241982638","potions_obtained":[{"floor":1,"key":"AttackPotion"},{"floor":6,"key":"Weak Potion"},{"floor":7,"key":"PowerPotion"},{"floor":12,"key":"GamblersBrew"},{"floor":14,"key":"PowerPotion"},{"floor":25,"key":"Dexterity Potion"},{"floor":29,"key":"Strength Potion"},{"floor":40,"key":"PowerPotion"},{"floor":44,"key":"FearPotion"},{"floor":46,"key":"SteroidPotion"}],"is_trial":false,"path_per_floor":["M","M","M","$","?","M","M","?","T","M","R","?","R","E","R","B",null,"M","$","?","M","M","E","R","M","T","M","R","M","M","?","R","B",null,"M","$","M","?","M","E","R","M","T","M","?","M","R","M","R"],"character_chosen":"THE_SILENT","items_purchased":["Caltrops","TwistedFunnel","Crippling Poison","Noxious Fumes","Sadistic Nature","Blade Dance"],"campfire_rested":2,"item_purchase_floors":[4,19,19,36,36,36],"current_hp_per_floor":[68,67,66,65,62,62,62,61,67,66,65,64,63,60,60,33,59,48,48,48,48,47,47,47,47,47,47,47,47,46,45,44,43,42,41,40,39,38,31,18,28,28,28,28,24,24,24,20,27,0],"gold":105,"neow_bonus":"","is_prod":false,"is_daily":true,"chose_seed":false,"campfire_upgraded":7,"win_rate":0,"timestamp":1539961824,"path_taken":["M","M","M","$","?","M","M","?","T","M","R","?","R","E","R","BOSS","M","$","?","M","M","E","R","?","T","M","R","M","M","?","R","BOSS","M","$","M","?","M","E","R","M","T","M","?","?","R","M","R","BOSS"],"build_version":"2018-10-18","purchased_purges":0,"victory":false,"max_hp_per_floor":[68,67,66,65,64,63,62,61,67,66,65,64,63,62,61,60,59,58,57,56,55,54,53,52,51,50,49,48,47,46,45,44,43,42,41,40,39,38,37,36,35,34,33,32,31,30,29,28,27,27],"card_choices":[{"not_picked":["Flechettes","Prepared"],"picked":"Backflip","floor":1},{"not_picked":["Sucker Punch","Dagger Throw"],"picked":"Dagger Spray","floor":2},{"not_picked":["Deflect","Deadly Poison"],"picked":"Riddle With Holes","floor":3},{"not_picked":["Acrobatics","Quick Slash"],"picked":"Dagger Spray","floor":6},{"not_picked":["Heel Hook","Endless Agony"],"picked":"Dagger Spray","floor":7},{"not_picked":["Burst","Bane"],"picked":"Footwork","floor":10},{"not_picked":["Blade Dance","Backflip"],"picked":"Crippling Poison","floor":12},{"not_picked":["Storm of Steel","Masterful Stab"],"picked":"After Image","floor":14},{"not_picked":["Doppelganger","Phantasmal Killer"],"picked":"Die Die Die","floor":16},{"not_picked":[],"picked":"All Out Attack","floor":18},{"not_picked":[],"picked":"Blade Dance","floor":21},{"not_picked":[],"picked":"Prepared+1","floor":22},{"not_picked":[],"picked":"A Thousand Cuts","floor":23},{"not_picked":[],"picked":"Leg Sweep","floor":25},{"not_picked":[],"picked":"Blade Dance","floor":27},{"not_picked":[],"picked":"Acrobatics","floor":29},{"not_picked":[],"picked":"Deadly Poison+1","floor":30},{"not_picked":[],"picked":"Unload","floor":33},{"not_picked":[],"picked":"Flying Knee","floor":35},{"not_picked":[],"picked":"Dodge and Roll+1","floor":37},{"not_picked":[],"picked":"Crippling Poison+1","floor":39},{"not_picked":[],"picked":"Flying Knee+1","floor":40},{"not_picked":[],"picked":"Sucker Punch+1","floor":41},{"not_picked":[],"picked":"Caltrops+1","floor":42},{"not_picked":["Catalyst"],"picked":"Noxious Fumes+1","floor":44},{"not_picked":["Choke"],"picked":"Dagger Throw","floor":46},{"not_picked":["PiercingWail"],"picked":"Blade Dance","floor":48},{"not_picked":["Quick Slash"],"picked":"Choke+1","floor":49}],"player_experience":588509,"relics_obtained":[{"floor":9,"key":"Strawberry"},{"floor":12,"key":"Odd Mushroom"},{"floor":14,"key":"Bag of Preparation"},{"floor":23,"key":"Dream Catcher"},{"floor":26,"key":"Whetstone"},{"floor":40,"key":"Darkstone Periapt"},{"floor":43,"key":"Question Card"}],"event_choices":[{"damage_healed":0,"gold_gain":0,"player_choice":"Success","damage_taken":3,"relics_obtained":["Kunai"],"max_hp_gain":0,"max_hp_loss":0,"event_name":"Scrap Ooze","floor":5,"gold_loss":0},{"damage_healed":0,"gold_gain":0,"player_choice":"Grow","damage_taken":0,"max_hp_gain":0,"max_hp_loss":0,"event_name":"Living Wall","floor":8,"gold_loss":0,"cards_upgraded":["Discovery"]},{"damage_healed":0,"gold_gain":0,"player_choice":"Fought Mushrooms","damage_taken":0,"max_hp_gain":0,"max_hp_loss":0,"event_name":"Mushrooms","floor":12,"gold_loss":0},{"damage_healed":0,"gold_gain":0,"player_choice":"Inject Mutagens","damage_taken":0,"relics_obtained":["MutagenicStrength"],"max_hp_gain":0,"max_hp_loss":0,"event_name":"Drug Dealer","floor":20,"gold_loss":0},{"damage_healed":0,"gold_gain":0,"cards_transformed":["Purity"],"player_choice":"Transformed","damage_taken":0,"max_hp_gain":0,"max_hp_loss":0,"event_name":"Transmorgrifier","floor":31,"gold_loss":0,"cards_obtained":["Master of Strategy"]},{"damage_healed":0,"gold_gain":0,"player_choice":"Paid","damage_taken":0,"relics_obtained":["Red Mask"],"max_hp_gain":0,"max_hp_loss":0,"event_name":"Tomb of Lord Red Mask","floor":38,"gold_loss":45},{"damage_healed":0,"gold_gain":0,"player_choice":"Embrace Madness","damage_taken":4,"max_hp_gain":0,"max_hp_loss":0,"event_name":"Winding Halls","floor":45,"gold_loss":0,"cards_obtained":["Madness","Madness"]}],"is_beta":false,"boss_relics":[{"not_picked":["Pandora\u0027s Box","Eternal Feather"],"picked":"Busted Crown"},{"not_picked":["Cursed Key","Snecko Eye"],"picked":"Lizard Tail"}],"items_purged_floors":[],"is_endless":false,"potions_floor_spawned":[1,6,7,12,14,25,29,30,40,44,46],"killed_by":"Donu and Deca","ascension_level":0}