{"gold_per_floor":[117,117,134,148,158,158,158,175,175,175,175,175,253,90,90,194,194,205,224,224,239,239,239,265,284,339,351,5,5,105,123,123,225,225,238,238,256,274,286,286,304,304,331,39,39,58,89,100,100,100],"floor_reached":51,"playtime":3406,"items_purged":[],"score":689,"play_id":"61f2832f-58cc-4f3f-86f2-170e295f76aa","local_time":"20180723162852","is_ascension_mode":false,"campfire_choices":[{"data":"Flex","floor":6,"key":"SMITH"},{"data":"Spot Weakness","floor":10,"key":"SMITH"},{"data":"Bash","floor":12,"key":"SMITH"},{"data":"Demon Form","floor":15,"key":"SMITH"},{"data":"Reaper","floor":23,"key":"SMITH"},{"data":"Heavy Blade","floor":27,"key":"SMITH"},{"data":"Iron Wave","floor":32,"key":"SMITH"},{"data":"Iron Wave","floor":40,"key":"SMITH"},{"data":"Inflame","floor":42,"key":"SMITH"},{"data":"Fire Breathing","floor":49,"key":"SMITH"}],"neow_cost":"NONE","seed_source_timestamp":2051762398655500,"circlet_count":0,"master_deck":["Strike_R","Strike_R","Strike_R+1","Strike_R","Defend_R+1","Defend_R","Defend_R","Defend_R","Bash+1","Anger","Pommel Strike","Anger","Flex+1","Spot Weakness+1","Iron Wave+1","Demon Form+1","Reaper+1","Anger+1","Inflame+1","Necronomicurse","Heavy Blade+1","Clothesline+1","Perfected Strike","Flex+1","Juggernaut","Whirlwind","Cleave","Second Wind","Dual Wield+1","Clash+1","Fire Breathing+1","Flex","Twin Strike","Spot Weakness+1","Spot Weakness+1","Iron Wave"],"relics":["Burning Blood","Unceasing Top","Sozu","Necronomicon","Champion Belt","MawBank","Ancient Tea Set","Vajra","Oddly Smooth Stone","Coffee Dripper","Anchor","Bag of Preparation","Gambling Chip"],"potions_floor_usage":[16,50,50],"damage_taken":[{"damage":6,"enemies":"Jaw Worm","floor":1,"turns":3},{"damage":2,"enemies":"Small Slimes","floor":3,"turns":3},{"damage":1,"enemies":"2 Louse","floor":4,"turns":3},{"damage":0,"enemies":"2 Fungi Beasts","floor":5,"turns":2},{"damage":6,"enemies":"Exordium Wildlife","floor":8,"turns":3},{"damage":54,"enemies":"The Guardian","floor":16,"turns":10},{"damage":5,"enemies":"3 Byrds","floor":18,"turns":5},{"damage":21,"enemies":"Chosen","floor":19,"turns":5},{"damage":17,"enemies":"Centurion and Healer","floor":21,"turns":5},{"damage":36,"enemies":"Book of Stabbing","floor":24,"turns":4},{"damage":7,"enemies":"3 Cultists","floor":25,"turns":4},{"damage":6,"enemies":"Snecko","floor":31,"turns":3},{"damage":37,"enemies":"Automaton","floor":33,"turns":5},{"damage":0,"enemies":"Flame Bruiser 1 Orb","floor":35,"turns":2},{"damage":9,"enemies":"3 Darklings","floor":37,"turns":4},{"damage":23,"enemies":"4 Shapes","floor":38,"turns":7},{"damage":10,"enemies":"Sphere and 2 Shapes","floor":39,"turns":3},{"damage":0,"enemies":"Transient","floor":41,"turns":5},{"damage":0,"enemies":"Flame Bruiser 2 Orb","floor":46,"turns":3},{"damage":7,"enemies":"2 Orb Walkers","floor":47,"turns":3},{"damage":0,"enemies":"Spire Growth","floor":48,"turns":1},{"damage":48,"enemies":"Donu and Deca","floor":50,"turns":6}],"seed_played":"-5351644713205374115","potions_obtained":[{"floor":3,"key":"PowerPotion"},{"floor":11,"key":"GamblersBrew"},{"floor":16,"key":"Ancient Potion"}],"is_trial":false,"path_per_floor":["M","?","M","M","M","R","?","M","T","R","?","R","?","$","R","B",null,"M","M","?","M","?","R","E","M","T","R","$","T","?","M","R","B",null,"M","?","M","M","M","R","M","R","T","$","?","M","E","M","R","B"],"character_chosen":"IRONCLAD","items_purchased":["Demon Form","Ancient Tea Set","Vajra","Perfected Strike","Bag of Preparation","Fire Breathing","Flex","Twin Strike"],"campfire_rested":0,"item_purchase_floors":[14,28,28,28,44,44,44,44],"current_hp_per_floor":[80,80,80,80,80,80,64,64,64,64,64,64,64,64,64,16,80,80,66,66,67,51,51,32,77,77,77,77,77,77,80,80,49,80,80,80,77,66,62,62,68,68,68,68,68,80,79,80,80,38],"gold":100,"neow_bonus":"THREE_CARDS","is_prod":false,"is_daily":false,"chose_seed":false,"campfire_upgraded":10,"win_rate":0,"timestamp":1532359732,"path_taken":["M","?","M","M","M","R","?","M","T","R","?","R","?","$","R","BOSS","M","M","?","M","?","R","E","M","T","R","$","?","?","M","R","BOSS","M","?","M","M","M","R","M","R","T","$","?","M","E","M","R","BOSS"],"build_version":"2018-07-19v2","purchased_purges":0,"victory":true,"max_hp_per_floor":[80,80,80,80,80,80,80,80,80,80,80,80,80,80,80,80,80,80,80,80,80,80,80,80,80,80,80,80,80,80,80,80,80,80,80,80,80,80,80,80,80,80,80,80,80,80,80,80,80,80],"card_choices":[{"not_picked":["Twin Strike","Carnage"],"picked":"Anger","floor":0},{"not_picked":["Intimidate","Headbutt"],"picked":"Pommel Strike","floor":1},{"not_picked":["Iron Wave","Pummel"],"picked":"Anger","floor":3},{"not_picked":["Clash","Sword Boomerang"],"picked":"Flex","floor":4},{"not_picked":["Thunderclap","Shockwave"],"picked":"Spot Weakness","floor":5},{"not_picked":["Body Slam","Evolve"],"picked":"Iron Wave","floor":8},{"not_picked":["Limit Break","Juggernaut"],"picked":"Reaper","floor":16},{"not_picked":["Entrench+1","Hemokinesis+1"],"picked":"Iron Wave","floor":18},{"not_picked":["Feel No Pain","True Grit"],"picked":"Anger+1","floor":19},{"not_picked":["Burning Pact","Demon Form"],"picked":"Inflame","floor":21},{"not_picked":["Carnage","Thunderclap+1"],"picked":"Heavy Blade","floor":24},{"not_picked":["Sword Boomerang+1","Burning Pact"],"picked":"Clothesline+1","floor":25},{"not_picked":["True Grit","Shockwave+1"],"picked":"Flex+1","floor":31},{"not_picked":["Berserk","Brutality"],"picked":"Juggernaut","floor":33},{"not_picked":["Perfected Strike","Cleave"],"picked":"Whirlwind","floor":35},{"not_picked":["Seeing Red+1","Clothesline"],"picked":"Cleave","floor":37},{"not_picked":["Anger","Headbutt+1"],"picked":"Second Wind","floor":38},{"not_picked":["Iron Wave","Sword Boomerang"],"picked":"Dual Wield+1","floor":39},{"not_picked":["Warcry","Body Slam+1"],"picked":"Clash+1","floor":41},{"not_picked":["Demon Form","Sword Boomerang+1"],"picked":"Spot Weakness+1","floor":46},{"not_picked":["Corruption+1","Thunderclap"],"picked":"Spot Weakness+1","floor":47},{"not_picked":["Infernal Blade","Wild Strike"],"picked":"Iron Wave","floor":48}],"player_experience":184515,"relics_obtained":[{"floor":9,"key":"Unceasing Top"},{"floor":22,"key":"Necronomicon"},{"floor":24,"key":"Champion Belt"},{"floor":26,"key":"MawBank"},{"floor":29,"key":"Oddly Smooth Stone"},{"floor":43,"key":"Anchor"},{"floor":47,"key":"Gambling Chip"}],"event_choices":[{"event_name":"Liars Game","player_choice":"disagreed","floor":2,"damage_taken":0},{"event_name":"Shining Light","player_choice":"Entered Light","floor":7,"damage_taken":0},{"event_name":"The Lab","player_choice":"Got Potions","floor":11,"damage_taken":0},{"event_name":"Golden Wing","player_choice":"Gained Gold","floor":13,"damage_taken":0},{"event_name":"Ghosts","player_choice":"Ignored","floor":20,"damage_taken":0},{"event_name":"Cursed Tome","player_choice":"Obtained Book","floor":22,"damage_taken":0},{"event_name":"Golden Shrine","player_choice":"Pray","floor":30,"damage_taken":0},{"event_name":"Falling","player_choice":"Removed Attack","floor":36,"damage_taken":0},{"event_name":"Bonfire Elementals","player_choice":"BASIC","floor":45,"damage_taken":0}],"is_beta":false,"boss_relics":[{"not_picked":["Eternal Feather","Snecko Eye"],"picked":"Sozu"},{"not_picked":["Tiny House","Calling Bell"],"picked":"Coffee Dripper"}],"items_purged_floors":[],"is_endless":false,"potions_floor_spawned":[3,16,19,21,25,31,33,38,39,47,48],"ascension_level":0}