{"gold_per_floor":[111,111,56,70,90,90,16,47,47,47,47,81,81,125,125,218,218,234,234,234,234,6,6,46,62,141,161,161,186,186,204,204,300,300,320,335,335,356,99,99,99],"floor_reached":41,"playtime":3506,"items_purged":["Strike_G+1"],"score":854,"play_id":"8880d2c7-6e44-4aba-9cc6-8ee4908973c6","local_time":"20190318172212","is_ascension_mode":true,"campfire_choices":[{"data":"Bouncing Flask","floor":6.0,"key":"SMITH"},{"data":"Noxious Fumes","floor":10.0,"key":"SMITH"},{"floor":13.0,"key":"REST"},{"data":"Neutralize","floor":15.0,"key":"SMITH"},{"floor":23.0,"key":"REST"},{"floor":30.0,"key":"REST"},{"data":"Footwork","floor":32.0,"key":"SMITH"},{"floor":40.0,"key":"REST"}],"neow_cost":"TEN_PERCENT_HP_LOSS","seed_source_timestamp":428864637874997,"circlet_count":0,"master_deck":["AscendersBane","Defend_G+1","Defend_G+1","Defend_G+1","Defend_G+1","Strike_G+1","Strike_G+1","Strike_G+1","Survivor","Neutralize+1","Bouncing Flask+1","Calculated Gamble","Slice","Poisoned Stab","Footwork+1","Noxious Fumes+1","Crippling Poison","Malaise","Footwork+1","Deflect","Night Terror","Leg Sweep","Well Laid Plans+1","Dodge and Roll","Master of Strategy"],"special_seed":0,"relics":["Ring of the Snake","GremlinMask","Frozen Egg 2","Shuriken","Golden Idol","Dream Catcher","Pear","Busted Crown","Nilry\u0027s Codex","TwistedFunnel","Molten Egg 2","Sundial","Art of War","Fusion Hammer"],"potions_floor_usage":[41],"damage_taken":[{"damage":3.0,"enemies":"Cultist","floor":1.0,"turns":4.0},{"damage":1.0,"enemies":"Small Slimes","floor":4.0,"turns":5.0},{"damage":0.0,"enemies":"2 Louse","floor":5.0,"turns":2.0},{"damage":26.0,"enemies":"3 Sentries","floor":8.0,"turns":10.0},{"damage":16.0,"enemies":"Lagavulin","floor":12.0,"turns":7.0},{"damage":21.0,"enemies":"Gremlin Nob","floor":14.0,"turns":5.0},{"damage":12.0,"enemies":"The Guardian","floor":16.0,"turns":9.0},{"damage":6.0,"enemies":"Spheric Guardian","floor":18.0,"turns":4.0},{"damage":18.0,"enemies":"Slavers","floor":24.0,"turns":4.0},{"damage":0.0,"enemies":"Chosen","floor":25.0,"turns":5.0},{"damage":6.0,"enemies":"Centurion and Healer","floor":27.0,"turns":7.0},{"damage":0.0,"enemies":"Sentry and Sphere","floor":29.0,"turns":4.0},{"damage":0.0,"enemies":"Chosen and Byrds","floor":31.0,"turns":5.0},{"damage":2.0,"enemies":"Champ","floor":33.0,"turns":15.0},{"damage":15.0,"enemies":"Orb Walker","floor":35.0,"turns":6.0},{"damage":10.0,"enemies":"3 Darklings","floor":36.0,"turns":5.0},{"damage":22.0,"enemies":"Spire Growth","floor":38.0,"turns":6.0},{"damage":39,"enemies":"Reptomancer","floor":41,"turns":2}],"seed_played":"8644897065724241488","potions_obtained":[{"floor":5.0,"key":"GhostInAJar"},{"floor":12.0,"key":"EntropicBrew"},{"floor":16.0,"key":"FairyPotion"},{"floor":18.0,"key":"Poison Potion"},{"floor":25.0,"key":"Strength Potion"},{"floor":29.0,"key":"LiquidBronze"},{"floor":35.0,"key":"Dexterity Potion"}],"is_trial":false,"path_per_floor":["M","?","$","M","M","R","$","E","T","R","?","E","R","E","R","B",null,"M","?","?","?","$","R","E","M","T","M","?","M","R","M","R","B",null,"M","M","?","M","$","R","E"],"character_chosen":"THE_SILENT","items_purchased":["Fire Potion","Noxious Fumes","TwistedFunnel","Master of Strategy"],"campfire_rested":4,"item_purchase_floors":[3,7,22,39],"current_hp_per_floor":[56,56,56,55,55,55,55,29,29,29,29,13,29,18,18,6,50,44,23,23,23,23,42,24,24,24,18,18,18,37,37,37,35,57,42,32,32,10,10,29,0],"gold":99,"neow_bonus":"TRANSFORM_TWO_CARDS","is_prod":false,"is_daily":false,"chose_seed":false,"campfire_upgraded":4,"win_rate":0,"timestamp":1552947732,"path_taken":["M","?","$","M","M","R","?","E","T","R","?","E","R","E","R","BOSS","M","?","?","?","?","R","E","M","T","?","?","M","R","M","R","BOSS","M","M","?","M","$","R","E"],"build_version":"2019-01-23","purchased_purges":1,"victory":false,"max_hp_per_floor":[60,60,60,60,60,60,60,60,60,60,54,54,54,64,64,64,64,64,64,64,64,64,64,64,64,64,64,64,64,64,64,64,64,64,64,64,64,64,64,64,64],"card_choices":[{"not_picked":["Heel Hook","Acrobatics"],"picked":"Slice","floor":1.0},{"not_picked":["Prepared","Dagger Spray"],"picked":"Poisoned Stab","floor":4.0},{"not_picked":["Acrobatics","Masterful Stab"],"picked":"Footwork","floor":5.0},{"not_picked":["Concentrate","Dagger Throw"],"picked":"Crippling Poison","floor":8.0},{"not_picked":["Bane","Blade Dance"],"picked":"Malaise","floor":12.0},{"not_picked":["Dagger Throw","Flying Knee"],"picked":"Footwork+1","floor":13.0},{"not_picked":["Sucker Punch","Dash"],"picked":"Deflect","floor":14.0},{"not_picked":["Glass Knife","Die Die Die"],"picked":"Night Terror","floor":16.0},{"not_picked":["Flying Knee"],"picked":"SKIP","floor":18.0},{"not_picked":[],"picked":"Leg Sweep","floor":24.0},{"not_picked":["Dagger Throw+1"],"picked":"SKIP","floor":25.0},{"not_picked":[],"picked":"Well Laid Plans+1","floor":27.0},{"not_picked":["Sucker Punch+1"],"picked":"SKIP","floor":29.0},{"not_picked":["Riddle With Holes+1"],"picked":"SKIP","floor":31.0},{"not_picked":[],"picked":"Dodge and Roll","floor":35.0},{"not_picked":["Blade Dance"],"picked":"SKIP","floor":36.0},{"not_picked":["Outmaneuver"],"picked":"SKIP","floor":38.0}],"player_experience":830749,"relics_obtained":[{"floor":8.0,"key":"Frozen Egg 2"},{"floor":9.0,"key":"Shuriken"},{"floor":12.0,"key":"Dream Catcher"},{"floor":14.0,"key":"Pear"},{"floor":19.0,"key":"Nilry\u0027s Codex"},{"floor":24.0,"key":"Molten Egg 2"},{"floor":26.0,"key":"Sundial"}],"event_choices":[{"damage_healed":0.0,"max_hp_gain":0.0,"max_hp_loss":0.0,"gold_gain":0.0,"event_name":"FaceTrader","player_choice":"Trade","floor":2.0,"gold_loss":0.0,"damage_taken":0.0,"relics_obtained":["GremlinMask"]},{"damage_healed":0.0,"max_hp_gain":0.0,"max_hp_loss":6.0,"gold_gain":0.0,"event_name":"Golden Idol","player_choice":"Lose Max HP","floor":11.0,"gold_loss":0.0,"damage_taken":0.0,"relics_obtained":["Golden Idol"]},{"damage_healed":0.0,"max_hp_gain":0.0,"max_hp_loss":0.0,"gold_gain":0.0,"event_name":"Cursed Tome","player_choice":"Obtained Book","floor":19.0,"gold_loss":0.0,"damage_taken":21.0},{"damage_healed":0.0,"max_hp_gain":0.0,"max_hp_loss":0.0,"gold_gain":0.0,"event_name":"Back to Basics","player_choice":"Simplicity","floor":20.0,"gold_loss":0.0,"damage_taken":0.0,"cards_upgraded":["Defend_G","Defend_G","Defend_G","Defend_G","Strike_G","Strike_G","Strike_G","Strike_G"]},{"damage_healed":0.0,"max_hp_gain":0.0,"max_hp_loss":0.0,"gold_gain":0.0,"event_name":"Vampires","player_choice":"Ignored","floor":21.0,"gold_loss":0.0,"damage_taken":0.0},{"damage_healed":0.0,"max_hp_gain":0.0,"max_hp_loss":0.0,"gold_gain":0.0,"event_name":"WeMeetAgain","player_choice":"Gave Potion","floor":28.0,"gold_loss":0.0,"damage_taken":0.0,"relics_obtained":["Art of War"]},{"damage_healed":0.0,"max_hp_gain":0.0,"max_hp_loss":0.0,"gold_gain":0.0,"event_name":"Lab","player_choice":"Got Potions","floor":37.0,"gold_loss":0.0,"damage_taken":0.0}],"is_beta":false,"boss_relics":[{"not_picked":["WristBlade","Astrolabe"],"picked":"Busted Crown"},{"not_picked":["Pandora\u0027s Box","Black Star"],"picked":"Fusion Hammer"}],"items_purged_floors":[39],"is_endless":false,"potions_floor_spawned":[5,12,16,18,25,29,35],"killed_by":"Reptomancer","ascension_level":20}