{"gold_per_floor":[114,23,23,38,38,68,68,128,128,158,158,188,203,218,218,318,318,333,333,348,47,62,92,92,122,122,152,152,167,182,212,212,312,312,327,95,95,110,157,187,187,217,292,292,322,322,352,367,367,367],"floor_reached":51,"playtime":6682,"items_purged":[],"score":1269,"play_id":"9c8ff752-60ff-4158-87d1-150bf6e64014","local_time":"20180719052658","daily_mods":["Shiny","Elite Swarm","Terminal"],"is_ascension_mode":false,"campfire_choices":[{"data":"Buffer","floor":7,"key":"SMITH"},{"data":"Amplify","floor":11,"key":"SMITH"},{"data":"Amplify","floor":15,"key":"SMITH"},{"data":"Creative AI","floor":24,"key":"SMITH"},{"data":"Seek","floor":28,"key":"SMITH"},{"data":"Buffer","floor":32,"key":"SMITH"},{"data":"Storm","floor":41,"key":"SMITH"},{"data":"Buffer","floor":44,"key":"SMITH"},{"data":"Hologram","floor":46,"key":"SMITH"},{"data":"Defragment","floor":49,"key":"SMITH"}],"neow_cost":"","seed_source_timestamp":0,"circlet_count":0,"master_deck":["Multi-Cast","Hyperbeam","Thunder Strike","Biased Cognition+1","Machine Learning","Electrodynamics","Buffer+1","Rainbow","Seek+1","Meteor Strike","Echo Form","All For One+1","Reboot","Amplify+1","Creative AI+1","Fission","Core Surge","Auto Shields","Storm+1","Hologram+1","Coolheaded","Meteor Strike","Amplify+1","Electrodynamics","Electrodynamics","Go for the Eyes","Steam","Amplify","BootSequence+1","Gash","Enlightenment","Loop","Beam Cell","Turbo+1","Thunder Strike","Electrodynamics","Seek","Turbo+1","Beam Cell+1","Buffer+1","Buffer+1","Conserve Battery","Defragment+1","Enlightenment","Steam","Meteor Strike","Echo Form","Electrodynamics","Electrodynamics","Defragment","Rebound+1"],"special_seed":17731,"relics":["Cracked Core","Boot","Ice Cream","Tiny Chest","Bottled Lightning","Bottled Tornado","Ancient Tea Set","Cursed Key","Incense Burner","Dead Branch","Symbiotic Virus","Ginger","Black Star","Emotion Chip","Omamori","Orichalcum","Blood Vial","Juzu Bracelet","Toxic Egg 2","Smiling Mask","Molten Egg 2","Turnip","Prayer Wheel"],"potions_floor_usage":[23,23,50,50],"damage_taken":[{"damage":0,"enemies":"2 Louse","floor":1,"turns":2},{"damage":0,"enemies":"Jaw Worm","floor":4,"turns":2},{"damage":3,"enemies":"3 Sentries","floor":6,"turns":4},{"damage":0,"enemies":"Gremlin Nob","floor":8,"turns":3},{"damage":0,"enemies":"Lagavulin","floor":10,"turns":5},{"damage":0,"enemies":"3 Sentries","floor":12,"turns":4},{"damage":0,"enemies":"Cultist","floor":13,"turns":3},{"damage":0,"enemies":"2 Fungi Beasts","floor":14,"turns":3},{"damage":4,"enemies":"The Guardian","floor":16,"turns":10},{"damage":0,"enemies":"2 Thieves","floor":18,"turns":3},{"damage":0,"enemies":"Shell Parasite","floor":20,"turns":5},{"damage":0,"enemies":"Snecko","floor":22,"turns":4},{"damage":0,"enemies":"Slavers","floor":23,"turns":3},{"damage":0,"enemies":"Gremlin Leader","floor":25,"turns":4},{"damage":0,"enemies":"Slavers","floor":27,"turns":3},{"damage":0,"enemies":"Centurion and Healer","floor":29,"turns":2},{"damage":0,"enemies":"Sentry and Sphere","floor":30,"turns":3},{"damage":0,"enemies":"Gremlin Leader","floor":31,"turns":4},{"damage":0,"enemies":"Collector","floor":33,"turns":5},{"damage":0,"enemies":"Flame Bruiser 1 Orb","floor":35,"turns":4},{"damage":0,"enemies":"3 Shapes","floor":38,"turns":3},{"damage":0,"floor":39,"turns":3},{"damage":0,"enemies":"Nemesis","floor":40,"turns":5},{"damage":0,"enemies":"Giant Head","floor":42,"turns":4},{"damage":0,"enemies":"2 Orb Walkers","floor":45,"turns":2},{"damage":0,"enemies":"Giant Head","floor":47,"turns":3},{"damage":0,"enemies":"3 Darklings","floor":48,"turns":3},{"damage":0,"enemies":"Time Eater","floor":50,"turns":6}],"seed_played":"-3692985004623791933","potions_obtained":[{"floor":1,"key":"Regen Potion"},{"floor":8,"key":"Weak Potion"},{"floor":12,"key":"EssenceOfSteel"},{"floor":14,"key":"FocusPotion"},{"floor":27,"key":"Block Potion"},{"floor":31,"key":"FocusPotion"}],"is_trial":false,"path_per_floor":["M","$","?","M","?","E","R","E","T","E","R","E","M","M","R","B",null,"M","?","M","$","M","E","R","E","T","E","R","M","M","E","R","B",null,"M","$","T","M","?","E","R","E","T","R","E","R","E","M","R","B"],"character_chosen":"DEFECT","items_purchased":["Storm","Hologram","Enlightenment","Loop","Beam Cell","Defragment","Enlightenment"],"campfire_rested":0,"item_purchase_floors":[2,2,21,21,21,36,36],"current_hp_per_floor":[73,72,58,58,55,52,52,52,52,52,52,52,52,52,52,48,57,56,47,47,47,47,47,47,47,47,47,47,47,47,47,47,46,45,44,43,42,41,40,39,38,37,36,35,34,33,32,31,30,29],"gold":367,"neow_bonus":"","is_prod":false,"is_daily":true,"chose_seed":false,"campfire_upgraded":10,"win_rate":0,"timestamp":1531974418,"path_taken":["M","$","?","?","?","E","R","E","T","E","R","E","M","M","R","BOSS","M","?","M","$","M","E","R","E","T","E","R","M","M","E","R","BOSS","M","$","?","?","?","E","R","E","T","R","E","R","E","M","R","BOSS"],"build_version":"2018-07-12","purchased_purges":0,"victory":true,"max_hp_per_floor":[73,72,71,70,69,68,67,66,65,64,63,62,61,60,59,58,57,56,60,59,58,57,56,55,54,53,52,51,50,49,48,47,46,45,44,43,42,41,40,39,38,37,36,35,34,33,32,31,30,29],"card_choices":[{"not_picked":["Glacier","Streamline"],"picked":"Auto Shields","floor":1},{"not_picked":["Cold Snap","Doom and Gloom"],"picked":"Coolheaded","floor":4},{"not_picked":["Echo Form","Core Surge"],"picked":"Meteor Strike","floor":6},{"not_picked":["Buffer","All For One"],"picked":"Amplify","floor":8},{"not_picked":["Fission","Echo Form"],"picked":"Electrodynamics","floor":10},{"not_picked":["All For One","Fission"],"picked":"Electrodynamics","floor":12},{"not_picked":["Rebound","Sunder"],"picked":"Go for the Eyes","floor":13},{"not_picked":["Ball Lightning","Hologram"],"picked":"Steam","floor":14},{"not_picked":["Echo Form","Hyperbeam"],"picked":"Amplify","floor":16},{"not_picked":["Leap","Sweeping Beam"],"picked":"BootSequence+1","floor":18},{"not_picked":["Glacier","Recycle"],"picked":"Gash","floor":20},{"not_picked":["Stack","Gash"],"picked":"Turbo+1","floor":22},{"not_picked":["Machine Learning","Core Surge"],"picked":"Thunder Strike","floor":23},{"not_picked":["Thunder Strike","All For One"],"picked":"Electrodynamics","floor":25},{"not_picked":["Amplify","Fission"],"picked":"Seek","floor":27},{"not_picked":["Stack","Barrage+1"],"picked":"Turbo+1","floor":29},{"not_picked":["Auto Shields","Redo"],"picked":"Beam Cell+1","floor":30},{"not_picked":["Amplify","Reboot"],"picked":"Buffer","floor":31},{"not_picked":["Echo Form","Biased Cognition"],"picked":"Buffer","floor":33},{"not_picked":["Streamline","Melter+1"],"picked":"Conserve Battery","floor":35},{"not_picked":["Auto Shields+1","Gash","Cold Snap+1"],"picked":"SKIP","floor":38},{"not_picked":["Ball Lightning","Go for the Eyes+1"],"picked":"Steam","floor":39},{"not_picked":["Seek","All For One"],"picked":"Meteor Strike","floor":40},{"not_picked":["Core Surge","Hyperbeam"],"picked":"Echo Form","floor":42},{"not_picked":["Thunder Strike","Biased Cognition"],"picked":"Electrodynamics","floor":45},{"not_picked":["Machine Learning","Hyperbeam+1"],"picked":"Electrodynamics","floor":47},{"not_picked":["Rip and Tear+1","Hologram+1"],"picked":"Defragment","floor":48},{"not_picked":["Streamline+1","Sweeping Beam+1"],"picked":"Rebound+1","floor":48}],"player_experience":97010,"relics_obtained":[{"floor":6,"key":"Ice Cream"},{"floor":8,"key":"Tiny Chest"},{"floor":9,"key":"Bottled Lightning"},{"floor":10,"key":"Bottled Tornado"},{"floor":12,"key":"Ancient Tea Set"},{"floor":23,"key":"Incense Burner"},{"floor":25,"key":"Dead Branch"},{"floor":27,"key":"Symbiotic Virus"},{"floor":31,"key":"Ginger"},{"floor":39,"key":"Emotion Chip"},{"floor":40,"key":"Omamori"},{"floor":40,"key":"Orichalcum"},{"floor":42,"key":"Blood Vial"},{"floor":42,"key":"Juzu Bracelet"},{"floor":43,"key":"Toxic Egg 2"},{"floor":45,"key":"Smiling Mask"},{"floor":45,"key":"Molten Egg 2"},{"floor":47,"key":"Turnip"},{"floor":47,"key":"Prayer Wheel"}],"event_choices":[{"event_name":"Shining Light","player_choice":"Entered Light","floor":3,"damage_taken":0},{"event_name":"Scrap Ooze","player_choice":"success","floor":5,"damage_taken":3},{"event_name":"Forgotten Altar","player_choice":"Shed Blood","floor":19,"damage_taken":0},{"event_name":"Mysterious Sphere","player_choice":"Fight","floor":39,"damage_taken":0}],"boss_relics":[{"not_picked":["Philosopher\u0027s Stone","Snecko Eye"],"picked":"Cursed Key"},{"not_picked":["Fusion Hammer","Nuclear Battery"],"picked":"Black Star"}],"items_purged_floors":[],"is_endless":false,"potions_floor_spawned":[1,8,12,13,14,22,27,31,33,35,39,45,47],"ascension_level":0}