{"gold_per_floor":[117,117,137,137,62,62,92,92,92,112,126,155,120,134,134,232,232,245,211,230,39,39,39,39,39,39,49,49,75,94,114,114,219,219,237,22,1021,1021,1031,1031],"floor_reached":40,"playtime":2707,"items_purged":["Regret","Writhe"],"score":464,"play_id":"2380c2ff-ff75-4478-bc06-c244b9af33d3","local_time":"20190328215448","is_ascension_mode":false,"campfire_choices":[{"floor":6,"key":"REST"},{"floor":8,"key":"REST"},{"data":"Cloak And Dagger","floor":15,"key":"SMITH"},{"data":"Noxious Fumes","floor":23,"key":"SMITH"},{"data":"Neutralize","floor":25,"key":"SMITH"},{"floor":32,"key":"REST"}],"neow_cost":"PERCENT_DAMAGE","seed_source_timestamp":334251513330567,"circlet_count":0,"master_deck":["Defend_G","Defend_G","Defend_G","Defend_G+1","Strike_G","Strike_G","Strike_G","Strike_G+1","Strike_G","Survivor","Neutralize+1","Cloak And Dagger+1","Dash","Tactician","A Thousand Cuts","Noxious Fumes+1","Predator+1","Die Die Die","Writhe","Injury","Footwork","Normality","Normality"],"relics":["Ring of the Snake","Mango","Pocketwatch","Shuriken","Letter Opener","Bottled Lightning","Busted Crown","Membership Card","Kunai","Calling Bell","Boot","Singing Bowl","Ice Cream","FossilizedHelix"],"potions_floor_usage":[11,12,12,16,22,24,24,30,33,35,39],"damage_taken":[{"damage":0,"enemies":"2 Louse","floor":1,"turns":4},{"damage":7,"enemies":"Jaw Worm","floor":3,"turns":4},{"damage":32,"enemies":"3 Sentries","floor":7,"turns":14},{"damage":0,"enemies":"Cultist","floor":10,"turns":3},{"damage":0,"enemies":"Gremlin Gang","floor":11,"turns":3},{"damage":17,"enemies":"Gremlin Nob","floor":12,"turns":4},{"damage":0,"enemies":"3 Louse","floor":14,"turns":4},{"damage":56,"enemies":"Hexaghost","floor":16,"turns":11},{"damage":16,"enemies":"Chosen","floor":18,"turns":6},{"damage":6,"enemies":"Spheric Guardian","floor":20,"turns":4},{"damage":1,"enemies":"Slavers","floor":24,"turns":2},{"damage":0,"enemies":"Snecko","floor":27,"turns":6},{"damage":0,"enemies":"Snake Plant","floor":30,"turns":5},{"damage":1,"enemies":"Centurion and Healer","floor":31,"turns":5},{"damage":30,"enemies":"Automaton","floor":33,"turns":12},{"damage":5,"enemies":"3 Shapes","floor":35,"turns":6},{"damage":5,"enemies":"Orb Walker","floor":39,"turns":5},{"damage":105,"enemies":"Giant Head","floor":40,"turns":11}],"seed_played":"4928038256426030660","potions_obtained":[{"floor":7,"key":"AttackPotion"},{"floor":10,"key":"SteroidPotion"},{"floor":11,"key":"EssenceOfSteel"},{"floor":12,"key":"Poison Potion"},{"floor":22,"key":"Fruit Juice"},{"floor":22,"key":"Explosive Potion"},{"floor":22,"key":"SmokeBomb"},{"floor":27,"key":"SpeedPotion"},{"floor":30,"key":"Dexterity Potion"},{"floor":31,"key":"Fire Potion"},{"floor":33,"key":"FearPotion"}],"is_trial":false,"path_per_floor":["M","?","M","?","$","R","E","R","T","M","M","E","?","M","R","B",null,"M","$","M","$","?","R","E","R","T","M","$","T","M","M","R","B",null,"M","$","?","?","M","E"],"character_chosen":"THE_SILENT","items_purchased":["Noxious Fumes","Membership Card","Footwork","FossilizedHelix"],"campfire_rested":3,"item_purchase_floors":[19,21,36,36],"current_hp_per_floor":[63,63,56,39,39,64,32,57,57,57,57,40,61,61,61,5,84,68,68,62,62,67,67,66,66,66,66,66,66,66,65,89,59,89,86,86,86,86,83,0],"gold":1031,"neow_bonus":"ONE_RARE_RELIC","is_prod":false,"is_daily":false,"chose_seed":false,"campfire_upgraded":3,"win_rate":0,"timestamp":1553819088,"path_taken":["M","?","M","?","$","R","E","R","T","?","M","E","?","M","R","BOSS","M","$","M","$","?","R","E","R","T","M","$","?","?","M","R","BOSS","M","$","?","?","M","E"],"build_version":"2019-03-15","purchased_purges":2,"victory":false,"max_hp_per_floor":[84,84,84,84,84,84,84,84,84,84,84,84,84,84,84,84,84,84,84,84,84,89,89,89,89,89,89,89,89,89,89,89,89,89,91,91,91,91,93,93],"card_choices":[{"not_picked":["Underhanded Strike","Prepared","Deadly Poison"],"picked":"SKIP","floor":1},{"not_picked":["Slice","Deadly Poison"],"picked":"Cloak And Dagger","floor":3},{"not_picked":["PiercingWail","Quick Slash","Deadly Poison"],"picked":"SKIP","floor":7},{"not_picked":["Prepared","Cloak And Dagger"],"picked":"Dash","floor":10},{"not_picked":["Endless Agony","Storm of Steel","Cloak And Dagger"],"picked":"SKIP","floor":11},{"not_picked":["Sucker Punch","Endless Agony","Quick Slash"],"picked":"SKIP","floor":12},{"not_picked":["Underhanded Strike","Accuracy"],"picked":"Tactician","floor":14},{"not_picked":["Wraith Form v2","Unload"],"picked":"A Thousand Cuts","floor":16},{"not_picked":["Calculated Gamble"],"picked":"SKIP","floor":18},{"not_picked":[],"picked":"Predator+1","floor":20},{"not_picked":["Dagger Throw"],"picked":"SKIP","floor":27},{"not_picked":["Blade Dance"],"picked":"SKIP","floor":30},{"not_picked":["Outmaneuver"],"picked":"SKIP","floor":31},{"not_picked":[],"picked":"Die Die Die","floor":33},{"not_picked":["Deflect+1"],"picked":"Singing Bowl","floor":35},{"not_picked":["Cloak And Dagger+1"],"picked":"Singing Bowl","floor":39}],"player_experience":796672,"relics_obtained":[{"floor":7,"key":"Shuriken"},{"floor":9,"key":"Letter Opener"},{"floor":12,"key":"Bottled Lightning"},{"floor":26,"key":"Kunai"},{"floor":34,"key":"Boot"},{"floor":34,"key":"Singing Bowl"},{"floor":34,"key":"Ice Cream"}],"event_choices":[{"damage_healed":0,"gold_gain":0,"player_choice":"Box","damage_taken":0,"relics_obtained":["Pocketwatch"],"max_hp_gain":0,"max_hp_loss":0,"event_name":"Big Fish","floor":2,"gold_loss":0,"cards_obtained":["Regret"]},{"damage_healed":0,"gold_gain":0,"player_choice":"Entered Light","damage_taken":17,"max_hp_gain":0,"max_hp_loss":0,"event_name":"Shining Light","floor":4,"gold_loss":0,"cards_upgraded":["Strike_G","Defend_G"]},{"damage_healed":21,"gold_gain":0,"player_choice":"Healed","damage_taken":0,"max_hp_gain":0,"max_hp_loss":0,"event_name":"The Cleric","floor":13,"gold_loss":35},{"damage_healed":0,"gold_gain":0,"player_choice":"Got Potions","damage_taken":0,"max_hp_gain":0,"max_hp_loss":0,"event_name":"Lab","floor":22,"gold_loss":0},{"damage_healed":0,"gold_gain":999,"player_choice":"Gold","damage_taken":0,"max_hp_gain":0,"max_hp_loss":0,"event_name":"MindBloom","floor":37,"gold_loss":0,"cards_obtained":["Normality","Normality"]},{"cards_removed":["Defend_G"],"damage_healed":0,"gold_gain":0,"player_choice":"Removed Skill","damage_taken":0,"max_hp_gain":0,"max_hp_loss":0,"event_name":"Falling","floor":38,"gold_loss":0}],"is_beta":true,"boss_relics":[{"not_picked":["Empty Cage","Ring of the Serpent"],"picked":"Busted Crown"},{"not_picked":["Lizard Tail","Sozu"],"picked":"Calling Bell"}],"items_purged_floors":[5,36],"is_endless":false,"potions_floor_spawned":[7,10,11,12,27,30,31,33],"killed_by":"Giant Head","ascension_level":0}