{"gold_per_floor":[116,131,145,145,204,236,236,91,114,143,143,172,447,460,460,562,562,573,252,267,10,30,30,47,60,112,112,128,128,128,143,143,238,238,248,262,272,15,31,31,51,51,76,76,76,96,107,0,0,0],"floor_reached":50,"playtime":1912,"items_purged":["Regret"],"score":481,"play_id":"c88cb2d3-0fd6-4448-bcb5-4e8277f9a64d","local_time":"20190303224055","is_ascension_mode":false,"campfire_choices":[{"data":"Infernal Blade","floor":7,"key":"SMITH"},{"data":"Uppercut","floor":11,"key":"SMITH"},{"floor":15,"key":"REST"},{"floor":23,"key":"RECALL"},{"floor":32,"key":"REST"},{"floor":40,"key":"REST"},{"floor":49,"key":"REST"}],"neow_cost":"NONE","seed_source_timestamp":94369725164374,"circlet_count":0,"master_deck":["Strike_R","Strike_R+1","Strike_R","Strike_R","Strike_R+1","Defend_R","Defend_R","Defend_R","Defend_R","Bash","Uppercut+1","Dropkick","Infernal Blade+1","Impervious","Whirlwind","Shrug It Off","Burning Pact","Double Tap","Exhume","RitualDagger","Heavy Blade+1","Impervious"],"relics":["Burning Blood","Strawberry","Centennial Puzzle","Bronze Scales","Ancient Tea Set","Self Forming Clay","Odd Mushroom","Busted Crown","Gremlin Horn","Shuriken","Eternal Feather","Kunai","Bag of Marbles","Red Mask"],"potions_floor_usage":[6,6,10,22,24,28,36,39,39,41,46],"damage_taken":[{"damage":8,"enemies":"Small Slimes","floor":1,"turns":4},{"damage":3,"enemies":"Jaw Worm","floor":2,"turns":3},{"damage":5,"enemies":"2 Louse","floor":3,"turns":3},{"damage":0,"enemies":"Gremlin Nob","floor":6,"turns":3},{"damage":23,"enemies":"3 Sentries","floor":10,"turns":7},{"damage":2,"enemies":"The Mushroom Lair","floor":12,"turns":3},{"damage":4,"enemies":"Large Slime","floor":14,"turns":6},{"damage":46,"enemies":"Slime Boss","floor":16,"turns":13},{"damage":4,"enemies":"3 Byrds","floor":18,"turns":4},{"damage":2,"enemies":"Shell Parasite","floor":20,"turns":3},{"damage":7,"enemies":"Centurion and Healer","floor":22,"turns":3},{"damage":16,"enemies":"Snake Plant","floor":24,"turns":3},{"damage":5,"enemies":"Snecko","floor":25,"turns":3},{"damage":1,"enemies":"Cultist and Chosen","floor":28,"turns":4},{"damage":8,"enemies":"Snake Plant","floor":31,"turns":3},{"damage":51,"enemies":"Champ","floor":33,"turns":11},{"damage":8,"enemies":"Orb Walker","floor":35,"turns":3},{"damage":29,"enemies":"3 Shapes","floor":36,"turns":5},{"damage":7,"enemies":"3 Darklings","floor":37,"turns":3},{"damage":21,"enemies":"4 Shapes","floor":39,"turns":6},{"damage":21,"enemies":"Jaw Worm Horde","floor":41,"turns":5},{"damage":14,"enemies":"Maw","floor":46,"turns":6},{"damage":38,"enemies":"3 Darklings","floor":47,"turns":4},{"damage":82,"enemies":"Time Eater","floor":50,"turns":10}],"seed_played":"4421826699629889526","potions_obtained":[{"floor":2,"key":"Fire Potion"},{"floor":3,"key":"Block Potion"},{"floor":6,"key":"Weak Potion"},{"floor":20,"key":"Explosive Potion"},{"floor":22,"key":"SkillPotion"},{"floor":24,"key":"Fire Potion"},{"floor":33,"key":"Regen Potion"},{"floor":36,"key":"SpeedPotion"},{"floor":37,"key":"LiquidBronze"},{"floor":39,"key":"SpeedPotion"},{"floor":41,"key":"Weak Potion"}],"is_trial":false,"path_per_floor":["M","M","M","?","?","E","R","$","T","E","R","?","?","M","R","B",null,"M","$","M","$","M","R","M","M","T","$","M","?","?","M","R","B",null,"M","M","M","$","M","R","M","$","T","?","$","M","M","?","R","B"],"character_chosen":"IRONCLAD","items_purchased":["Bronze Scales","Gremlin Horn","Shuriken","Kunai"],"campfire_rested":4,"item_purchase_floors":[8,19,21,38],"current_hp_per_floor":[85,87,87,70,70,76,76,76,76,59,59,63,63,65,87,47,87,87,87,87,87,86,86,76,77,77,77,82,76,76,74,87,42,87,85,76,75,75,60,87,72,72,72,72,72,64,32,32,70,0],"gold":0,"neow_bonus":"RANDOM_COMMON_RELIC","is_prod":false,"is_daily":false,"chose_seed":false,"campfire_upgraded":2,"win_rate":0,"timestamp":1551665455,"path_taken":["M","M","M","?","?","E","R","?","T","E","R","?","?","M","R","BOSS","M","$","M","?","?","R","M","M","T","$","M","?","?","M","R","BOSS","M","M","M","$","M","R","M","$","T","?","$","M","?","?","R","BOSS"],"build_version":"2019-02-06","purchased_purges":1,"victory":false,"max_hp_per_floor":[87,87,87,87,87,87,87,87,87,87,87,87,87,87,87,87,87,87,87,87,87,87,87,87,87,87,87,87,87,87,87,87,87,87,87,87,87,87,87,87,87,87,87,87,87,87,87,87,87,87],"card_choices":[{"not_picked":["True Grit","Burning Pact"],"picked":"Uppercut","floor":1},{"not_picked":["Hemokinesis","Sword Boomerang"],"picked":"Dropkick","floor":2},{"not_picked":["Ghostly Armor","Body Slam"],"picked":"Infernal Blade","floor":3},{"not_picked":["Inflame","Blood for Blood"],"picked":"Impervious","floor":6},{"not_picked":["Headbutt","Carnage"],"picked":"Whirlwind","floor":10},{"not_picked":["Fire Breathing","Rage"],"picked":"Shrug It Off","floor":12},{"not_picked":["Anger","Infernal Blade"],"picked":"Burning Pact","floor":14},{"not_picked":["Offering","Fiend Fire"],"picked":"Double Tap","floor":16},{"not_picked":["Warcry"],"picked":"SKIP","floor":18},{"not_picked":["Perfected Strike"],"picked":"SKIP","floor":20},{"not_picked":["Clothesline"],"picked":"SKIP","floor":22},{"not_picked":["Flex"],"picked":"SKIP","floor":24},{"not_picked":["Havoc+1"],"picked":"SKIP","floor":25},{"not_picked":[],"picked":"Exhume","floor":28},{"not_picked":["Havoc"],"picked":"SKIP","floor":31},{"not_picked":["Anger+1"],"picked":"SKIP","floor":35},{"not_picked":["Intimidate"],"picked":"SKIP","floor":36},{"not_picked":[],"picked":"Heavy Blade+1","floor":37},{"not_picked":["Wild Strike+1"],"picked":"SKIP","floor":39},{"not_picked":["Clothesline"],"picked":"SKIP","floor":41},{"not_picked":["Wild Strike"],"picked":"SKIP","floor":46},{"not_picked":["Body Slam"],"picked":"SKIP","floor":47}],"player_experience":687077,"relics_obtained":[{"floor":6,"key":"Centennial Puzzle"},{"floor":9,"key":"Ancient Tea Set"},{"floor":10,"key":"Self Forming Clay"},{"floor":12,"key":"Odd Mushroom"},{"floor":43,"key":"Bag of Marbles"}],"event_choices":[{"damage_healed":0,"gold_gain":0,"player_choice":"Entered Light","damage_taken":17,"max_hp_gain":0,"max_hp_loss":0,"event_name":"Shining Light","floor":4,"gold_loss":0,"cards_upgraded":["Strike_R","Strike_R"]},{"damage_healed":0,"gold_gain":59,"player_choice":"Gained Gold","damage_taken":0,"max_hp_gain":0,"max_hp_loss":0,"event_name":"Golden Wing","floor":5,"gold_loss":0},{"damage_healed":0,"gold_gain":0,"player_choice":"Fought Mushrooms","damage_taken":0,"max_hp_gain":0,"max_hp_loss":0,"event_name":"Mushrooms","floor":12,"gold_loss":0},{"damage_healed":0,"gold_gain":275,"player_choice":"Desecrate","damage_taken":0,"max_hp_gain":0,"max_hp_loss":0,"event_name":"Golden Shrine","floor":13,"gold_loss":0,"cards_obtained":["Regret"]},{"damage_healed":0,"gold_gain":0,"player_choice":"Joined the Cult","damage_taken":6,"max_hp_gain":0,"max_hp_loss":0,"event_name":"Nest","floor":29,"gold_loss":0,"cards_obtained":["RitualDagger"]},{"damage_healed":0,"gold_gain":0,"player_choice":"Ignored","damage_taken":0,"max_hp_gain":0,"max_hp_loss":0,"event_name":"Ghosts","floor":30,"gold_loss":0},{"damage_healed":0,"gold_gain":0,"player_choice":"Copied","damage_taken":0,"max_hp_gain":0,"max_hp_loss":0,"event_name":"Duplicator","floor":44,"gold_loss":0,"cards_obtained":["Impervious"]},{"damage_healed":0,"gold_gain":0,"player_choice":"Paid","damage_taken":0,"relics_obtained":["Red Mask"],"max_hp_gain":0,"max_hp_loss":0,"event_name":"Tomb of Lord Red Mask","floor":48,"gold_loss":107}],"is_beta":true,"boss_relics":[{"not_picked":["Empty Cage","Cursed Key"],"picked":"Busted Crown"},{"not_picked":["Runic Dome","Astrolabe"],"picked":"Eternal Feather"}],"items_purged_floors":[19],"is_endless":false,"potions_floor_spawned":[2,3,6,20,22,24,33,36,37,39,41],"killed_by":"Time Eater","ascension_level":0}