{"gold_per_floor":[116,127,127,46,60,91,91,124,147,160,160,72,72,103,103,177,177,196,215,55,55,55,88,88],"floor_reached":24,"playtime":1755,"items_purged":["Strike_B"],"score":564,"play_id":"3c4044d1-ea9f-4033-bfa1-79f5325b0cb4","local_time":"20190322214944","is_ascension_mode":true,"campfire_choices":[{"floor":7.0,"key":"REST"},{"data":"Zap","floor":11.0,"key":"SMITH"},{"data":"Glacier","floor":13.0,"key":"SMITH"},{"data":"Creative AI","floor":15.0,"key":"SMITH"}],"neow_cost":"NONE","seed_source_timestamp":792948085615701,"circlet_count":0,"master_deck":["AscendersBane","Strike_B","Strike_B","Defend_B","Defend_B","Defend_B","Defend_B","Zap+1","Dualcast","Creative AI+1","Conserve Battery","Rip and Tear","Ball Lightning","Go for the Eyes","Conserve Battery","FTL","Glacier+1","Capacitor","Compile Driver","Electrodynamics","Stack","Stack+1","Defragment","Core Surge"],"special_seed":0,"relics":["Cracked Core","Bronze Scales","Juzu Bracelet","Anchor","Bag of Marbles","Velvet Choker","DataDisk"],"potions_floor_usage":[23],"damage_taken":[{"damage":2.0,"enemies":"2 Louse","floor":1.0,"turns":3.0},{"damage":6.0,"enemies":"Cultist","floor":2.0,"turns":4.0},{"damage":12.0,"enemies":"Jaw Worm","floor":5.0,"turns":2.0},{"damage":18.0,"enemies":"3 Sentries","floor":6.0,"turns":6.0},{"damage":8.0,"enemies":"Gremlin Nob","floor":8.0,"turns":3.0},{"damage":0.0,"enemies":"Looter","floor":10.0,"turns":3.0},{"damage":4.0,"enemies":"3 Sentries","floor":14.0,"turns":9.0},{"damage":0.0,"enemies":"Hexaghost","floor":16.0,"turns":9.0},{"damage":0.0,"enemies":"3 Byrds","floor":18.0,"turns":3.0},{"damage":10.0,"enemies":"Spheric Guardian","floor":19.0,"turns":4.0},{"damage":31,"enemies":"Book of Stabbing","floor":23,"turns":5},{"damage":5,"enemies":"Snecko","floor":24,"turns":3}],"seed_played":"5029093461662534565","potions_obtained":[{"floor":5.0,"key":"Explosive Potion"},{"floor":10.0,"key":"Dexterity Potion"},{"floor":16.0,"key":"Strength Potion"},{"floor":19.0,"key":"Poison Potion"}],"is_trial":false,"path_per_floor":["M","M","?","$","M","E","R","E","T","M","R","$","R","E","R","B",null,"M","M","$","?","?","E","M"],"character_chosen":"DEFECT","items_purchased":["Ball Lightning","Strength Potion","Capacitor","Defragment"],"campfire_rested":1,"item_purchase_floors":[4,4,12,20],"current_hp_per_floor":[62,56,56,56,44,26,47,39,39,39,39,39,39,35,35,35,62,62,52,52,32,32,1,0],"gold":88,"neow_bonus":"ONE_RANDOM_RARE_CARD","is_prod":false,"is_daily":false,"chose_seed":false,"campfire_upgraded":3,"win_rate":0,"timestamp":1553309384,"path_taken":["M","M","?","$","M","E","R","E","T","M","R","$","R","E","R","BOSS","M","M","$","?","?","E","M"],"build_version":"2019-01-23","purchased_purges":1,"victory":false,"max_hp_per_floor":[71,71,71,71,71,71,71,71,71,71,71,71,71,71,71,71,71,71,71,71,76,76,76,76],"card_choices":[{"not_picked":["Turbo","Tempest"],"picked":"Conserve Battery","floor":1.0},{"not_picked":["Melter","Cold Snap"],"picked":"Rip and Tear","floor":2.0},{"not_picked":["Redo","Steam Power"],"picked":"Go for the Eyes","floor":5.0},{"not_picked":["Turbo","Steam Power"],"picked":"Conserve Battery","floor":6.0},{"not_picked":["Auto Shields","Sweeping Beam"],"picked":"FTL","floor":8.0},{"not_picked":["Leap","Coolheaded"],"picked":"Glacier","floor":10.0},{"not_picked":["Gash","Melter"],"picked":"Compile Driver","floor":14.0},{"not_picked":["Biased Cognition","Echo Form"],"picked":"Electrodynamics","floor":16.0},{"not_picked":["Barrage","Turbo"],"picked":"Stack","floor":18.0},{"not_picked":["Rip and Tear","Rebound"],"picked":"Stack+1","floor":19.0},{"not_picked":["Rebound","Beam Cell"],"picked":"Core Surge","floor":23}],"player_experience":898970,"relics_obtained":[{"floor":6.0,"key":"Bronze Scales"},{"floor":8.0,"key":"Juzu Bracelet"},{"floor":9.0,"key":"Anchor"},{"floor":14.0,"key":"Bag of Marbles"},{"floor":23,"key":"DataDisk"}],"event_choices":[{"cards_removed":["Strike_B"],"damage_healed":0.0,"max_hp_gain":0.0,"max_hp_loss":0.0,"gold_gain":0.0,"event_name":"Purifier","player_choice":"Purged","floor":3.0,"gold_loss":0.0,"damage_taken":0.0},{"damage_healed":0.0,"max_hp_gain":5.0,"max_hp_loss":0.0,"gold_gain":0.0,"event_name":"Forgotten Altar","player_choice":"Shed Blood","floor":21.0,"gold_loss":0.0,"damage_taken":25.0},{"damage_healed":0.0,"max_hp_gain":0.0,"max_hp_loss":0.0,"gold_gain":0.0,"event_name":"Ghosts","player_choice":"Ignored","floor":22.0,"gold_loss":0.0,"damage_taken":0.0}],"is_beta":false,"boss_relics":[{"not_picked":["Fusion Hammer","Philosopher\u0027s Stone"],"picked":"Velvet Choker"}],"items_purged_floors":[20],"is_endless":false,"potions_floor_spawned":[5,10,16,19],"killed_by":"Snecko","ascension_level":20}