{"gold_per_floor":[362,372,372,389,404,463,480,493,516,534,137,161,72,83,83,184,184,202,229,229,33,33,33,33,52,52,63,83,100,60,60,60,60],"floor_reached":33,"playtime":1588,"items_purged":[],"score":253,"play_id":"7084c7bd-7a1f-460f-9b47-3c1a3eaf624b","local_time":"20190225011928","is_ascension_mode":false,"campfire_choices":[{"floor":15,"key":"REST"},{"data":"Double Energy","floor":24,"key":"SMITH"},{"floor":32,"key":"REST"}],"neow_cost":"CURSE","seed_source_timestamp":957184415132820,"circlet_count":0,"master_deck":["Strike_B","Strike_B","Strike_B","Strike_B","Defend_B","Defend_B","Defend_B","Defend_B","Zap","Dualcast","Scrape","Double Energy+1","Rip and Tear","Stack","Beam Cell","Lockon","Auto Shields","Electrodynamics","Good Instincts","Melter+1","Fission+1","Static Discharge+1","Reprogram","Blind","Hello World+1"],"relics":["Cracked Core","Tiny Chest","Regal Pillow","Kunai","Strawberry","Red Mask","Lee\u0027s Waffle","FossilizedHelix"],"potions_floor_usage":[2,6,8,16,19,28,31],"damage_taken":[{"damage":1,"enemies":"Cultist","floor":1,"turns":3},{"damage":0,"enemies":"2 Louse","floor":2,"turns":2},{"damage":3,"enemies":"Jaw Worm","floor":4,"turns":4},{"damage":14,"enemies":"3 Louse","floor":5,"turns":2},{"damage":19,"enemies":"3 Sentries","floor":6,"turns":6},{"damage":2,"enemies":"Looter","floor":7,"turns":3},{"damage":1,"enemies":"Gremlin Gang","floor":8,"turns":3},{"damage":13,"enemies":"Lots of Slimes","floor":10,"turns":4},{"damage":5,"enemies":"Looter","floor":14,"turns":3},{"damage":40,"enemies":"The Guardian","floor":16,"turns":12},{"damage":16,"enemies":"3 Byrds","floor":18,"turns":3},{"damage":47,"enemies":"Masked Bandits","floor":19,"turns":3},{"damage":14,"enemies":"Shell Parasite","floor":25,"turns":4},{"damage":24,"enemies":"Cultist and Chosen","floor":27,"turns":5},{"damage":4,"enemies":"Snecko","floor":28,"turns":5},{"damage":10,"enemies":"Snake Plant","floor":29,"turns":3},{"damage":0,"enemies":"Chosen and Byrds","floor":31,"turns":1},{"damage":81,"enemies":"Champ","floor":33,"turns":13}],"seed_played":"8581050879051282405","potions_obtained":[{"floor":1,"key":"SkillPotion"},{"floor":5,"key":"Fire Potion"},{"floor":7,"key":"Fire Potion"},{"floor":14,"key":"Regen Potion"},{"floor":16,"key":"Dexterity Potion"},{"floor":27,"key":"AttackPotion"},{"floor":29,"key":"SmokeBomb"}],"is_trial":false,"path_per_floor":["M","M","?","M","M","E","M","M","T","M","$","T","$","M","R","B",null,"M","?","?","$","?","$","R","M","T","M","M","M","?","M","R","B"],"character_chosen":"DEFECT","items_purchased":["Kunai","Electrodynamics","Good Instincts","Lee\u0027s Waffle"],"campfire_rested":2,"item_purchase_floors":[11,11,13,21],"current_hp_per_floor":[74,74,74,71,57,38,36,35,35,22,22,29,29,24,63,38,82,66,19,19,89,89,89,89,75,75,51,47,37,37,37,78,0],"gold":60,"neow_bonus":"TWO_FIFTY_GOLD","is_prod":false,"is_daily":false,"chose_seed":false,"campfire_upgraded":1,"win_rate":0,"timestamp":1551070168,"path_taken":["M","?","?","M","M","E","M","M","T","?","?","?","$","M","R","BOSS","M","?","?","$","?","$","R","M","T","M","?","?","?","?","R","BOSS"],"build_version":"2019-02-06","purchased_purges":0,"victory":false,"max_hp_per_floor":[75,75,75,75,75,75,75,75,75,75,75,82,82,82,82,82,82,82,82,82,89,89,89,89,89,89,89,89,89,89,89,89,89],"card_choices":[{"not_picked":["Cold Snap","Barrage"],"picked":"Scrape","floor":1},{"not_picked":["Steam Power","Coolheaded"],"picked":"Double Energy","floor":2},{"not_picked":["Cold Snap","Turbo"],"picked":"Rip and Tear","floor":4},{"not_picked":["Rebound","Coolheaded","Sweeping Beam"],"picked":"SKIP","floor":5},{"not_picked":["Recycle","Cold Snap"],"picked":"Stack","floor":6},{"not_picked":["Streamline","Compile Driver"],"picked":"Beam Cell","floor":7},{"not_picked":["Redo","Hologram"],"picked":"Lockon","floor":8},{"not_picked":["Cold Snap","Turbo"],"picked":"Auto Shields","floor":10},{"not_picked":["Beam Cell","Compile Driver"],"picked":"Melter","floor":14},{"not_picked":["Reboot","Hyperbeam"],"picked":"Fission","floor":16},{"not_picked":["Aggregate","Stack"],"picked":"Static Discharge+1","floor":18},{"not_picked":["Aggregate","Storm","Redo+1"],"picked":"SKIP","floor":25},{"not_picked":["Doom and Gloom","Fission"],"picked":"Hello World+1","floor":27},{"not_picked":["Redo+1","Cold Snap","Beam Cell"],"picked":"SKIP","floor":28},{"not_picked":["Chaos","Beam Cell","Storm"],"picked":"SKIP","floor":29}],"player_experience":653551,"relics_obtained":[{"floor":6,"key":"Tiny Chest"},{"floor":9,"key":"Regal Pillow"},{"floor":12,"key":"Strawberry"},{"floor":19,"key":"Red Mask"},{"floor":26,"key":"FossilizedHelix"}],"event_choices":[{"cards_removed":["Writhe"],"damage_healed":0,"gold_gain":0,"player_choice":"Removed Curses","damage_taken":0,"max_hp_gain":0,"max_hp_loss":0,"event_name":"Fountain of Cleansing","floor":3,"gold_loss":0},{"damage_healed":0,"gold_gain":0,"player_choice":"Fought Bandits","damage_taken":0,"max_hp_gain":0,"max_hp_loss":0,"event_name":"Masked Bandits","floor":19,"gold_loss":0},{"damage_healed":0,"gold_gain":0,"player_choice":"Ignored","damage_taken":0,"max_hp_gain":0,"max_hp_loss":0,"event_name":"Vampires","floor":20,"gold_loss":0},{"damage_healed":0,"gold_gain":0,"player_choice":"2 cards matched","damage_taken":0,"max_hp_gain":0,"max_hp_loss":0,"event_name":"Match and Keep!","floor":22,"gold_loss":0,"cards_obtained":["Reprogram","Blind"]},{"damage_healed":0,"gold_gain":0,"player_choice":"Upgraded Two","damage_taken":0,"max_hp_gain":0,"max_hp_loss":0,"event_name":"Designer","floor":30,"gold_loss":40,"cards_upgraded":["Fission","Melter"]}],"is_beta":true,"boss_relics":[{"not_picked":["Philosopher\u0027s Stone","Runic Dome","Velvet Choker"]}],"items_purged_floors":[],"is_endless":false,"potions_floor_spawned":[1,5,7,14,16,27,29,31],"killed_by":"Champ","ascension_level":0}