{"gold_per_floor":[109,127,127,144,219,219,235,235,286,97,115,81,81,100,100,202,252,262,10,10,0,20,20,20],"floor_reached":24,"playtime":1148,"items_purged":[],"score":186,"play_id":"a78c9117-97df-4c39-ac1b-42f5190d278e","local_time":"20181125132815","is_ascension_mode":false,"campfire_choices":[{"data":"Bash","floor":6,"key":"SMITH"},{"data":"Finesse","floor":8,"key":"SMITH"},{"data":"Discovery","floor":15,"key":"SMITH"},{"data":"Mind Blast","floor":23,"key":"SMITH"}],"neow_cost":"NONE","seed_source_timestamp":1121776525782269,"circlet_count":0,"master_deck":["Strike_R","Strike_R+1","Strike_R","Strike_R","Strike_R","Defend_R+1","Defend_R+1","Defend_R","Defend_R","Bash+1","Finesse+1","Feel No Pain","Evolve","Body Slam","Iron Wave","Feel No Pain","Discovery+1","Havoc","Seeing Red","Feel No Pain","Spot Weakness","Barricade","Warcry","Shrug It Off","Mind Blast+1","Berserk","Headbutt"],"relics":["Burning Blood","War Paint","Tiny House","Potion Belt"],"potions_floor_usage":[],"damage_taken":[{"damage":7,"enemies":"2 Louse","floor":1,"turns":3},{"damage":2,"enemies":"Small Slimes","floor":2,"turns":4},{"damage":9,"enemies":"Jaw Worm","floor":4,"turns":5},{"damage":18,"enemies":"Looter","floor":7,"turns":3},{"damage":26,"enemies":"Exordium Thugs","floor":11,"turns":5},{"damage":17,"enemies":"Large Slime","floor":14,"turns":9},{"damage":38,"enemies":"Hexaghost","floor":16,"turns":15},{"damage":13,"enemies":"Shell Parasite","floor":18,"turns":8},{"damage":27,"enemies":"2 Thieves","floor":22,"turns":4},{"damage":72,"enemies":"3 Cultists","floor":24,"turns":4}],"seed_played":"844394893686508303","potions_obtained":[{"floor":1,"key":"SteroidPotion"},{"floor":7,"key":"Poison Potion"},{"floor":16,"key":"Swift Potion"},{"floor":17,"key":"FearPotion"}],"is_trial":false,"path_per_floor":["M","M","?","M","?","R","M","R","T","$","M","$","?","M","R","B",null,"M","$","?","?","M","R","M"],"character_chosen":"IRONCLAD","items_purchased":["Feel No Pain","Discovery","Havoc","Feel No Pain","Mind Blast","Berserk"],"campfire_rested":0,"item_purchase_floors":[10,10,10,12,19,19],"current_hp_per_floor":[79,80,80,77,66,66,54,54,54,54,34,34,60,49,49,17,85,78,78,78,78,57,57,0],"gold":20,"neow_bonus":"RANDOM_COLORLESS","is_prod":false,"is_daily":false,"chose_seed":false,"campfire_upgraded":4,"win_rate":0,"timestamp":1543152495,"path_taken":["M","M","?","M","?","R","M","R","T","?","M","$","?","?","R","BOSS","M","$","?","?","M","R","M"],"build_version":"2018-11-15","purchased_purges":0,"victory":false,"max_hp_per_floor":[80,80,80,80,80,80,80,80,80,80,80,80,80,80,80,80,85,85,85,85,85,85,85,85],"card_choices":[{"not_picked":["Perfected Strike","Armaments"],"picked":"Feel No Pain","floor":1},{"not_picked":["Armaments","Twin Strike"],"picked":"Evolve","floor":2},{"not_picked":["Uppercut","Headbutt"],"picked":"Body Slam","floor":4},{"not_picked":["Wild Strike","Perfected Strike"],"picked":"Iron Wave","floor":7},{"not_picked":["Iron Wave","Hemokinesis"],"picked":"Seeing Red","floor":11},{"not_picked":["Anger","Havoc"],"picked":"Spot Weakness","floor":14},{"not_picked":["Berserk","Immolate"],"picked":"Barricade","floor":16},{"not_picked":["Rampage","True Grit"],"picked":"Warcry","floor":17},{"not_picked":["Flex","Wild Strike"],"picked":"Shrug It Off","floor":18},{"not_picked":["Wild Strike","Rupture"],"picked":"Headbutt","floor":22}],"player_experience":758461,"relics_obtained":[{"floor":9,"key":"War Paint"}],"event_choices":[{"damage_healed":0,"gold_gain":0,"player_choice":"Ignored","damage_taken":0,"max_hp_gain":0,"max_hp_loss":0,"event_name":"Golden Wing","floor":3,"gold_loss":0},{"damage_healed":0,"gold_gain":75,"player_choice":"Gather Gold","damage_taken":11,"max_hp_gain":0,"max_hp_loss":0,"event_name":"World of Goop","floor":5,"gold_loss":0},{"damage_healed":26,"gold_gain":0,"player_choice":"Banana","damage_taken":0,"max_hp_gain":0,"max_hp_loss":0,"event_name":"Big Fish","floor":13,"gold_loss":0},{"damage_healed":0,"gold_gain":0,"player_choice":"Opened","damage_taken":0,"relics_obtained":["Potion Belt"],"max_hp_gain":0,"max_hp_loss":0,"event_name":"The Mausoleum","floor":20,"gold_loss":0},{"damage_healed":0,"gold_gain":0,"player_choice":"Paid Fearfully","damage_taken":0,"max_hp_gain":0,"max_hp_loss":0,"event_name":"Masked Bandits","floor":21,"gold_loss":10}],"is_beta":false,"boss_relics":[{"not_picked":["Cursed Key","White Beast Statue"],"picked":"Tiny House"}],"items_purged_floors":[],"is_endless":false,"potions_floor_spawned":[1,7,16],"killed_by":"3 Cultists","ascension_level":0}