{"gold_per_floor":[114,74,74,89,89,18,33,33,83,98,75,75,75,90,90,190,190,205,120,135,235,235,235,250,265,265,265,280,280,99,99,99,199,199,214,214,229,109,124,124,124],"floor_reached":41,"playtime":2939,"items_purged":[],"score":508,"play_id":"f3e41071-9887-40b0-8edf-29664ae1fd85","local_time":"20180731212844","daily_mods":["Brewmaster","Time Dilation","Hoarder"],"is_ascension_mode":false,"campfire_choices":[{"data":"Flex","floor":8,"key":"SMITH"},{"data":"Fire Breathing","floor":12,"key":"SMITH"},{"data":"Venomology","floor":15,"key":"SMITH"},{"data":"RitualDagger","floor":23,"key":"SMITH"},{"data":"Limit Break","floor":29,"key":"SMITH"},{"data":"Venomology","floor":32,"key":"SMITH"}],"neow_cost":"","seed_source_timestamp":0,"circlet_count":0,"master_deck":["Strike_R","Strike_R","Strike_R","Strike_R","Strike_R","Defend_R","Defend_R","Defend_R","Defend_R","Bash","Venomology+1","Venomology+1","Venomology","Venomology","Venomology","Venomology","Venomology","Venomology","Venomology","Venomology","Venomology","Venomology","Venomology","Venomology","Venomology","Headbutt","Headbutt","Headbutt","Inflame","Inflame","Inflame","Flex+1","Flex","Flex","Inflame","Inflame","Inflame","Twin Strike","Twin Strike","Twin Strike","Fire Breathing+1","Fire Breathing","Fire Breathing","Spot Weakness","Spot Weakness","Spot Weakness","Limit Break+1","Limit Break","Limit Break","Heavy Blade","Heavy Blade","Heavy Blade","Pummel+1","Pummel+1","RitualDagger+1","RitualDagger","RitualDagger","Anger","Anger","Anger","Shrug It Off","Shrug It Off","Shrug It Off","Reaper","Reaper","Reaper","Flame Barrier+1","Flame Barrier+1","Flame Barrier+1"],"special_seed":17743,"relics":["Burning Blood","White Beast Statue","Blood Vial","Bag of Marbles","Coffee Dripper","Charon\u0027s Ashes","The Courier","HandDrill","Fusion Hammer","Juzu Bracelet"],"potions_floor_usage":[1,1,1,4,7,7,7,7,7,7,10,14,14,14,14,14,14,14,14,16,16,16,16,16,16,16,16,16,16,16,18,18,18,18,18,18,20,20,24,24,24,25,28,28,28,28,28,31,33,33,33,33,33,33,35,35,35,37,37,37,39,39,39,39,41,41,41,41,41,41,41,41,41],"damage_taken":[{"damage":3,"enemies":"Cultist","floor":1,"turns":6},{"damage":10,"enemies":"Small Slimes","floor":4,"turns":2},{"damage":4,"enemies":"2 Louse","floor":7,"turns":2},{"damage":15,"enemies":"Blue Slaver","floor":10,"turns":3},{"damage":32,"enemies":"Exordium Wildlife","floor":14,"turns":4},{"damage":62,"enemies":"The Guardian","floor":16,"turns":11},{"damage":20,"enemies":"3 Byrds","floor":18,"turns":4},{"damage":10,"enemies":"Chosen","floor":20,"turns":2},{"damage":15,"enemies":"Snake Plant","floor":24,"turns":2},{"damage":8,"enemies":"Centurion and Healer","floor":25,"turns":2},{"damage":4,"enemies":"3 Cultists","floor":28,"turns":4},{"damage":0,"enemies":"Snecko","floor":31,"turns":1},{"damage":26,"enemies":"Champ","floor":33,"turns":5},{"damage":33,"enemies":"Flame Bruiser 1 Orb","floor":35,"turns":5},{"damage":18,"enemies":"3 Shapes","floor":37,"turns":3},{"damage":21,"enemies":"Maw","floor":39,"turns":5},{"damage":182,"enemies":"Giant Head","floor":41,"turns":9}],"seed_played":"4161929215003559377","potions_obtained":[{"floor":1,"key":"Explosive Potion"},{"floor":4,"key":"Strength Potion"},{"floor":7,"key":"FearPotion"},{"floor":10,"key":"PowerPotion"},{"floor":14,"key":"SkillPotion"},{"floor":16,"key":"Energy Potion"},{"floor":18,"key":"SteroidPotion"},{"floor":20,"key":"Weak Potion"},{"floor":24,"key":"Strength Potion"},{"floor":25,"key":"EssenceOfSteel"},{"floor":28,"key":"EssenceOfSteel"},{"floor":33,"key":"EssenceOfSteel"},{"floor":35,"key":"Weak Potion"}],"is_trial":false,"path_per_floor":["M","$","?","M","?","$","M","R","T","M","?","R","$","M","R","B",null,"M","?","M","?","?","R","M","M","T","?","M","R","$","M","R","B",null,"M","?","M","$","M","R"],"character_chosen":"IRONCLAD","items_purchased":["Inflame","Inflame","Shrug It Off","HandDrill","Juzu Bracelet"],"campfire_rested":0,"item_purchase_floors":[2,6,30,30,38],"current_hp_per_floor":[80,80,77,75,80,80,84,84,84,76,76,76,76,52,52,14,85,71,71,69,69,63,63,56,56,56,56,68,68,68,76,76,58,85,64,85,73,73,60,60,0],"gold":124,"neow_bonus":"","is_prod":false,"is_daily":true,"chose_seed":false,"campfire_upgraded":6,"win_rate":0,"timestamp":1533068924,"path_taken":["M","$","?","M","?","?","?","R","T","M","?","R","$","?","R","BOSS","M","?","M","?","?","R","M","M","T","?","M","R","$","?","R","BOSS","M","?","?","$","M","R","E"],"build_version":"2018-07-26","purchased_purges":0,"victory":false,"max_hp_per_floor":[80,80,80,80,85,85,85,85,85,85,85,85,85,85,85,85,85,85,85,85,85,85,85,85,85,85,85,85,85,85,85,85,85,85,85,85,85,85,85,85,85],"card_choices":[{"not_picked":["Shrug It Off","Blood for Blood"],"picked":"Headbutt","floor":1},{"not_picked":["Heavy Blade","Cleave"],"picked":"Flex","floor":4},{"not_picked":["Power Through","Battle Trance"],"picked":"Twin Strike","floor":7},{"not_picked":["Shockwave","Thunderclap"],"picked":"Fire Breathing","floor":10},{"not_picked":["Thunderclap","Power Through"],"picked":"Spot Weakness","floor":14},{"not_picked":["Exhume","Demon Form"],"picked":"Limit Break","floor":16},{"not_picked":["Searing Blow","True Grit"],"picked":"Heavy Blade","floor":18},{"not_picked":["Havoc","Intimidate"],"picked":"Pummel+1","floor":20},{"not_picked":["Dropkick+1","Uppercut+1","Sentinel"],"picked":"SKIP","floor":24},{"not_picked":["Pommel Strike+1","Inflame"],"picked":"Anger","floor":25},{"not_picked":["Pommel Strike+1","Warcry+1","Body Slam+1"],"picked":"SKIP","floor":28},{"not_picked":["Brutality","Limit Break"],"picked":"Reaper","floor":33},{"not_picked":["Headbutt","Uppercut+1","Wild Strike"],"picked":"SKIP","floor":35},{"not_picked":["Headbutt+1","Bludgeon"],"picked":"Flame Barrier+1","floor":37},{"not_picked":["Rampage+1","Searing Blow","Clash+1"],"picked":"SKIP","floor":39}],"player_experience":267729,"relics_obtained":[{"floor":9,"key":"Bag of Marbles"},{"floor":26,"key":"The Courier"}],"event_choices":[{"event_name":"Scrap Ooze","player_choice":"success","floor":3,"damage_taken":3},{"event_name":"Big Fish","player_choice":"Donut","floor":5,"damage_taken":0},{"event_name":"World of Goop","player_choice":"Left","floor":11,"damage_taken":0},{"event_name":"Addict","player_choice":"Obtained Relic","floor":19,"damage_taken":0},{"event_name":"Golden Shrine","player_choice":"Pray","floor":21,"damage_taken":0},{"event_name":"Nest","player_choice":"Joined the Cult","floor":22,"damage_taken":0},{"event_name":"The Mausoleum","player_choice":"No","floor":27,"damage_taken":0},{"event_name":"Bonfire Elementals","player_choice":"UNCOMMON","floor":36,"damage_taken":0}],"is_beta":false,"boss_relics":[{"not_picked":["Runic Pyramid","Black Star"],"picked":"Coffee Dripper"},{"not_picked":["Runic Cube","Eternal Feather"],"picked":"Fusion Hammer"}],"items_purged_floors":[],"is_endless":false,"potions_floor_spawned":[1,4,7,10,14,16,18,20,24,25,28,31,33,35,37,39],"killed_by":"Giant Head","ascension_level":0}