{"gold_per_floor":[116,116,136,153,164,192,66,83,106,118,133,162,162,114,114,238,238,259,283,283,283,297,297,297],"floor_reached":24,"playtime":1110,"items_purged":[],"score":210,"play_id":"fc82b56a-8854-4998-abd7-7be0909a12c9","local_time":"20190319040040","is_ascension_mode":false,"campfire_choices":[{"floor":15,"key":"RECALL"},{"data":"Corruption","floor":23,"key":"SMITH"}],"neow_cost":"NONE","seed_source_timestamp":1089723767984562,"circlet_count":0,"master_deck":["Strike_R","Strike_R","Strike_R","Strike_R","Strike_R","Defend_R","Defend_R","Defend_R","Defend_R","Bash","Perfected Strike","Madness","Juggernaut","Pommel Strike","Feel No Pain","Corruption+1","Twin Strike","Spot Weakness","Havoc","Pommel Strike","Flame Barrier","Wild Strike","Metallicize","Injury","Demon Form","Cleave","Pommel Strike+1","Heavy Blade+1"],"relics":["Black Blood","NeowsBlessing","Darkstone Periapt","Dream Catcher","Potion Belt","Bloody Idol","MutagenicStrength"],"potions_floor_usage":[6,11,12,16,22,24],"damage_taken":[{"damage":0,"enemies":"Jaw Worm","floor":1,"turns":1},{"damage":0,"enemies":"Cultist","floor":3,"turns":1},{"damage":0,"enemies":"Small Slimes","floor":4,"turns":1},{"damage":21,"enemies":"Exordium Wildlife","floor":5,"turns":5},{"damage":41,"enemies":"Gremlin Nob","floor":6,"turns":5},{"damage":8,"enemies":"Blue Slaver","floor":8,"turns":4},{"damage":8,"enemies":"Exordium Thugs","floor":10,"turns":5},{"damage":0,"enemies":"Lots of Slimes","floor":11,"turns":1},{"damage":4,"enemies":"3 Sentries","floor":12,"turns":4},{"damage":31,"enemies":"Slime Boss","floor":16,"turns":10},{"damage":22,"enemies":"Shell Parasite","floor":18,"turns":5},{"damage":18,"enemies":"Chosen","floor":19,"turns":6},{"damage":12,"enemies":"Snake Plant","floor":22,"turns":3},{"damage":71,"enemies":"Slavers","floor":24,"turns":4}],"seed_played":"2872925296108896120","potions_obtained":[{"floor":5,"key":"Fire Potion"},{"floor":6,"key":"Explosive Potion"},{"floor":10,"key":"SkillPotion"},{"floor":11,"key":"Strength Potion"},{"floor":12,"key":"SpeedPotion"},{"floor":19,"key":"SteroidPotion"}],"is_trial":false,"path_per_floor":["M","?","M","M","M","E","$","M","T","M","M","E","?","?","R","B",null,"M","M","?","?","M","R","E"],"character_chosen":"IRONCLAD","items_purchased":["Spot Weakness","Havoc"],"campfire_rested":0,"item_purchase_floors":[7,7],"current_hp_per_floor":[80,80,80,80,65,30,30,28,28,26,32,34,40,40,40,15,86,74,66,66,66,69,69,0],"gold":297,"neow_bonus":"THREE_ENEMY_KILL","is_prod":false,"is_daily":false,"chose_seed":false,"campfire_upgraded":1,"win_rate":0,"timestamp":1552968040,"path_taken":["M","?","M","M","M","E","$","M","T","?","M","E","?","?","R","BOSS","M","M","?","?","M","R","E"],"build_version":"2019-01-23","purchased_purges":0,"victory":false,"max_hp_per_floor":[80,80,80,80,80,80,80,80,80,80,80,80,86,86,86,86,86,86,86,86,86,86,86,86],"card_choices":[{"not_picked":["Flex","Havoc"],"picked":"Perfected Strike","floor":1},{"not_picked":["Reckless Charge","Thunderclap"],"picked":"Pommel Strike","floor":3},{"not_picked":["Flex","Combust"],"picked":"Feel No Pain","floor":4},{"not_picked":["True Grit","Hemokinesis"],"picked":"Corruption","floor":5},{"not_picked":["Clash","Rampage"],"picked":"Twin Strike","floor":6},{"not_picked":["Warcry","Second Wind"],"picked":"Pommel Strike","floor":8},{"not_picked":["Flex","Cleave"],"picked":"Flame Barrier","floor":10},{"not_picked":["Sword Boomerang","Dual Wield"],"picked":"Wild Strike","floor":11},{"not_picked":["Offering","Fire Breathing"],"picked":"Metallicize","floor":12},{"not_picked":["Offering","Brutality"],"picked":"Demon Form","floor":16},{"not_picked":["Corruption","Body Slam"],"picked":"Cleave","floor":18},{"not_picked":["Sword Boomerang","Shrug It Off"],"picked":"Pommel Strike+1","floor":19},{"not_picked":["Seeing Red","Flex"],"picked":"Heavy Blade+1","floor":22}],"player_experience":1062182,"relics_obtained":[{"floor":6,"key":"Darkstone Periapt"},{"floor":9,"key":"Dream Catcher"},{"floor":12,"key":"Potion Belt"}],"event_choices":[{"damage_healed":0,"gold_gain":0,"player_choice":"2 cards matched","damage_taken":0,"max_hp_gain":0,"max_hp_loss":0,"event_name":"Match and Keep!","floor":2,"gold_loss":0,"cards_obtained":["Madness","Juggernaut"]},{"damage_healed":0,"gold_gain":0,"player_choice":"Take Wound","damage_taken":0,"relics_obtained":["Golden Idol"],"max_hp_gain":0,"max_hp_loss":0,"event_name":"Golden Idol","floor":13,"gold_loss":0,"cards_obtained":["Injury"]},{"damage_healed":0,"gold_gain":0,"player_choice":"Left Gold","damage_taken":0,"max_hp_gain":0,"max_hp_loss":0,"event_name":"World of Goop","floor":14,"gold_loss":48},{"damage_healed":0,"gold_gain":0,"player_choice":"Inject Mutagens","damage_taken":0,"relics_obtained":["MutagenicStrength"],"max_hp_gain":0,"max_hp_loss":0,"event_name":"Drug Dealer","floor":20,"gold_loss":0},{"damage_healed":0,"gold_gain":0,"player_choice":"Gave Idol","damage_taken":0,"relics_obtained":["Bloody Idol"],"max_hp_gain":0,"max_hp_loss":0,"event_name":"Forgotten Altar","floor":21,"relics_lost":["Golden Idol"],"gold_loss":0}],"is_beta":false,"boss_relics":[{"not_picked":["Velvet Choker","Runic Dome"],"picked":"Black Blood"}],"items_purged_floors":[],"is_endless":false,"potions_floor_spawned":[5,6,10,11,12,19],"killed_by":"Slavers","ascension_level":0}