{"gold_per_floor":[112,112,187,205,224,256,256,286,338,338,356,418,18,18,18,123,123,136,153,171,46,66,66,84,84,84,118,118,118,133,133,133,235,235,255,355,366,380,391,391,391,402,402,402,92,92,92,110,110,110,110,110,36,64,64],"floor_reached":55,"playtime":7625,"items_purged":["Strike_R","Strike_R"],"score":672,"play_id":"afde1af7-cb70-41dc-bc72-07a44792226c","local_time":"20190321112247","is_ascension_mode":false,"campfire_choices":[{"floor":7,"key":"REST"},{"data":"Barricade","floor":10,"key":"SMITH"},{"data":"Offering","floor":15,"key":"SMITH"},{"floor":23,"key":"REST"},{"data":"True Grit","floor":25,"key":"SMITH"},{"floor":32,"key":"REST"},{"floor":40,"key":"RECALL"},{"floor":44,"key":"REST"},{"data":"Shrug It Off","floor":46,"key":"SMITH"},{"data":"Defend_R","floor":49,"key":"SMITH"},{"data":"Defend_R","floor":52,"key":"SMITH"}],"neow_cost":"NONE","seed_source_timestamp":298681404436196,"circlet_count":0,"master_deck":["Strike_R","Strike_R","Defend_R+1","Defend_R+1","Defend_R","Defend_R","Bash","Immolate","Cleave","Warcry","True Grit+1","Barricade+1","Body Slam+1","Offering+1","Iron Wave+1","Seeing Red","Shrug It Off+1","Metallicize+1","Iron Wave+1","Headbutt+1","Body Slam+1","Body Slam+1","Shrug It Off+1","Impervious","Offering"],"relics":["Burning Blood","Molten Egg 2","Bronze Scales","Happy Flower","Bag of Preparation","Sundial","Runic Pyramid","Vajra","MutagenicStrength","Pantograph","Enchiridion","Velvet Choker","Boot","Oddly Smooth Stone"],"potions_floor_usage":[12,16,16,22,27,50,50,55,55],"damage_taken":[{"damage":0,"enemies":"Small Slimes","floor":1,"turns":2},{"damage":0,"enemies":"2 Louse","floor":4,"turns":2},{"damage":1,"enemies":"Cultist","floor":5,"turns":3},{"damage":39,"enemies":"Lagavulin","floor":6,"turns":7},{"damage":26,"enemies":"Gremlin Nob","floor":8,"turns":4},{"damage":6,"enemies":"Large Slime","floor":11,"turns":7},{"damage":25,"enemies":"Gremlin Nob","floor":12,"turns":4},{"damage":31,"enemies":"Hexaghost","floor":16,"turns":9},{"damage":6,"enemies":"Spheric Guardian","floor":18,"turns":3},{"damage":14,"enemies":"2 Thieves","floor":19,"turns":3},{"damage":34,"enemies":"Centurion and Healer","floor":20,"turns":5},{"damage":8,"enemies":"Snake Plant","floor":22,"turns":3},{"damage":6,"enemies":"Snecko","floor":24,"turns":4},{"damage":39,"enemies":"Slavers","floor":27,"turns":8},{"damage":6,"enemies":"Chosen and Byrds","floor":30,"turns":3},{"damage":20,"enemies":"Collector","floor":33,"turns":8},{"damage":19,"enemies":"3 Darklings","floor":35,"turns":4},{"damage":12,"enemies":"Orb Walker","floor":37,"turns":3},{"damage":15,"enemies":"4 Shapes","floor":38,"turns":3},{"damage":6,"enemies":"Sphere and 2 Shapes","floor":39,"turns":3},{"damage":18,"enemies":"Writhing Mass","floor":42,"turns":5},{"damage":7,"enemies":"4 Shapes","floor":48,"turns":3},{"damage":8,"enemies":"Awakened One","floor":50,"turns":8},{"damage":14,"enemies":"Shield and Spear","floor":54,"turns":5},{"damage":81,"enemies":"The Heart","floor":55,"turns":9}],"seed_played":"6092365118015256728","potions_obtained":[{"floor":6,"key":"LiquidBronze"},{"floor":8,"key":"SteroidPotion"},{"floor":11,"key":"Ancient Potion"},{"floor":19,"key":"FearPotion"},{"floor":22,"key":"Strength Potion"},{"floor":24,"key":"GamblersBrew"},{"floor":35,"key":"Poison Potion"},{"floor":38,"key":"Ancient Potion"}],"is_trial":false,"path_per_floor":["M","?","?","M","M","E","R","E","T","R","M","?","$","?","R","B",null,"M","M","M","$","M","R","M","R","T","E","?","?","M","?","R","B",null,"M","?","M","M","M","R","?","M","T","R","$","R","?","M","R","B",null,"R","$","E","B"],"character_chosen":"IRONCLAD","items_purchased":["Sundial","Offering","Block Potion","Impervious","SkillPotion","EssenceOfSteel"],"campfire_rested":4,"item_purchase_floors":[13,13,21,45,45,53],"current_hp_per_floor":[80,73,62,68,73,40,64,44,44,44,44,25,25,51,51,26,80,80,72,44,44,42,66,66,66,66,33,33,33,33,17,41,52,80,67,67,61,52,52,52,52,40,40,64,64,64,64,63,63,78,80,80,80,72,0],"gold":64,"neow_bonus":"ONE_RANDOM_RARE_CARD","is_prod":false,"is_daily":false,"chose_seed":false,"campfire_upgraded":6,"win_rate":0,"timestamp":1553167367,"path_taken":["M","?","?","M","M","E","R","E","T","R","M","?","$","?","R","BOSS","M","M","M","$","M","R","M","R","T","E","?","?","?","?","R","BOSS","M","?","M","?","M","R","?","?","T","R","?","R","?","M","R","BOSS","R","$","E","BOSS"],"build_version":"2019-01-23","purchased_purges":2,"victory":false,"max_hp_per_floor":[80,80,80,80,80,80,80,80,80,80,80,80,80,80,80,80,80,80,80,80,80,80,80,80,80,80,80,80,80,80,80,80,80,80,80,80,80,80,80,80,80,80,80,80,80,80,80,80,80,80,80,80,80,80,80],"card_choices":[{"not_picked":["Twin Strike","Wild Strike"],"picked":"Cleave","floor":1},{"not_picked":["Havoc","Combust"],"picked":"Warcry","floor":4},{"not_picked":["Cleave","Anger"],"picked":"True Grit","floor":5},{"not_picked":["Iron Wave","Anger"],"picked":"Barricade","floor":6},{"not_picked":["Flex","Anger+1","Wild Strike+1"],"picked":"SKIP","floor":8},{"not_picked":["Corruption","Clothesline+1","Perfected Strike+1"],"picked":"SKIP","floor":11},{"not_picked":["Flex","Seeing Red"],"picked":"Body Slam+1","floor":12},{"not_picked":["Sentinel","Fire Breathing"],"picked":"Iron Wave+1","floor":18},{"not_picked":["Perfected Strike+1","True Grit"],"picked":"Seeing Red","floor":19},{"not_picked":["Sword Boomerang+1","Fire Breathing"],"picked":"Shrug It Off+1","floor":20},{"not_picked":["Evolve","Bloodletting"],"picked":"Metallicize+1","floor":22},{"not_picked":["Clash+1","Twin Strike+1"],"picked":"Iron Wave+1","floor":24},{"not_picked":["Evolve","Rage"],"picked":"Headbutt+1","floor":27},{"not_picked":["Searing Blow+1","Infernal Blade","Power Through"],"picked":"SKIP","floor":30},{"not_picked":["Iron Wave+1","Armaments+1"],"picked":"Body Slam+1","floor":35},{"not_picked":["Searing Blow+1","Heavy Blade+1"],"picked":"Body Slam+1","floor":37},{"not_picked":["Headbutt+1","Wild Strike+1"],"picked":"Shrug It Off","floor":38},{"not_picked":["Heavy Blade+1","Reckless Charge+1","Wild Strike+1"],"picked":"SKIP","floor":39},{"not_picked":["Seeing Red+1","Thunderclap+1","Anger+1"],"picked":"SKIP","floor":42},{"not_picked":["Iron Wave+1","Pommel Strike+1","Havoc+1"],"picked":"SKIP","floor":48},{"not_picked":["Sword Boomerang+1","Barricade"],"picked":"Offering","floor":54}],"player_experience":113536,"relics_obtained":[{"floor":6,"key":"Molten Egg 2"},{"floor":8,"key":"Bronze Scales"},{"floor":9,"key":"Happy Flower"},{"floor":27,"key":"Vajra"},{"floor":31,"key":"Enchiridion"},{"floor":43,"key":"Boot"},{"floor":54,"key":"Oddly Smooth Stone"}],"event_choices":[{"cards_removed":["Strike_R"],"damage_healed":0,"gold_gain":0,"player_choice":"Card Removal","damage_taken":7,"max_hp_gain":0,"max_hp_loss":0,"event_name":"Golden Wing","floor":2,"gold_loss":0},{"damage_healed":0,"gold_gain":75,"player_choice":"Gather Gold","damage_taken":11,"max_hp_gain":0,"max_hp_loss":0,"event_name":"World of Goop","floor":3,"gold_loss":0},{"damage_healed":0,"gold_gain":0,"player_choice":"Searched \u00272\u0027 times","damage_taken":0,"relics_obtained":["Bag of Preparation"],"max_hp_gain":0,"max_hp_loss":0,"event_name":"Dead Adventurer","floor":12,"gold_loss":0},{"damage_healed":26,"gold_gain":0,"player_choice":"Banana","damage_taken":0,"max_hp_gain":0,"max_hp_loss":0,"event_name":"Big Fish","floor":14,"gold_loss":0},{"damage_healed":0,"gold_gain":0,"player_choice":"Inject Mutagens","damage_taken":0,"relics_obtained":["MutagenicStrength"],"max_hp_gain":0,"max_hp_loss":0,"event_name":"Drug Dealer","floor":28,"gold_loss":0},{"damage_healed":0,"gold_gain":0,"player_choice":"Gave Potion","damage_taken":0,"relics_obtained":["Pantograph"],"max_hp_gain":0,"max_hp_loss":0,"event_name":"WeMeetAgain","floor":29,"gold_loss":0},{"damage_healed":0,"gold_gain":0,"player_choice":"Obtained Book","damage_taken":16,"max_hp_gain":0,"max_hp_loss":0,"event_name":"Cursed Tome","floor":31,"gold_loss":0},{"damage_healed":0,"gold_gain":100,"player_choice":"Pray","damage_taken":0,"max_hp_gain":0,"max_hp_loss":0,"event_name":"Golden Shrine","floor":36,"gold_loss":0},{"damage_healed":0,"gold_gain":0,"player_choice":"0 cards matched","damage_taken":0,"max_hp_gain":0,"max_hp_loss":0,"event_name":"Match and Keep!","floor":41,"gold_loss":0,"cards_obtained":[]},{"damage_healed":0,"gold_gain":0,"player_choice":"Ignored","damage_taken":0,"max_hp_gain":0,"max_hp_loss":0,"event_name":"Mysterious Sphere","floor":47,"gold_loss":0}],"is_beta":false,"boss_relics":[{"not_picked":["Coffee Dripper","Empty Cage"],"picked":"Runic Pyramid"},{"not_picked":["Pandora\u0027s Box","Mark of Pain"],"picked":"Velvet Choker"}],"items_purged_floors":[21,45],"is_endless":false,"potions_floor_spawned":[6,8,11,19,22,24,35,38,42],"killed_by":"The Heart","ascension_level":0}