{"gold_per_floor":[111,9,9,19,31,31,31,56,82,82,82,96,96,108,108,209,209,227,240,250,261,75,75,6,18,43,61,61,80,80,99,99,203,203,213,229,244,90,110,110,110,137,137,153,153,153,28,28,28,28],"floor_reached":51,"playtime":3804,"items_purged":["Strike_R","Strike_R","Decay"],"score":631,"play_id":"84ce610e-3c2e-4d3c-965e-6e266158bb7c","local_time":"20190321182408","is_ascension_mode":false,"campfire_choices":[{"data":"Flame Barrier","floor":6.0,"key":"SMITH"},{"floor":10.0,"key":"REST"},{"data":"Clothesline","floor":13.0,"key":"SMITH"},{"data":"Twin Strike","floor":15.0,"key":"SMITH"},{"data":"Apotheosis","floor":23,"key":"SMITH"},{"floor":28,"key":"REST"},{"floor":32,"key":"REST"},{"floor":40,"key":"REST"},{"floor":45,"key":"REST"},{"floor":49,"key":"REST"}],"neow_cost":"NONE","seed_source_timestamp":0,"circlet_count":0,"master_deck":["Strike_R+1","Strike_R","Strike_R","Defend_R","Defend_R+1","Defend_R","Bash+1","Twin Strike+1","Sword Boomerang+1","Clothesline+1","Flame Barrier+1","Limit Break+1","Seeing Red","Offering","Spot Weakness+1","Flex","Sword Boomerang","Apotheosis+1","Pummel","Warcry","Impervious","Sword Boomerang+1","J.A.X.","Metallicize+1","Reaper","Headbutt+1","Twin Strike+1","Inflame","Heavy Blade","Whirlwind","Warcry+1"],"special_seed":0,"relics":["Burning Blood","Strawberry","Happy Flower","Matryoshka","Lantern","Whetstone","Sozu","Pen Nib","Regal Pillow","Cursed Key","FossilizedHelix","Sundial"],"potions_floor_usage":[],"damage_taken":[{"damage":1.0,"enemies":"2 Louse","floor":1.0,"turns":2.0},{"damage":5.0,"enemies":"Small Slimes","floor":4.0,"turns":3.0},{"damage":6.0,"enemies":"Cultist","floor":5.0,"turns":3.0},{"damage":32.0,"enemies":"Lagavulin","floor":8.0,"turns":10.0},{"damage":0.0,"enemies":"Red Slaver","floor":12.0,"turns":2.0},{"damage":2.0,"enemies":"Looter","floor":14.0,"turns":2.0},{"damage":38.0,"enemies":"Slime Boss","floor":16.0,"turns":10.0},{"damage":7.0,"enemies":"Spheric Guardian","floor":18.0,"turns":4.0},{"damage":19,"enemies":"3 Byrds","floor":19,"turns":4},{"damage":27,"enemies":"Cultist and Chosen","floor":20,"turns":6},{"damage":11,"enemies":"Sentry and Sphere","floor":21,"turns":4},{"damage":18,"enemies":"Centurion and Healer","floor":25,"turns":4},{"damage":12,"enemies":"Chosen and Byrds","floor":27,"turns":3},{"damage":22,"enemies":"Snake Plant","floor":29,"turns":4},{"damage":6,"enemies":"Cultist and Chosen","floor":31,"turns":2},{"damage":20,"enemies":"Champ","floor":33,"turns":6},{"damage":13,"enemies":"3 Darklings","floor":35,"turns":3},{"damage":17,"enemies":"3 Shapes","floor":36,"turns":4},{"damage":42,"enemies":"Jaw Worm Horde","floor":37,"turns":4},{"damage":32,"enemies":"Sphere and 2 Shapes","floor":39,"turns":5},{"damage":55,"enemies":"Reptomancer","floor":42,"turns":6},{"damage":6,"enemies":"Maw","floor":44,"turns":5},{"damage":35,"enemies":"Awakened One","floor":50,"turns":5}],"seed_played":"-4633177984200372873","potions_obtained":[{"floor":4.0,"key":"Block Potion"},{"floor":5.0,"key":"Fire Potion"}],"is_trial":false,"path_per_floor":["M","$","?","M","M","R","?","E","T","R","?","M","R","M","R","B",null,"M","M","M","M","$","R","$","M","T","M","R","M","?","M","R","B",null,"M","M","M","$","M","R","?","E","T","M","R","?","$","?","R","B",null],"character_chosen":"IRONCLAD","items_purchased":["Sword Boomerang","Apotheosis","Pummel","Heavy Blade"],"campfire_rested":6,"item_purchase_floors":[2,22,24,38],"current_hp_per_floor":[87,87,84,85,85,85,68,42,42,68,68,74,74,78,78,46,87,86,73,52,47,47,47,47,35,35,29,70,54,54,54,87,73,87,86,87,58,58,42,83,83,44,44,56,87,87,87,79,87,58],"gold":28,"neow_bonus":"RANDOM_COMMON_RELIC","is_prod":false,"is_daily":false,"chose_seed":false,"campfire_upgraded":4,"win_rate":0,"timestamp":1553192648,"path_taken":["M","$","?","M","M","R","?","E","T","R","?","M","R","M","R","BOSS","M","?","M","M","?","R","$","M","T","M","R","M","?","M","R","BOSS","M","M","M","$","M","R","?","E","T","M","R","?","$","?","R","BOSS"],"build_version":"2019-01-23","purchased_purges":3,"victory":true,"max_hp_per_floor":[87,87,87,87,87,87,87,87,87,87,87,87,87,87,87,87,87,87,87,87,87,87,87,87,87,87,87,87,87,87,87,87,87,87,87,87,87,87,87,87,87,87,87,87,87,87,87,87,87,87],"card_choices":[{"not_picked":["Corruption","Metallicize"],"picked":"Twin Strike","floor":1.0},{"not_picked":["Burning Pact","Havoc"],"picked":"Clothesline","floor":4.0},{"not_picked":["Sword Boomerang","Infernal Blade"],"picked":"Flame Barrier","floor":5.0},{"not_picked":["Wild Strike","Headbutt"],"picked":"Limit Break","floor":8.0},{"not_picked":["Armaments","Sword Boomerang"],"picked":"Seeing Red","floor":12.0},{"not_picked":["Cleave","Wild Strike","Clash"],"picked":"SKIP","floor":14.0},{"not_picked":["Exhume","Brutality"],"picked":"Offering","floor":16.0},{"not_picked":["Twin Strike","Flex"],"picked":"Spot Weakness+1","floor":18},{"not_picked":["Seeing Red","Body Slam"],"picked":"Flex","floor":19},{"not_picked":["Hemokinesis","Rage","Disarm"],"picked":"SKIP","floor":20},{"not_picked":["Clash","Twin Strike"],"picked":"Sword Boomerang","floor":21},{"not_picked":["True Grit","Anger"],"picked":"Warcry","floor":25},{"not_picked":["Thunderclap","Armaments"],"picked":"Impervious","floor":27},{"not_picked":["Dropkick+1","Armaments+1"],"picked":"Sword Boomerang+1","floor":29},{"not_picked":["Dual Wield","Flame Barrier"],"picked":"Metallicize+1","floor":31},{"not_picked":["Feed","Fiend Fire"],"picked":"Reaper","floor":33},{"not_picked":["Cleave+1","Pommel Strike+1"],"picked":"Headbutt+1","floor":35},{"not_picked":["Anger","Warcry"],"picked":"Twin Strike+1","floor":36},{"not_picked":["Perfected Strike+1","Flame Barrier+1"],"picked":"Inflame","floor":37},{"not_picked":["Evolve","Blood for Blood","Cleave+1"],"picked":"SKIP","floor":39},{"not_picked":["Flex+1","Seeing Red"],"picked":"Whirlwind","floor":42},{"not_picked":["Flame Barrier+1","Heavy Blade"],"picked":"Warcry+1","floor":44}],"player_experience":126414,"relics_obtained":[{"floor":8.0,"key":"Matryoshka"},{"floor":9.0,"key":"Lantern"},{"floor":9.0,"key":"Whetstone"},{"floor":26,"key":"Pen Nib"},{"floor":26,"key":"Regal Pillow"},{"floor":42,"key":"FossilizedHelix"},{"floor":43,"key":"Sundial"}],"event_choices":[{"damage_healed":0.0,"max_hp_gain":0.0,"max_hp_loss":0.0,"gold_gain":0.0,"event_name":"Scrap Ooze","player_choice":"Success","floor":3.0,"gold_loss":0.0,"damage_taken":3.0,"relics_obtained":["Happy Flower"]},{"damage_healed":0.0,"max_hp_gain":0.0,"max_hp_loss":0.0,"gold_gain":0.0,"event_name":"Shining Light","player_choice":"Entered Light","floor":7.0,"gold_loss":0.0,"damage_taken":17.0,"cards_upgraded":["Sword Boomerang","Defend_R"]},{"damage_healed":0.0,"max_hp_gain":0.0,"max_hp_loss":0.0,"gold_gain":0.0,"event_name":"Upgrade Shrine","player_choice":"Upgraded","floor":11.0,"gold_loss":0.0,"damage_taken":0.0,"cards_upgraded":["Limit Break"]},{"damage_healed":0,"gold_gain":0,"player_choice":"Obtain J.A.X.","damage_taken":0,"max_hp_gain":0,"max_hp_loss":0,"event_name":"Drug Dealer","floor":30,"gold_loss":0,"cards_obtained":["J.A.X."]},{"cards_removed":["Defend_R"],"damage_healed":0,"gold_gain":0,"player_choice":"Removed Skill","damage_taken":0,"max_hp_gain":0,"max_hp_loss":0,"event_name":"Falling","floor":41,"gold_loss":0},{"damage_healed":0,"gold_gain":0,"player_choice":"Memory 1","damage_taken":0,"max_hp_gain":0,"max_hp_loss":0,"event_name":"SensoryStone","floor":46,"gold_loss":0},{"damage_healed":0,"gold_gain":0,"player_choice":"Damaged","damage_taken":8,"max_hp_gain":0,"max_hp_loss":0,"event_name":"Wheel of Change","floor":48,"gold_loss":0}],"is_beta":false,"boss_relics":[{"not_picked":["Eternal Feather","Runic Cube"],"picked":"Sozu"},{"not_picked":["Lizard Tail","Philosopher\u0027s Stone"],"picked":"Cursed Key"}],"items_purged_floors":[2,38,47],"is_endless":false,"potions_floor_spawned":[4,5,20,21,27,31,35,39,42],"ascension_level":0}