{"gold_per_floor":[111,121,11,25,25,25,55,55,81,81,51,83,95,65,65,169,169,169,169,94,94,94,94,94,94,94,94,94,94,94,94,94,94,94,94,94,94,94,94,94,94,18,18,18,18,18,18,18,18,18],"floor_reached":51,"playtime":15254,"items_purged":[],"score":745,"play_id":"cab82221-c916-4f5b-8cf6-7b264f0fdfca","local_time":"20190320092354","is_ascension_mode":false,"campfire_choices":[{"data":"Neutralize","floor":6.0,"key":"SMITH"},{"data":"Infinite Blades","floor":8.0,"key":"SMITH"},{"data":"Dash","floor":15.0,"key":"SMITH"},{"data":"Tools of the Trade","floor":24.0,"key":"SMITH"},{"data":"Footwork","floor":30.0,"key":"SMITH"},{"data":"Acrobatics","floor":32.0,"key":"SMITH"},{"data":"A Thousand Cuts","floor":47,"key":"SMITH"},{"floor":49,"key":"REST"}],"neow_cost":"NONE","seed_source_timestamp":0,"circlet_count":0,"master_deck":["Defend_G","Defend_G","Defend_G","Defend_G","Defend_G","Survivor","Neutralize+1","Caltrops","Dagger Spray","Caltrops","Infinite Blades+1","Dash+1","Leg Sweep","PiercingWail","Acrobatics+1","Well Laid Plans","Tools of the Trade+1","Sucker Punch+1","Tactician+1","Footwork+1","Bite","Bite","Bite","Bite","Bite","A Thousand Cuts+1","Flash of Steel","Purity","Blade Dance","Deflect+1","Cloak And Dagger+1","Prepared","Parasite","Accuracy+1","Infinite Blades"],"special_seed":0,"relics":["Ring of the Snake","Dodecahedron","Orichalcum","Ancient Tea Set","Ectoplasm","PreservedInsect","Ninja Scroll","Dead Branch","WingedGreaves","Strawberry","Busted Crown","The Specimen","Anchor","Omamori","Ornamental Fan"],"potions_floor_usage":[50],"damage_taken":[{"damage":0.0,"enemies":"Cultist","floor":1.0,"turns":4.0},{"damage":0.0,"enemies":"2 Louse","floor":2.0,"turns":2.0},{"damage":3.0,"enemies":"Jaw Worm","floor":4.0,"turns":4.0},{"damage":2.0,"enemies":"Lagavulin","floor":7.0,"turns":9.0},{"damage":0.0,"enemies":"Looter","floor":11.0,"turns":4.0},{"damage":18.0,"enemies":"3 Sentries","floor":12.0,"turns":7.0},{"damage":4.0,"enemies":"Blue Slaver","floor":13.0,"turns":4.0},{"damage":42.0,"enemies":"Slime Boss","floor":16.0,"turns":14.0},{"damage":5.0,"enemies":"Spheric Guardian","floor":18.0,"turns":5.0},{"damage":13.0,"enemies":"3 Byrds","floor":19.0,"turns":4.0},{"damage":2.0,"enemies":"Snecko","floor":21.0,"turns":7.0},{"damage":2.0,"enemies":"Centurion and Healer","floor":23.0,"turns":9.0},{"damage":22.0,"enemies":"Slavers","floor":25.0,"turns":7.0},{"damage":19.0,"enemies":"Book of Stabbing","floor":27.0,"turns":4.0},{"damage":12.0,"enemies":"Gremlin Leader","floor":29.0,"turns":4.0},{"damage":0.0,"enemies":"Cultist and Chosen","floor":31.0,"turns":6.0},{"damage":5.0,"enemies":"Champ","floor":33.0,"turns":14.0},{"damage":19.0,"enemies":"3 Darklings","floor":35.0,"turns":3.0},{"damage":1.0,"enemies":"3 Shapes","floor":37.0,"turns":6.0},{"damage":2.0,"enemies":"Mind Bloom Boss Battle","floor":38.0,"turns":5.0},{"damage":12.0,"enemies":"Spire Growth","floor":39.0,"turns":5.0},{"damage":19.0,"enemies":"Nemesis","floor":40.0,"turns":5.0},{"damage":1,"enemies":"Writhing Mass","floor":41,"turns":6},{"damage":12,"enemies":"Maw","floor":44,"turns":5},{"damage":0,"enemies":"3 Darklings","floor":46,"turns":3},{"damage":12,"enemies":"Awakened One","floor":50,"turns":9}],"seed_played":"7597373373714760617","potions_obtained":[{"floor":2.0,"key":"Swift Potion"},{"floor":12.0,"key":"GhostInAJar"},{"floor":13.0,"key":"Regen Potion"},{"floor":18.0,"key":"FearPotion"},{"floor":23.0,"key":"SneckoOil"},{"floor":25.0,"key":"GamblersBrew"},{"floor":31.0,"key":"Regen Potion"},{"floor":37.0,"key":"Swift Potion"},{"floor":41,"key":"Weak Potion"},{"floor":46,"key":"LiquidBronze"}],"is_trial":false,"path_per_floor":["M","M","$","M","T","R","E","R","T","?","M","E","M","?","R","B",null,"M","M","?","M","?","M","R","E","T","E","T","E","R","M","R","B",null,"M","?","M","?","M","E","M","$","T","M","T","M","R","?","R","B",null],"character_chosen":"THE_SILENT","items_purchased":["Infinite Blades","Dash","Infinite Blades"],"campfire_rested":1,"item_purchase_floors":[3,3,42],"current_hp_per_floor":[70,70,70,67,67,67,65,65,65,65,65,47,45,45,45,20,70,65,54,54,54,54,70,70,62,62,51,51,54,54,68,68,77,77,60,55,68,77,69,54,61,61,61,57,57,67,67,67,77,73],"gold":18,"neow_bonus":"THREE_CARDS","is_prod":false,"is_daily":false,"chose_seed":false,"campfire_upgraded":7,"win_rate":0,"timestamp":1553073834,"path_taken":["M","M","$","M","?","R","E","R","T","?","M","E","?","?","R","BOSS","M","M","?","M","?","M","R","E","T","E","?","E","R","M","R","BOSS","M","?","M","?","?","E","M","$","T","M","?","?","R","?","R","BOSS"],"build_version":"2019-01-23","purchased_purges":0,"victory":true,"max_hp_per_floor":[70,70,70,70,70,70,70,70,70,70,70,70,70,70,70,70,70,70,70,70,70,70,70,70,70,70,70,70,77,77,77,77,77,77,77,77,77,77,77,77,77,77,77,77,77,77,77,77,77,77],"card_choices":[{"not_picked":["Poisoned Stab","Catalyst"],"picked":"Caltrops","floor":0.0},{"not_picked":["Blade Dance","Outmaneuver"],"picked":"Dagger Spray","floor":1.0},{"not_picked":["Dodge and Roll","Underhanded Strike"],"picked":"Caltrops","floor":2.0},{"not_picked":["Phantasmal Killer","Eviscerate"],"picked":"Leg Sweep","floor":4.0},{"not_picked":["Predator","Slice"],"picked":"PiercingWail","floor":7.0},{"not_picked":["Underhanded Strike","PiercingWail"],"picked":"Acrobatics","floor":11.0},{"not_picked":["Escape Plan","Skewer"],"picked":"Well Laid Plans","floor":12.0},{"not_picked":["Bane","Masterful Stab","Riddle With Holes"],"picked":"SKIP","floor":13.0},{"not_picked":["A Thousand Cuts","Glass Knife"],"picked":"Tools of the Trade","floor":16.0},{"not_picked":["Underhanded Strike","Dash+1"],"picked":"Sucker Punch+1","floor":18.0},{"not_picked":["PiercingWail","Heel Hook"],"picked":"Tactician+1","floor":19.0},{"not_picked":["Backflip","Cloak And Dagger"],"picked":"Footwork","floor":21.0},{"not_picked":["Eviscerate","Slice","Bullet Time"],"picked":"SKIP","floor":23.0},{"not_picked":["Malaise","Blade Dance","Sucker Punch"],"picked":"SKIP","floor":25.0},{"not_picked":["All Out Attack","Underhanded Strike+1","Cloak And Dagger"],"picked":"SKIP","floor":27.0},{"not_picked":["Flying Knee","Terror","All Out Attack"],"picked":"SKIP","floor":29.0},{"not_picked":["Flechettes","Bane+1","Dagger Throw"],"picked":"SKIP","floor":31.0},{"not_picked":["Burst","Doppelganger"],"picked":"A Thousand Cuts","floor":33.0},{"not_picked":["Sucker Punch"],"picked":"SKIP","floor":35.0},{"not_picked":[],"picked":"Flash of Steel","floor":36.0},{"not_picked":[],"picked":"Purity","floor":36.0},{"not_picked":[],"picked":"Blade Dance","floor":37.0},{"not_picked":[],"picked":"Deflect+1","floor":38.0},{"not_picked":[],"picked":"Cloak And Dagger+1","floor":39.0},{"not_picked":[],"picked":"Prepared","floor":40},{"not_picked":[],"picked":"Accuracy+1","floor":41},{"not_picked":["Riddle With Holes+1"],"picked":"SKIP","floor":44},{"not_picked":["Deflect"],"picked":"SKIP","floor":46}],"player_experience":78342,"relics_obtained":[{"floor":5.0,"key":"Dodecahedron"},{"floor":7.0,"key":"Orichalcum"},{"floor":9.0,"key":"Ancient Tea Set"},{"floor":12.0,"key":"Blood Vial"},{"floor":25.0,"key":"PreservedInsect"},{"floor":26.0,"key":"Ninja Scroll"},{"floor":27.0,"key":"Dead Branch"},{"floor":28.0,"key":"WingedGreaves"},{"floor":29.0,"key":"Strawberry"},{"floor":38.0,"key":"The Specimen"},{"floor":40,"key":"Anchor"},{"floor":43,"key":"Omamori"},{"floor":45,"key":"Ornamental Fan"}],"event_choices":[{"cards_removed":["Strike_G"],"damage_healed":0.0,"max_hp_gain":0.0,"max_hp_loss":0.0,"gold_gain":0.0,"event_name":"Bonfire Elementals","player_choice":"Offered Basic","floor":10.0,"gold_loss":0.0,"damage_taken":0.0},{"damage_healed":0.0,"max_hp_gain":0.0,"max_hp_loss":0.0,"gold_gain":0.0,"event_name":"World of Goop","player_choice":"Left Gold","floor":14.0,"gold_loss":30.0,"damage_taken":0.0},{"cards_removed":["Strike_G"],"damage_healed":0.0,"max_hp_gain":0.0,"max_hp_loss":0.0,"gold_gain":0.0,"event_name":"Beggar","player_choice":"Gave Gold","floor":20.0,"gold_loss":75.0,"damage_taken":0.0},{"damage_healed":0.0,"max_hp_gain":0.0,"max_hp_loss":0.0,"gold_gain":0.0,"event_name":"Vampires","player_choice":"Became a vampire (Vial)","floor":22.0,"relics_lost":["Blood Vial"],"gold_loss":0.0,"damage_taken":0.0,"cards_obtained":["Bite","Bite","Bite","Bite","Bite"]},{"damage_healed":0.0,"max_hp_gain":0.0,"max_hp_loss":0.0,"gold_gain":0.0,"event_name":"SensoryStone","player_choice":"Memory 2","floor":36.0,"gold_loss":0.0,"damage_taken":5.0},{"damage_healed":0.0,"max_hp_gain":0.0,"max_hp_loss":0.0,"gold_gain":0.0,"event_name":"MindBloom","player_choice":"Fight","floor":38.0,"gold_loss":0.0,"damage_taken":0.0},{"damage_healed":0,"gold_gain":275,"player_choice":"Desecrate","damage_taken":0,"max_hp_gain":0,"max_hp_loss":0,"event_name":"Golden Shrine","floor":48,"gold_loss":0,"cards_obtained":["Regret"]}],"is_beta":false,"boss_relics":[{"not_picked":["Tiny House","Philosopher\u0027s Stone"],"picked":"Ectoplasm"},{"not_picked":["Coffee Dripper","HoveringKite"],"picked":"Busted Crown"}],"items_purged_floors":[],"is_endless":false,"potions_floor_spawned":[2,12,13,18,23,25,31,37,41,46],"ascension_level":0}