{"gold_per_floor":[114,129,144,159,174,174,189,204,229,244,244,259,259,274,274,374,374,389,404,112,127,127,127,142,157,157,187,187,202,202,217,217,317,317,332,332,347,117,117,117,147,147,147,177,192,207,23,38,38,38],"floor_reached":51,"playtime":13831,"items_purged":[],"score":1031,"play_id":"bea06fce-123f-4d3e-92b4-a3a71c1deae6","local_time":"20180715212650","daily_mods":["Insanity","Terminal","Vintage"],"is_ascension_mode":false,"campfire_choices":[{"data":"Buffer","floor":6,"key":"SMITH"},{"floor":13,"key":"REST"},{"data":"Storm","floor":15,"key":"SMITH"},{"data":"Storm","floor":23,"key":"SMITH"},{"data":"Force Field","floor":28,"key":"SMITH"},{"data":"White Noise","floor":32,"key":"SMITH"},{"data":"Aggregate","floor":40,"key":"SMITH"},{"data":"Amplify","floor":42,"key":"SMITH"},{"data":"Buffer","floor":49,"key":"SMITH"}],"neow_cost":"","seed_source_timestamp":0,"circlet_count":0,"master_deck":["Force Field","Defragment","All For One","Turbo","Core Surge","Rainbow","Strike_B","Storm+1","Heatsinks","Consume","All For One","Coolheaded+1","Blizzard","Storm+1","Echo Form","Defend_B","Coolheaded","Chill","Strike_B","Defend_B","Dualcast","Aggregate+1","Fusion","Rip and Tear","Cold Snap","Steam Power","Redo","Sweeping Beam","Darkness","Steam","Buffer+1","Static Discharge","Recycle","Scrape","Turbo","Meteor Strike","Thunder Strike","Multi-Cast","Force Field+1","Dualcast","Streamline","Glacier","Fusion","Reboot","All For One","Multi-Cast","Sunder+1","Rip and Tear+1","Conserve Battery","Leap+1","Buffer+1","Conserve Battery","Stack","Hologram","Steam","Conserve Battery","Capacitor","White Noise+1","Meteor Strike","Rainbow","Amplify+1","Madness","Madness","Go for the Eyes","Jack Of All Trades","Amplify","Barrage+1","Storm+1","Defragment","Jack Of All Trades"],"special_seed":17727,"relics":["Cracked Core","Bottled Tornado","Sundial","Happy Flower","Shuriken","Ancient Tea Set","Whetstone","Peace Pipe","War Paint","Torii","Bag of Preparation","Smiling Mask","Omamori","Calipers","Orrery","Bottled Lightning","Bird Faced Urn","Pear","DataDisk","Oddly Smooth Stone","Lantern","Blood Vial","Cables","Ginger","Kunai","Anchor","Cursed Key","Question Card","Strawberry","Shovel","Gremlin Horn","Symbiotic Virus","Darkstone Periapt","Singing Bowl","Bag of Marbles"],"potions_floor_usage":[4,16,33,33,41,50],"damage_taken":[{"damage":3,"enemies":"Small Slimes","floor":1,"turns":3},{"damage":0,"enemies":"Jaw Worm","floor":2,"turns":3},{"damage":5,"enemies":"2 Louse","floor":3,"turns":3},{"damage":0,"enemies":"Large Slime","floor":4,"turns":4},{"damage":6,"enemies":"2 Fungi Beasts","floor":5,"turns":3},{"damage":8,"enemies":"Gremlin Gang","floor":7,"turns":5},{"damage":0,"enemies":"Exordium Thugs","floor":8,"turns":6},{"damage":5,"enemies":"Lots of Slimes","floor":10,"turns":2},{"damage":0,"enemies":"Gremlin Gang","floor":12,"turns":4},{"damage":0,"enemies":"2 Fungi Beasts","floor":14,"turns":1},{"damage":0,"enemies":"Hexaghost","floor":16,"turns":5},{"damage":0,"enemies":"Shell Parasite","floor":18,"turns":6},{"damage":0,"enemies":"Chosen","floor":19,"turns":5},{"damage":0,"enemies":"Snecko","floor":21,"turns":5},{"damage":0,"enemies":"3 Cultists","floor":24,"turns":3},{"damage":0,"enemies":"Centurion and Healer","floor":25,"turns":3},{"damage":1,"enemies":"Slavers","floor":27,"turns":3},{"damage":0,"enemies":"Snake Plant","floor":29,"turns":2},{"damage":0,"enemies":"3 Cultists","floor":30,"turns":3},{"damage":0,"enemies":"Chosen and Byrds","floor":31,"turns":4},{"damage":0,"enemies":"Collector","floor":33,"turns":5},{"damage":0,"enemies":"Orb Walker","floor":35,"turns":1},{"damage":0,"enemies":"Flame Bruiser 1 Orb","floor":37,"turns":2},{"damage":0,"enemies":"2 Orb Walkers","floor":41,"turns":3},{"damage":0,"enemies":"Nemesis","floor":44,"turns":3},{"damage":0,"enemies":"4 Shapes","floor":45,"turns":2},{"damage":0,"enemies":"Flame Bruiser 2 Orb","floor":46,"turns":2},{"damage":0,"enemies":"Spire Growth","floor":48,"turns":4},{"damage":0,"enemies":"Time Eater","floor":50,"turns":8}],"seed_played":"-3267651053854438972","potions_obtained":[{"floor":1,"key":"Swift Potion"},{"floor":7,"key":"Fire Potion"},{"floor":8,"key":"FocusPotion"},{"floor":10,"key":"FearPotion"},{"floor":16,"key":"FocusPotion"},{"floor":33,"key":"EssenceOfSteel"},{"floor":35,"key":"Energy Potion"},{"floor":41,"key":"SpeedPotion"},{"floor":48,"key":"Block Potion"}],"is_trial":false,"path_per_floor":["M","M","M","M","M","R","M","M","T","M","?","M","R","M","R","B",null,"M","M","$","M","?","R","M","M","T","E","R","M","M","M","R","B",null,"M","?","M","$","?","R","E","R","T","E","M","M","$","M","R","B"],"character_chosen":"DEFECT","items_purchased":["Capacitor","White Noise","Meteor Strike","Go for the Eyes","Jack Of All Trades","Amplify","Defragment","Jack Of All Trades"],"campfire_rested":1,"item_purchase_floors":[20,20,20,38,38,38,47,47],"current_hp_per_floor":[71,71,66,66,60,60,52,52,52,47,35,35,53,53,53,53,57,56,55,54,63,62,61,60,59,58,57,56,55,54,53,52,51,50,49,43,54,53,52,51,50,49,48,47,46,45,44,43,42,41],"gold":38,"neow_bonus":"","is_prod":false,"is_daily":true,"chose_seed":false,"campfire_upgraded":8,"win_rate":0.0,"timestamp":1531686410,"path_taken":["M","M","M","M","M","R","M","M","T","M","?","M","R","M","R","BOSS","M","M","$","M","?","R","M","M","T","E","R","M","M","M","R","BOSS","M","?","M","$","?","R","E","R","T","E","M","?","$","M","R","BOSS"],"build_version":"2018-07-12","purchased_purges":0,"victory":true,"max_hp_per_floor":[73,72,71,70,69,68,67,66,65,64,63,62,61,60,59,58,57,56,55,54,63,62,61,60,59,58,57,56,55,54,53,52,51,50,49,48,54,53,52,51,50,49,48,47,46,45,44,43,42,41],"card_choices":[{"not_picked":["Rainbow","Seek"],"picked":"Buffer","floor":16},{"not_picked":["Redo","Hologram"],"picked":"Conserve Battery","floor":17},{"not_picked":["Tempest","Sweeping Beam"],"picked":"Stack","floor":17},{"not_picked":["Consume","Melter"],"picked":"Hologram","floor":17},{"not_picked":["Double Energy","Coolheaded"],"picked":"Steam","floor":17},{"not_picked":["Leap","Barrage"],"picked":"Conserve Battery","floor":17},{"not_picked":["Steam Power","Steam"],"picked":"Rainbow","floor":27},{"not_picked":["Core Surge","Hyperbeam"],"picked":"Amplify","floor":33},{"not_picked":["Consume+1","Rebound","Stack"],"picked":"Barrage+1","floor":41},{"not_picked":["Darkness","Gash","Auto Shields+1"],"picked":"Storm+1","floor":44}],"player_experience":35493,"relics_obtained":[{"floor":1,"key":"Bottled Tornado"},{"floor":2,"key":"Sundial"},{"floor":3,"key":"Happy Flower"},{"floor":4,"key":"Shuriken"},{"floor":5,"key":"Ancient Tea Set"},{"floor":7,"key":"Whetstone"},{"floor":8,"key":"Peace Pipe"},{"floor":9,"key":"War Paint"},{"floor":10,"key":"Torii"},{"floor":12,"key":"Smiling Mask"},{"floor":14,"key":"Omamori"},{"floor":16,"key":"Calipers"},{"floor":18,"key":"Bottled Lightning"},{"floor":19,"key":"Bird Faced Urn"},{"floor":21,"key":"Pear"},{"floor":24,"key":"DataDisk"},{"floor":25,"key":"Oddly Smooth Stone"},{"floor":26,"key":"Lantern"},{"floor":27,"key":"Blood Vial"},{"floor":29,"key":"Cables"},{"floor":30,"key":"Ginger"},{"floor":31,"key":"Kunai"},{"floor":33,"key":"Anchor"},{"floor":35,"key":"Question Card"},{"floor":37,"key":"Strawberry"},{"floor":41,"key":"Shovel"},{"floor":43,"key":"Gremlin Horn"},{"floor":44,"key":"Symbiotic Virus"},{"floor":45,"key":"Darkstone Periapt"},{"floor":46,"key":"Singing Bowl"},{"floor":48,"key":"Bag of Marbles"}],"event_choices":[{"event_name":"Scrap Ooze","player_choice":"success","floor":11,"damage_taken":12},{"event_name":"Drug Dealer","player_choice":"Ignored","floor":22,"damage_taken":0},{"event_name":"Winding Halls","player_choice":"Embrace Madness","floor":36,"damage_taken":0},{"event_name":"The Woman in Blue","player_choice":"Bought 0 Potions","floor":39,"damage_taken":0}],"boss_relics":[{"not_picked":["Runic Pyramid","Velvet Choker"],"picked":"Orrery"},{"not_picked":["Tiny House","Nuclear Battery"],"picked":"Cursed Key"}],"items_purged_floors":[],"is_endless":false,"potions_floor_spawned":[1,7,8,10,12,14,16,19,21,25,30,33,35,41,46,48],"ascension_level":0}