{"gold_per_floor":[116,136,136,146,156,182,457,457,457,467,484,513,527,157,157,235,235,249,249,89,101,101,101,126,126,126,136,136,136,156,14,14,14],"floor_reached":33,"playtime":1949,"items_purged":[],"score":599,"play_id":"0f64d26e-6b0e-4dd9-a079-cc748c57f93c","local_time":"20190326113538","is_ascension_mode":true,"campfire_choices":[{"data":"Whirlwind","floor":8,"key":"SMITH"},{"data":"Disarm","floor":15,"key":"SMITH"},{"data":"Exhume","floor":23,"key":"SMITH"},{"data":"Fiend Fire","floor":25,"key":"SMITH"},{"data":"Wild Strike","floor":28,"key":"SMITH"},{"data":"Evolve","floor":32,"key":"SMITH"}],"neow_cost":"NONE","seed_source_timestamp":4185544277831,"circlet_count":0,"master_deck":["AscendersBane","Defend_R","Defend_R","Defend_R","Defend_R","Bash","Fiend Fire+1","Thunderclap","Offering+1","Wild Strike+1","Whirlwind+1","Feed","Flame Barrier","Disarm+1","Evolve+1","Second Wind","Exhume+1","Evolve","Bite","Bite","Bite","Bite","Bite","Whirlwind+1","Dark Embrace","Shame","Anger+1","Power Through"],"relics":["Burning Blood","Orichalcum","Kunai","Singing Bowl","PreservedInsect","Cursed Key","Bag of Preparation","StoneCalendar","Paper Frog"],"potions_floor_usage":[6,10,13,16,16,27,33,33],"damage_taken":[{"damage":8,"enemies":"2 Louse","floor":1,"turns":3},{"damage":6,"enemies":"Cultist","floor":2,"turns":3},{"damage":4,"enemies":"Small Slimes","floor":4,"turns":3},{"damage":6,"enemies":"Looter","floor":5,"turns":2},{"damage":6,"enemies":"Lagavulin","floor":6,"turns":2},{"damage":6,"enemies":"Red Slaver","floor":10,"turns":1},{"damage":14,"enemies":"Blue Slaver","floor":11,"turns":2},{"damage":8,"enemies":"Gremlin Nob","floor":12,"turns":3},{"damage":2,"enemies":"Large Slime","floor":13,"turns":3},{"damage":19,"enemies":"Hexaghost","floor":16,"turns":8},{"damage":28,"enemies":"Shell Parasite","floor":18,"turns":2},{"damage":21,"enemies":"Chosen","floor":21,"turns":7},{"damage":24,"enemies":"Gremlin Leader","floor":24,"turns":5},{"damage":0,"enemies":"Snake Plant","floor":27,"turns":2},{"damage":10,"enemies":"Centurion and Healer","floor":30,"turns":7},{"damage":88,"enemies":"Champ","floor":33,"turns":12}],"seed_played":"3054609754882236504","potions_obtained":[{"floor":2,"key":"Fire Potion"},{"floor":5,"key":"GamblersBrew"},{"floor":6,"key":"Strength Potion"},{"floor":11,"key":"LiquidBronze"},{"floor":16,"key":"Fire Potion"},{"floor":18,"key":"Dexterity Potion"},{"floor":24,"key":"LiquidBronze"}],"is_trial":false,"path_per_floor":["M","M","?","M","M","E","?","R","T","M","M","E","M","$","R","B",null,"M","?","$","M","?","R","E","R","T","M","R","$","M","$","R","B"],"character_chosen":"IRONCLAD","items_purchased":["Evolve","PreservedInsect","PowerPotion","Second Wind","Bag of Preparation","Power Through","Swift Potion"],"campfire_rested":0,"item_purchase_floors":[14,14,14,14,20,31,31],"current_hp_per_floor":[66,66,66,68,68,68,68,68,68,68,60,60,64,64,64,51,71,49,49,49,44,44,44,39,39,39,47,47,47,58,58,58,0],"gold":14,"neow_bonus":"ONE_RANDOM_RARE_CARD","is_prod":false,"is_daily":false,"chose_seed":false,"campfire_upgraded":6,"win_rate":0,"timestamp":1553596538,"path_taken":["M","M","?","?","M","E","?","R","T","M","?","E","M","$","R","BOSS","M","?","$","M","?","R","E","R","T","M","R","$","M","$","R","BOSS"],"build_version":"2019-01-23","purchased_purges":0,"victory":false,"max_hp_per_floor":[75,75,75,75,75,75,75,75,75,75,75,77,77,77,77,77,77,77,53,53,53,53,53,56,56,56,58,58,58,58,58,58,58],"card_choices":[{"not_picked":["Perfected Strike","Combust"],"picked":"Thunderclap","floor":1},{"not_picked":["Armaments","Twin Strike"],"picked":"Offering","floor":2},{"not_picked":["Infernal Blade","Perfected Strike"],"picked":"Wild Strike","floor":4},{"not_picked":["Havoc","Sword Boomerang"],"picked":"Whirlwind","floor":5},{"not_picked":["True Grit","Intimidate"],"picked":"Feed","floor":6},{"not_picked":["Heavy Blade","Iron Wave","Havoc"],"picked":"SKIP","floor":10},{"not_picked":["Twin Strike","Headbutt"],"picked":"Flame Barrier","floor":11},{"not_picked":["Carnage","Heavy Blade","Havoc"],"picked":"Singing Bowl","floor":12},{"not_picked":["Corruption","Shockwave"],"picked":"Disarm","floor":13},{"not_picked":["Reaper","Limit Break"],"picked":"Exhume","floor":16},{"not_picked":["Entrench+1","Cleave"],"picked":"Evolve","floor":18},{"not_picked":["Flex","Twin Strike"],"picked":"Whirlwind+1","floor":21},{"not_picked":["Armaments","Searing Blow"],"picked":"Dark Embrace","floor":24},{"not_picked":["Shrug It Off","Body Slam","Flex"],"picked":"Singing Bowl","floor":27},{"not_picked":["Thunderclap","Perfected Strike"],"picked":"Anger+1","floor":30}],"player_experience":788193,"relics_obtained":[{"floor":6,"key":"Orichalcum"},{"floor":9,"key":"Kunai"},{"floor":12,"key":"Singing Bowl"},{"floor":24,"key":"StoneCalendar"},{"floor":26,"key":"Paper Frog"}],"event_choices":[{"damage_healed":0,"gold_gain":0,"player_choice":"Upgraded","damage_taken":0,"max_hp_gain":0,"max_hp_loss":0,"event_name":"Upgrade Shrine","floor":3,"gold_loss":0,"cards_upgraded":["Offering"]},{"damage_healed":0,"gold_gain":275,"player_choice":"Desecrate","damage_taken":0,"max_hp_gain":0,"max_hp_loss":0,"event_name":"Golden Shrine","floor":7,"gold_loss":0,"cards_obtained":["Regret"]},{"damage_healed":0,"gold_gain":0,"player_choice":"Became a vampire","damage_taken":0,"max_hp_gain":0,"max_hp_loss":24,"event_name":"Vampires","floor":19,"gold_loss":0,"cards_obtained":["Bite","Bite","Bite","Bite","Bite"]},{"cards_removed":["Regret"],"damage_healed":0,"gold_gain":0,"player_choice":"Elegance","damage_taken":0,"max_hp_gain":0,"max_hp_loss":0,"event_name":"Back to Basics","floor":22,"gold_loss":0}],"is_beta":false,"boss_relics":[{"not_picked":["Pandora\u0027s Box","Black Star"],"picked":"Cursed Key"}],"items_purged_floors":[],"is_endless":false,"potions_floor_spawned":[2,5,6,11,16,18,24],"killed_by":"Champ","ascension_level":18}