{"gold_per_floor":[365,375,96,113,188,220,238,268,340,340,350,362,413,442,442,542,542,555,181,281,297,0,0,25,25,25,35,60,70,82,110,110,205,205,222,232,232,243,258,258,285,305,305,330,19,19,19,51,51,51,51,51,2,30,30],"floor_reached":56,"playtime":3189,"items_purged":["Defend_R"],"score":1499,"play_id":"d5ce65a8-df02-4d65-a52e-8eedc11c7216","local_time":"20190322194835","is_ascension_mode":true,"campfire_choices":[{"data":"Bash","floor":10.0,"key":"SMITH"},{"data":"True Grit","floor":15.0,"key":"SMITH"},{"data":"Seeing Red","floor":23.0,"key":"SMITH"},{"data":"Dark Embrace","floor":25.0,"key":"SMITH"},{"data":"Demon Form","floor":32.0,"key":"SMITH"},{"floor":40.0,"key":"RECALL"},{"data":"Offering","floor":46.0,"key":"SMITH"},{"data":"Offering","floor":49.0,"key":"SMITH"},{"data":"Flame Barrier","floor":52.0,"key":"SMITH"}],"neow_cost":"TEN_PERCENT_HP_LOSS","seed_source_timestamp":121107228368600,"circlet_count":0,"master_deck":["Strike_R","Strike_R","Strike_R","Strike_R","Strike_R","Defend_R","Defend_R","Bash+1","Shrug It Off","Twin Strike+1","Perfected Strike+1","Carnage+1","Perfected Strike+1","True Grit+1","Seeing Red+1","Uppercut+1","Cleave+1","Dark Embrace+1","Iron Wave+1","Spot Weakness","Anger+1","Iron Wave+1","Inflame+1","Immolate+1","Headbutt+1","Flame Barrier+1","Heavy Blade+1","Pommel Strike+1","Demon Form+1","Offering+1","Armaments+1","Perfected Strike+1","Sword Boomerang+1","Rage+1","Writhe","Offering+1","Feed+1","Shrug It Off"],"special_seed":0,"relics":["Burning Blood","Molten Egg 2","Pocketwatch","Thread and Needle","Ornamental Fan","Oddly Smooth Stone","Coffee Dripper","Mummified Hand","Du-Vu Doll","Pantograph","Bag of Marbles","Regal Pillow","Letter Opener","Meat on the Bone","Cursed Key","Happy Flower","Ice Cream","Ancient Tea Set","Omamori","StoneCalendar"],"potions_floor_usage":[55],"damage_taken":[{"damage":8.0,"enemies":"2 Louse","floor":1.0,"turns":3.0},{"damage":0.0,"enemies":"Small Slimes","floor":2.0,"turns":3.0},{"damage":0.0,"enemies":"Jaw Worm","floor":4.0,"turns":3.0},{"damage":16.0,"enemies":"Lagavulin","floor":6.0,"turns":8.0},{"damage":0.0,"enemies":"Blue Slaver","floor":7.0,"turns":3.0},{"damage":6.0,"enemies":"Gremlin Nob","floor":8.0,"turns":3.0},{"damage":3.0,"enemies":"3 Louse","floor":11.0,"turns":3.0},{"damage":0.0,"enemies":"Exordium Thugs","floor":12.0,"turns":3.0},{"damage":7.0,"enemies":"Lagavulin","floor":14.0,"turns":5.0},{"damage":14.0,"enemies":"Hexaghost","floor":16.0,"turns":8.0},{"damage":8.0,"enemies":"Chosen","floor":18.0,"turns":2.0},{"damage":0.0,"enemies":"Colosseum Slavers","floor":20.0,"turns":3.0},{"damage":0.0,"enemies":"Colosseum Nobs","floor":20.0,"turns":4.0},{"damage":0.0,"enemies":"Spheric Guardian","floor":21.0,"turns":3.0},{"damage":3.0,"enemies":"Book of Stabbing","floor":24.0,"turns":4.0},{"damage":7.0,"enemies":"Shelled Parasite and Fungi","floor":27.0,"turns":4.0},{"damage":0.0,"enemies":"Gremlin Leader","floor":28.0,"turns":2.0},{"damage":0.0,"enemies":"Cultist and Chosen","floor":29.0,"turns":2.0},{"damage":0.0,"enemies":"3 Cultists","floor":30.0,"turns":3.0},{"damage":0.0,"enemies":"Book of Stabbing","floor":31.0,"turns":3.0},{"damage":2.0,"enemies":"Collector","floor":33.0,"turns":5.0},{"damage":3.0,"enemies":"3 Shapes","floor":35.0,"turns":2.0},{"damage":0.0,"enemies":"3 Darklings","floor":36.0,"turns":6.0},{"damage":5.0,"enemies":"4 Shapes","floor":38.0,"turns":3.0},{"damage":4.0,"enemies":"Writhing Mass","floor":39.0,"turns":3.0},{"damage":5.0,"enemies":"Giant Head","floor":41.0,"turns":5.0},{"damage":0.0,"enemies":"Spire Growth","floor":42.0,"turns":3.0},{"damage":25.0,"enemies":"Nemesis","floor":44.0,"turns":3.0},{"damage":13.0,"enemies":"Reptomancer","floor":48.0,"turns":5.0},{"damage":59.0,"enemies":"Awakened One","floor":50.0,"turns":8.0},{"damage":22.0,"enemies":"Shield and Spear","floor":54.0,"turns":3.0},{"damage":53,"enemies":"The Heart","floor":55,"turns":7}],"seed_played":"-8666771068125038686","potions_obtained":[{"floor":6.0,"key":"SkillPotion"},{"floor":7.0,"key":"SmokeBomb"},{"floor":11.0,"key":"GamblersBrew"},{"floor":16.0,"key":"Fire Potion"},{"floor":20.0,"key":"SpeedPotion"},{"floor":28.0,"key":"Dexterity Potion"},{"floor":29.0,"key":"PowerPotion"},{"floor":30.0,"key":"Explosive Potion"},{"floor":35.0,"key":"LiquidBronze"},{"floor":38.0,"key":"Regen Potion"},{"floor":44.0,"key":"Fruit Juice"},{"floor":48.0,"key":"Explosive Potion"},{"floor":54.0,"key":"Fire Potion"}],"is_trial":false,"path_per_floor":["M","M","$","M","?","E","M","E","T","R","M","M","?","E","R","B",null,"M","$","?","M","$","R","E","R","T","M","E","M","M","E","R","B",null,"M","M","?","M","M","R","E","M","T","E","$","R","?","E","R","B",null,"R","$","E","B",null],"character_chosen":"IRONCLAD","items_purchased":["Molten Egg 2","Twin Strike+1","Spot Weakness","Anger+1","Mummified Hand","Immolate+1","Bag of Marbles","Dexterity Potion","Feed+1","Shrug It Off","AttackPotion"],"campfire_rested":0,"item_purchase_floors":[3,3,19,19,19,22,22,45,45,45,53],"current_hp_per_floor":[70,72,72,72,61,51,57,57,57,57,60,66,66,65,65,57,72,70,70,72,72,72,72,72,72,72,71,72,72,72,72,72,72,72,72,72,72,72,72,72,72,72,72,58,58,58,58,51,51,48,77,77,77,61,42],"gold":30,"neow_bonus":"TWO_FIFTY_GOLD","is_prod":false,"is_daily":false,"chose_seed":false,"campfire_upgraded":8,"win_rate":1,"timestamp":1553309315,"path_taken":["M","M","$","M","?","E","M","E","T","R","M","M","?","E","R","BOSS","M","$","?","M","$","R","E","R","T","M","E","M","M","E","R","BOSS","M","M","?","M","M","R","E","M","T","E","$","R","?","E","R","BOSS","R","$","E","BOSS"],"build_version":"2019-01-23","purchased_purges":1,"victory":true,"max_hp_per_floor":[72,72,72,72,72,72,72,72,72,72,72,72,72,72,72,72,72,72,72,72,72,72,72,72,72,72,72,72,72,72,72,72,72,72,72,72,72,72,72,72,72,72,72,77,77,77,73,73,73,77,77,77,77,77,77],"card_choices":[{"not_picked":["Perfected Strike","Pommel Strike"],"picked":"Shrug It Off","floor":1.0},{"not_picked":["Wild Strike","Seeing Red","Entrench"],"picked":"SKIP","floor":2.0},{"not_picked":["Wild Strike+1","Twin Strike+1"],"picked":"Perfected Strike+1","floor":4.0},{"not_picked":["Iron Wave+1","Offering"],"picked":"Carnage+1","floor":6.0},{"not_picked":["Flame Barrier","Clash+1"],"picked":"Perfected Strike+1","floor":7.0},{"not_picked":["Infernal Blade","Clash+1"],"picked":"True Grit","floor":8.0},{"not_picked":["Flex","True Grit"],"picked":"Seeing Red","floor":11.0},{"not_picked":["Warcry","Whirlwind+1"],"picked":"Uppercut+1","floor":12.0},{"not_picked":["Double Tap","Blood for Blood+1"],"picked":"Cleave+1","floor":14.0},{"not_picked":["Berserk","Brutality"],"picked":"Dark Embrace","floor":16.0},{"not_picked":["True Grit","Wild Strike+1"],"picked":"Iron Wave+1","floor":18.0},{"not_picked":["Sever Soul+1","Cleave+1"],"picked":"Iron Wave+1","floor":20.0},{"not_picked":["Warcry","Fire Breathing"],"picked":"Inflame+1","floor":21.0},{"not_picked":["Brutality","Wild Strike+1","Body Slam+1"],"picked":"SKIP","floor":24.0},{"not_picked":["Brutality","Wild Strike+1","Body Slam+1"],"picked":"SKIP","floor":24.0},{"not_picked":["Brutality","Wild Strike+1","Body Slam+1"],"picked":"SKIP","floor":24.0},{"not_picked":["Warcry","True Grit"],"picked":"Headbutt+1","floor":27.0},{"not_picked":["Infernal Blade","Spot Weakness"],"picked":"Flame Barrier","floor":28.0},{"not_picked":["Bloodletting","Flex"],"picked":"Heavy Blade+1","floor":29.0},{"not_picked":["True Grit","Heavy Blade+1"],"picked":"Pommel Strike+1","floor":30.0},{"not_picked":["Sword Boomerang+1","Flex"],"picked":"Demon Form","floor":31.0},{"not_picked":["Berserk","Brutality"],"picked":"Offering","floor":33.0},{"not_picked":["Anger+1","Wild Strike+1"],"picked":"Armaments+1","floor":35.0},{"not_picked":["Infernal Blade+1","Wild Strike+1","Bloodletting+1"],"picked":"SKIP","floor":36.0},{"not_picked":["Feel No Pain","Bloodletting","Power Through"],"picked":"SKIP","floor":38.0},{"not_picked":["Cleave+1","Fire Breathing"],"picked":"Perfected Strike+1","floor":39.0},{"not_picked":["Thunderclap+1","Rampage+1"],"picked":"Sword Boomerang+1","floor":41.0},{"not_picked":["Rupture+1","Metallicize+1"],"picked":"Rage+1","floor":42.0},{"not_picked":["Wild Strike+1","Heavy Blade+1"],"picked":"Offering","floor":44.0},{"not_picked":["Evolve","Armaments","Twin Strike+1"],"picked":"SKIP","floor":48.0},{"not_picked":["Perfected Strike+1","Heavy Blade+1","Bloodletting+1"],"picked":"SKIP","floor":54.0}],"player_experience":39462,"relics_obtained":[{"floor":6.0,"key":"Pocketwatch"},{"floor":8.0,"key":"Thread and Needle"},{"floor":9.0,"key":"Ornamental Fan"},{"floor":14.0,"key":"Oddly Smooth Stone"},{"floor":20.0,"key":"Du-Vu Doll"},{"floor":20.0,"key":"Pantograph"},{"floor":24.0,"key":"Regal Pillow"},{"floor":28.0,"key":"Letter Opener"},{"floor":31.0,"key":"Meat on the Bone"},{"floor":41.0,"key":"Happy Flower"},{"floor":43.0,"key":"Ice Cream"},{"floor":44.0,"key":"Ancient Tea Set"},{"floor":48.0,"key":"Omamori"},{"floor":54.0,"key":"StoneCalendar"}],"event_choices":[{"damage_healed":0.0,"max_hp_gain":0.0,"max_hp_loss":0.0,"gold_gain":75.0,"event_name":"World of Goop","player_choice":"Gather Gold","floor":5.0,"gold_loss":0.0,"damage_taken":11.0},{"damage_healed":0.0,"max_hp_gain":0.0,"max_hp_loss":0.0,"gold_gain":51.0,"event_name":"Golden Wing","player_choice":"Gained Gold","floor":13.0,"gold_loss":0.0,"damage_taken":0.0},{"damage_healed":0.0,"max_hp_gain":0.0,"max_hp_loss":0.0,"gold_gain":0.0,"event_name":"Colosseum","player_choice":"Fight","floor":20.0,"gold_loss":0.0,"damage_taken":0.0},{"damage_healed":0.0,"max_hp_gain":0.0,"max_hp_loss":0.0,"gold_gain":0.0,"event_name":"Colosseum","player_choice":"Fought Nobs","floor":20.0,"gold_loss":0.0,"damage_taken":0.0},{"cards_removed":["Defend_R"],"damage_healed":0.0,"max_hp_gain":0.0,"max_hp_loss":0.0,"gold_gain":0.0,"event_name":"Falling","player_choice":"Removed Skill","floor":37.0,"gold_loss":0.0,"damage_taken":0.0},{"damage_healed":0.0,"max_hp_gain":0.0,"max_hp_loss":4.0,"gold_gain":0.0,"event_name":"Winding Halls","player_choice":"Max HP","floor":47.0,"gold_loss":0.0,"damage_taken":0.0}],"is_beta":false,"boss_relics":[{"not_picked":["Busted Crown","Lizard Tail"],"picked":"Coffee Dripper"},{"not_picked":["Tiny House","Fusion Hammer"],"picked":"Cursed Key"}],"items_purged_floors":[45],"is_endless":false,"potions_floor_spawned":[6,7,11,16,20,27,28,29,30,31,35,38,39,44,48,54],"ascension_level":2}