{"gold_per_floor":[111,126,144,144,159,186,186,212,212,226,256,266,266,301,301,380,380,397,397,90,5,15,49,64,64,118,118,143,159,78,110,110,182,182,195,212,212,1211,1222,1222,1248,1259,1259,902,935,373,387,421,421,421,421,421,421,98,128,128],"floor_reached":57,"playtime":6478,"items_purged":["Normality","Normality","Wild Strike"],"score":2875,"play_id":"f8071153-057e-4fd9-8fca-6feb1a977c04","local_time":"20190305073200","is_ascension_mode":true,"campfire_choices":[{"data":"Metallicize","floor":7.0,"key":"SMITH"},{"floor":13.0,"key":"REST"},{"data":"Disarm","floor":15.0,"key":"SMITH"},{"data":"Berserk","floor":25.0,"key":"SMITH"},{"data":"Uppercut","floor":27.0,"key":"SMITH"},{"floor":32.0,"key":"RECALL"},{"data":"Demon Form","floor":40.0,"key":"SMITH"},{"data":"Clothesline","floor":49.0,"key":"SMITH"},{"data":"Inflame","floor":53.0,"key":"SMITH"}],"neow_cost":"NONE","seed_source_timestamp":0,"circlet_count":0,"master_deck":["AscendersBane","Defend_R","Defend_R","Defend_R","Defend_R","Bash+1","Metallicize+1","Disarm+1","Thunderclap","Berserk+1","Impervious","Intimidate","Clothesline+1","Rage","Rampage","Immolate","Uppercut+1","Spot Weakness","Corruption","Cleave","Ghostly Armor+1","Bite","Bite","Bite","Bite","Bite","Inflame+1","Havoc+1","Double Tap","Evolve","Ghostly Armor","Demon Form+1","Armaments+1","Shrug It Off","Apotheosis","Feel No Pain+1","Power Through","Feel No Pain+1","Exhume","Clothesline","Inflame+1","Armaments","Corruption+1"],"special_seed":0,"relics":["Burning Blood","Dodecahedron","Boot","Bottled Tornado","Art of War","Bottled Flame","Vajra","Orrery","Bag of Marbles","Centennial Puzzle","FossilizedHelix","Ancient Tea Set","Orichalcum","Blue Candle","Snecko Eye","Frozen Egg 2","Oddly Smooth Stone","Membership Card","Lantern","Charon\u0027s Ashes","Ice Cream","Bag of Preparation","Strawberry","Self Forming Clay"],"potions_floor_usage":[56],"damage_taken":[{"damage":7.0,"enemies":"Small Slimes","floor":1.0,"turns":3.0},{"damage":1.0,"enemies":"Cultist","floor":2.0,"turns":3.0},{"damage":0.0,"enemies":"2 Louse","floor":3.0,"turns":3.0},{"damage":5.0,"enemies":"Blue Slaver","floor":5.0,"turns":4.0},{"damage":29.0,"enemies":"Gremlin Nob","floor":6.0,"turns":4.0},{"damage":21.0,"enemies":"Lagavulin","floor":8.0,"turns":7.0},{"damage":0.0,"enemies":"Looter","floor":10.0,"turns":4.0},{"damage":26.0,"enemies":"3 Sentries","floor":11.0,"turns":12.0},{"damage":2.0,"enemies":"2 Fungi Beasts","floor":12.0,"turns":4.0},{"damage":35.0,"enemies":"Gremlin Nob","floor":14.0,"turns":5.0},{"damage":8.0,"enemies":"Hexaghost","floor":16.0,"turns":12.0},{"damage":32.0,"enemies":"Shell Parasite","floor":18.0,"turns":5.0},{"damage":17.0,"enemies":"Spheric Guardian","floor":22.0,"turns":7.0},{"damage":23.0,"enemies":"Gremlin Leader","floor":23.0,"turns":7.0},{"damage":14.0,"enemies":"Snake Plant","floor":24.0,"turns":5.0},{"damage":13.0,"enemies":"Slavers","floor":28.0,"turns":5.0},{"damage":2.0,"enemies":"Sentry and Sphere","floor":29.0,"turns":7.0},{"damage":12.0,"enemies":"Book of Stabbing","floor":31.0,"turns":5.0},{"damage":58.0,"enemies":"Automaton","floor":33.0,"turns":12.0},{"damage":3.0,"enemies":"3 Darklings","floor":35.0,"turns":6.0},{"damage":0.0,"enemies":"3 Shapes","floor":36.0,"turns":3.0},{"damage":14.0,"enemies":"Spire Growth","floor":39.0,"turns":5.0},{"damage":1.0,"enemies":"Jaw Worm Horde","floor":42.0,"turns":3.0},{"damage":0.0,"enemies":"Nemesis","floor":45.0,"turns":5.0},{"damage":0.0,"enemies":"Transient","floor":47.0,"turns":6.0},{"damage":0.0,"enemies":"Giant Head","floor":48.0,"turns":7.0},{"damage":12.0,"enemies":"Donu and Deca","floor":50.0,"turns":8.0},{"damage":8.0,"enemies":"Time Eater","floor":51.0,"turns":9.0},{"damage":22.0,"enemies":"Shield and Spear","floor":55.0,"turns":4.0},{"damage":48,"enemies":"The Heart","floor":56,"turns":9}],"seed_played":"6295685276134471525","potions_obtained":[{"floor":2.0,"key":"Block Potion"},{"floor":3.0,"key":"SpeedPotion"},{"floor":6.0,"key":"Dexterity Potion"},{"floor":11.0,"key":"Poison Potion"},{"floor":12.0,"key":"FearPotion"},{"floor":24.0,"key":"SteroidPotion"},{"floor":31.0,"key":"Block Potion"},{"floor":33.0,"key":"Block Potion"},{"floor":35.0,"key":"SteroidPotion"}],"is_trial":false,"path_per_floor":["M","M","M","?","M","E","R","E","T","M","E","M","R","E","R","B",null,"M","?","$","?","M","E","M","R","T","R","E","M","$","E","R","B",null,"M","M","?","?","M","R","T","M","T","$","E","$","M","E","R","B","B",null,"R","$","E","B",null],"character_chosen":"IRONCLAD","items_purchased":["Bag of Marbles","Inflame","SteroidPotion","LiquidBronze","Apotheosis","Feel No Pain+1","Membership Card","Lantern","Charon\u0027s Ashes","Feel No Pain+1","Bag of Preparation","Strawberry","Clothesline","Inflame+1","Armaments"],"campfire_rested":1,"item_purchase_floors":[20,20,20,30,44,44,46,46,46,46,54,54,54,54,54],"current_hp_per_floor":[67,72,75,75,75,52,52,37,37,43,23,27,49,20,20,18,61,35,35,35,35,34,31,29,29,29,29,30,50,50,52,52,20,44,52,52,49,49,49,49,49,49,49,49,49,49,49,49,49,49,49,49,49,56,46,13],"gold":128,"neow_bonus":"UPGRADE_CARD","is_prod":false,"is_daily":false,"chose_seed":false,"campfire_upgraded":7,"win_rate":0,"timestamp":1551792720,"path_taken":["M","M","M","?","M","E","R","E","T","M","E","?","R","E","R","BOSS","M","?","$","?","M","E","M","R","T","R","E","M","?","E","R","BOSS","M","M","?","?","M","R","?","M","T","$","E","$","M","E","R","BOSS","BOSS","R","$","E","BOSS"],"build_version":"2019-01-23","purchased_purges":3,"victory":true,"max_hp_per_floor":[75,75,75,75,75,75,75,75,75,75,75,75,75,75,75,75,75,75,52,52,52,52,52,52,52,52,52,52,52,52,52,52,52,52,52,52,49,49,49,49,49,49,49,49,49,49,49,49,49,49,49,49,49,56,56,56],"card_choices":[{"not_picked":["Warcry","Dual Wield"],"picked":"Metallicize","floor":1.0},{"not_picked":["Combust","Iron Wave"],"picked":"Wild Strike","floor":2.0},{"not_picked":["Power Through","Rage"],"picked":"Disarm","floor":3.0},{"not_picked":["True Grit","Shrug It Off"],"picked":"Thunderclap","floor":5.0},{"not_picked":["Thunderclap","True Grit"],"picked":"Berserk","floor":6.0},{"not_picked":["Thunderclap","Sword Boomerang"],"picked":"Impervious","floor":8.0},{"not_picked":["Iron Wave","Fire Breathing"],"picked":"Intimidate","floor":10.0},{"not_picked":["Dark Embrace","Second Wind"],"picked":"Clothesline","floor":11.0},{"not_picked":["Havoc","Heavy Blade"],"picked":"Rage","floor":12.0},{"not_picked":["Bloodletting","Sword Boomerang"],"picked":"Rampage","floor":14.0},{"not_picked":["Double Tap","Brutality"],"picked":"Immolate","floor":16.0},{"not_picked":["Pommel Strike","Warcry"],"picked":"Uppercut","floor":17.0},{"not_picked":["Hemokinesis","Warcry"],"picked":"Spot Weakness","floor":17.0},{"not_picked":["Fire Breathing","Body Slam"],"picked":"Corruption","floor":17.0},{"not_picked":["Heavy Blade","Body Slam"],"picked":"Cleave","floor":17.0},{"not_picked":["Sword Boomerang","Wild Strike+1"],"picked":"Ghostly Armor+1","floor":18.0},{"not_picked":["Wild Strike","Clothesline","Hemokinesis"],"picked":"SKIP","floor":22.0},{"not_picked":["Flex","Whirlwind","Fire Breathing"],"picked":"SKIP","floor":23.0},{"not_picked":["Pommel Strike","Combust"],"picked":"Havoc+1","floor":24.0},{"not_picked":["Perfected Strike+1","Clothesline"],"picked":"Double Tap","floor":28.0},{"not_picked":["Clash+1","Bloodletting"],"picked":"Evolve","floor":29.0},{"not_picked":["Rage","Anger"],"picked":"Ghostly Armor","floor":31.0},{"not_picked":["Bludgeon","Impervious"],"picked":"Demon Form","floor":33.0},{"not_picked":["Headbutt","Bloodletting","Infernal Blade+1"],"picked":"SKIP","floor":35.0},{"not_picked":["Sever Soul","Flex"],"picked":"Armaments+1","floor":36.0},{"not_picked":["Sever Soul","Armaments"],"picked":"Shrug It Off","floor":39.0},{"not_picked":["Flex","Havoc+1","Inflame"],"picked":"SKIP","floor":42.0},{"not_picked":["Blood for Blood+1","Thunderclap"],"picked":"Power Through","floor":45.0},{"not_picked":["Rampage","Carnage","Combust+1"],"picked":"SKIP","floor":47.0},{"not_picked":["Wild Strike","Iron Wave"],"picked":"Exhume","floor":48.0},{"not_picked":["Pommel Strike","Hemokinesis+1"],"picked":"Corruption+1","floor":55.0}],"player_experience":673037,"relics_obtained":[{"floor":6.0,"key":"Boot"},{"floor":8.0,"key":"Bottled Tornado"},{"floor":9.0,"key":"Art of War"},{"floor":11.0,"key":"Bottled Flame"},{"floor":14.0,"key":"Vajra"},{"floor":23.0,"key":"FossilizedHelix"},{"floor":26.0,"key":"Ancient Tea Set"},{"floor":28.0,"key":"Orichalcum"},{"floor":31.0,"key":"Blue Candle"},{"floor":43.0,"key":"Frozen Egg 2"},{"floor":45.0,"key":"Oddly Smooth Stone"},{"floor":48.0,"key":"Ice Cream"},{"floor":55.0,"key":"Self Forming Clay"}],"event_choices":[{"damage_healed":0.0,"max_hp_gain":0.0,"max_hp_loss":0.0,"gold_gain":0.0,"event_name":"WeMeetAgain","player_choice":"Gave Potion","floor":4.0,"gold_loss":0.0,"damage_taken":0.0,"relics_obtained":["Dodecahedron"]},{"damage_healed":0.0,"max_hp_gain":0.0,"max_hp_loss":23.0,"gold_gain":0.0,"event_name":"Vampires","player_choice":"Became a vampire","floor":19.0,"gold_loss":0.0,"damage_taken":0.0,"cards_obtained":["Bite","Bite","Bite","Bite","Bite"]},{"damage_healed":0.0,"max_hp_gain":0.0,"max_hp_loss":0.0,"gold_gain":0.0,"event_name":"Addict","player_choice":"Obtained Relic","floor":21.0,"gold_loss":85.0,"damage_taken":0.0,"relics_obtained":["Centennial Puzzle"]},{"damage_healed":0.0,"max_hp_gain":0.0,"max_hp_loss":3.0,"gold_gain":0.0,"event_name":"Winding Halls","player_choice":"Max HP","floor":37.0,"gold_loss":0.0,"damage_taken":0.0},{"damage_healed":0.0,"max_hp_gain":0.0,"max_hp_loss":0.0,"gold_gain":999.0,"event_name":"MindBloom","player_choice":"Gold","floor":38.0,"gold_loss":0.0,"damage_taken":0.0,"cards_obtained":["Normality","Normality"]}],"is_beta":false,"boss_relics":[{"not_picked":["White Beast Statue","Lizard Tail"],"picked":"Orrery"},{"not_picked":["Philosopher\u0027s Stone","Busted Crown"],"picked":"Snecko Eye"}],"items_purged_floors":[44,46,54],"is_endless":false,"potions_floor_spawned":[2,3,6,11,12,24,31,33,35,36,47],"ascension_level":20}