{"gold_per_floor":[111,126,138,153,165,165,177,62,62,107,119,231,259,281,293,405,417,443,554,584,37,37,37,70,70,70,89,104,121,121],"floor_reached":30,"playtime":2301,"items_purged":[],"score":319,"play_id":"686ed987-c4f6-4f27-a074-3e206527bfd8","local_time":"20180814164336","is_ascension_mode":true,"campfire_choices":[{"data":"Armaments","floor":6,"key":"SMITH"},{"floor":11,"key":"REST"},{"data":"Rupture","floor":15,"key":"SMITH"},{"data":"Dual Wield","floor":23,"key":"SMITH"},{"floor":25,"key":"REST"}],"neow_cost":"NONE","seed_source_timestamp":3954563239411330,"circlet_count":0,"master_deck":["Strike_R","Strike_R","Strike_R","Strike_R","Strike_R","Defend_R","Defend_R","Defend_R","Defend_R","Bash","Immolate","Feel No Pain","Thunderclap","Armaments+1","Rupture+1","Dropkick","Reaper","Bloodletting","Second Wind","Combust","Hemokinesis","Heavy Blade","Feed","Flex","Flex","Flame Barrier","Feed","Battle Trance","Heavy Blade","Rupture","Dual Wield+1","Metallicize","Shrug It Off","Immolate","Finesse","Pommel Strike","Immolate","Rupture","Combust+1","Inflame"],"relics":["Burning Blood","MawBank","Pen Nib","Orrery","Anchor","Blood Vial","Strawberry"],"potions_floor_usage":[16,16,16,18,27],"damage_taken":[{"damage":0,"enemies":"Small Slimes","floor":1,"turns":2},{"damage":6,"enemies":"Cultist","floor":2,"turns":3},{"damage":12,"enemies":"Jaw Worm","floor":3,"turns":2},{"damage":12,"enemies":"3 Louse","floor":4,"turns":2},{"damage":17,"enemies":"Looter","floor":5,"turns":3},{"damage":0,"enemies":"Exordium Wildlife","floor":7,"turns":2},{"damage":40,"enemies":"Lagavulin","floor":10,"turns":6},{"damage":19,"enemies":"Exordium Thugs","floor":13,"turns":4},{"damage":14,"enemies":"Red Slaver","floor":14,"turns":2},{"damage":57,"enemies":"The Guardian","floor":16,"turns":10},{"damage":16,"enemies":"Chosen","floor":18,"turns":6},{"damage":40,"enemies":"Shell Parasite","floor":20,"turns":7},{"damage":31,"enemies":"Gremlin Leader","floor":24,"turns":7},{"damage":32,"enemies":"Snake Plant","floor":27,"turns":4},{"damage":33,"enemies":"Centurion and Healer","floor":28,"turns":4},{"damage":45,"enemies":"Chosen and Byrds","floor":29,"turns":7},{"damage":38,"enemies":"Sentry and Sphere","floor":30,"turns":3}],"seed_played":"3554594009476304883","potions_obtained":[{"floor":3,"key":"SpeedPotion"},{"floor":5,"key":"Regen Potion"},{"floor":13,"key":"LiquidBronze"},{"floor":16,"key":"FearPotion"},{"floor":24,"key":"EssenceOfSteel"},{"floor":28,"key":"FairyPotion"}],"is_trial":false,"path_per_floor":["M","M","M","M","M","R","M","$","T","E","R","?","M","M","R","B",null,"M","?","M","$","?","R","E","R","T","M","M","M"],"character_chosen":"IRONCLAD","items_purchased":["Bloodletting","Second Wind","Dual Wield","Metallicize","Anchor","Shrug It Off","Immolate","Finesse","Pommel Strike"],"campfire_rested":2,"item_purchase_floors":[8,8,21,21,21,21,21,21,21],"current_hp_per_floor":[80,80,74,68,57,57,63,63,63,38,62,62,49,41,41,12,80,70,70,39,39,66,66,52,77,84,60,51,18,0],"gold":121,"neow_bonus":"ONE_RANDOM_RARE_CARD","is_prod":false,"is_daily":false,"chose_seed":false,"campfire_upgraded":3,"win_rate":0,"timestamp":1534261416,"path_taken":["M","M","M","M","M","R","M","$","T","E","R","?","M","M","R","BOSS","M","?","M","$","?","R","E","R","T","?","M","M","M"],"build_version":"2018-08-09","purchased_purges":0,"victory":false,"max_hp_per_floor":[80,80,80,80,80,80,80,80,80,80,80,80,80,80,80,80,80,80,80,83,83,83,83,86,86,93,93,93,93,93],"card_choices":[{"not_picked":["Pommel Strike","Power Through"],"picked":"Feel No Pain","floor":1},{"not_picked":["Shrug It Off","Ghostly Armor"],"picked":"Thunderclap","floor":2},{"not_picked":["Clash","Pommel Strike"],"picked":"Armaments","floor":3},{"not_picked":["Warcry","Heavy Blade"],"picked":"Rupture","floor":4},{"not_picked":["Sword Boomerang","Cleave"],"picked":"Dropkick","floor":5},{"not_picked":["Clash","Flex"],"picked":"Reaper","floor":7},{"not_picked":["Disarm","Thunderclap"],"picked":"Combust","floor":10},{"not_picked":["Burning Pact","Perfected Strike"],"picked":"Hemokinesis","floor":13},{"not_picked":["Twin Strike","Uppercut"],"picked":"Heavy Blade","floor":14},{"not_picked":["Dark Embrace","Bludgeon"],"picked":"Feed","floor":16},{"not_picked":["Sentinel","Headbutt"],"picked":"Flex","floor":17},{"not_picked":["Clothesline","Headbutt"],"picked":"Flex","floor":17},{"not_picked":["Fire Breathing","Body Slam"],"picked":"Flame Barrier","floor":17},{"not_picked":["Second Wind","Searing Blow"],"picked":"Feed","floor":17},{"not_picked":["Twin Strike","Disarm"],"picked":"Battle Trance","floor":17},{"not_picked":["Body Slam","Wild Strike"],"picked":"Heavy Blade","floor":18},{"not_picked":["Ghostly Armor","Iron Wave+1"],"picked":"Rupture","floor":20},{"not_picked":["Clothesline","Headbutt"],"picked":"Immolate","floor":24},{"not_picked":["Combust","Bloodletting"],"picked":"Rupture","floor":27},{"not_picked":["Sword Boomerang","Ghostly Armor"],"picked":"Combust+1","floor":28},{"not_picked":["Pommel Strike","Disarm"],"picked":"Inflame","floor":29}],"player_experience":348883,"relics_obtained":[{"floor":9,"key":"MawBank"},{"floor":10,"key":"Pen Nib"},{"floor":24,"key":"Blood Vial"},{"floor":26,"key":"Strawberry"}],"event_choices":[{"event_name":"Golden Shrine","player_choice":"Pray","floor":12,"damage_taken":0},{"event_name":"Nest","player_choice":"Stole From Cult","floor":19,"damage_taken":0},{"event_name":"The Library","player_choice":"Heal","floor":22,"damage_taken":0}],"is_beta":false,"boss_relics":[{"not_picked":["Velvet Choker","Empty Cage"],"picked":"Orrery"}],"items_purged_floors":[],"is_endless":false,"potions_floor_spawned":[3,5,13,16,24,28],"killed_by":"Sentry and Sphere","ascension_level":3}