{"gold_per_floor":[119,119,44,59,59,59,94,104,104,104,132,146,146,171,171,270,270,287,287,302,11,27,27,27],"floor_reached":24,"playtime":1525,"items_purged":["Regret","Strike_G"],"score":396,"play_id":"13ff216a-d21c-48c2-94d2-3629320e3e5f","local_time":"20190223220317","is_ascension_mode":true,"campfire_choices":[{"data":"All Out Attack","floor":6,"key":"SMITH"},{"data":"Crippling Poison","floor":10,"key":"SMITH"},{"data":"Catalyst","floor":15,"key":"SMITH"},{"floor":23,"key":"REST"}],"neow_cost":"NONE","seed_source_timestamp":19688861413590,"circlet_count":0,"master_deck":["AscendersBane","Defend_G","Defend_G","Defend_G","Defend_G","Defend_G","Strike_G","Strike_G","Strike_G","Strike_G","Survivor","Neutralize+1","All Out Attack+1","Backflip","Crippling Poison+1","Footwork+1","Catalyst+1","Bouncing Flask","Acrobatics+1","Bouncing Flask","Mayhem+1","Escape Plan"],"relics":["Ring of the Snake","NeowsBlessing","Question Card","Art of War","Frozen Egg 2","PreservedInsect","The Specimen","White Beast Statue"],"potions_floor_usage":[20,22,24],"damage_taken":[{"damage":0,"enemies":"Small Slimes","floor":1,"turns":1},{"damage":0,"enemies":"2 Louse","floor":4,"turns":1},{"damage":0,"enemies":"Lagavulin","floor":7,"turns":1},{"damage":0,"enemies":"Cultist","floor":8,"turns":3},{"damage":22,"enemies":"Gremlin Nob","floor":11,"turns":5},{"damage":1,"enemies":"Red Slaver","floor":12,"turns":6},{"damage":0,"enemies":"Lagavulin","floor":14,"turns":8},{"damage":10,"enemies":"Hexaghost","floor":16,"turns":7},{"damage":0,"enemies":"3 Byrds","floor":18,"turns":4},{"damage":20,"enemies":"2 Thieves","floor":20,"turns":5},{"damage":29,"enemies":"3 Cultists","floor":22,"turns":5},{"damage":35,"enemies":"Slavers","floor":24,"turns":2}],"seed_played":"-5440972537349699659","potions_obtained":[{"floor":8,"key":"Swift Potion"},{"floor":11,"key":"FearPotion"},{"floor":12,"key":"SpeedPotion"},{"floor":18,"key":"LiquidBronze"},{"floor":20,"key":"Ancient Potion"},{"floor":22,"key":"PowerPotion"}],"is_trial":false,"path_per_floor":["M","?","$","M","?","R","E","M","T","R","E","M","?","E","R","B",null,"M","?","M","$","M","R","E"],"character_chosen":"THE_SILENT","items_purchased":["Mayhem+1"],"campfire_rested":1,"item_purchase_floors":[21],"current_hp_per_floor":[63,63,63,63,63,63,63,63,63,63,41,40,40,40,40,30,60,60,60,40,40,11,32,0],"gold":27,"neow_bonus":"THREE_ENEMY_KILL","is_prod":false,"is_daily":false,"chose_seed":false,"campfire_upgraded":3,"win_rate":0,"timestamp":1550955797,"path_taken":["M","?","$","M","?","R","E","M","T","R","E","M","?","E","R","BOSS","M","?","M","$","M","R","E"],"build_version":"2019-01-23","purchased_purges":2,"victory":false,"max_hp_per_floor":[70,70,70,70,70,70,70,70,70,70,70,70,70,70,70,70,70,70,70,70,70,70,70,70],"card_choices":[{"not_picked":["Underhanded Strike","Dodge and Roll","Dagger Throw"],"picked":"SKIP","floor":1},{"not_picked":["Well Laid Plans","Dodge and Roll","Backflip"],"picked":"All Out Attack","floor":4},{"not_picked":["Backstab","Riddle With Holes","Outmaneuver"],"picked":"Backflip","floor":7},{"not_picked":["Poisoned Stab","Prepared","Dagger Throw"],"picked":"Crippling Poison","floor":8},{"not_picked":["Well Laid Plans+1","Reflex","Riddle With Holes"],"picked":"Footwork+1","floor":11},{"not_picked":["Slice","Poisoned Stab","Deflect"],"picked":"Catalyst","floor":12},{"not_picked":["Noxious Fumes+1","Blur","Backstab"],"picked":"Bouncing Flask","floor":14},{"not_picked":["Flying Knee+1","Setup","Bane"],"picked":"Acrobatics+1","floor":18},{"not_picked":["Skewer","Prepared","Slice"],"picked":"Bouncing Flask","floor":20},{"not_picked":["Slice","Deflect","Dagger Spray+1"],"picked":"Escape Plan","floor":22}],"player_experience":665404,"relics_obtained":[{"floor":7,"key":"Art of War"},{"floor":9,"key":"Frozen Egg 2"},{"floor":11,"key":"PreservedInsect"},{"floor":14,"key":"The Specimen"}],"event_choices":[{"damage_healed":0,"gold_gain":0,"player_choice":"Box","damage_taken":0,"relics_obtained":["Question Card"],"max_hp_gain":0,"max_hp_loss":0,"event_name":"Big Fish","floor":2,"gold_loss":0,"cards_obtained":["Regret"]},{"damage_healed":0,"gold_gain":0,"player_choice":"Grow","damage_taken":0,"max_hp_gain":0,"max_hp_loss":0,"event_name":"Living Wall","floor":5,"gold_loss":0,"cards_upgraded":["Neutralize"]},{"damage_healed":0,"gold_gain":0,"player_choice":"Ignored","damage_taken":0,"max_hp_gain":0,"max_hp_loss":0,"event_name":"Shining Light","floor":13,"gold_loss":0},{"damage_healed":0,"gold_gain":0,"player_choice":"Ignored","damage_taken":0,"max_hp_gain":0,"max_hp_loss":0,"event_name":"Ghosts","floor":19,"gold_loss":0}],"is_beta":false,"boss_relics":[{"not_picked":["HoveringKite","Eternal Feather"],"picked":"White Beast Statue"}],"items_purged_floors":[3,21],"is_endless":false,"potions_floor_spawned":[8,11,12,18,20,22],"killed_by":"Slavers","ascension_level":10}