{"gold_per_floor":[367,384,49,64,77,2,0,333,333,349,383,383,398,433,433,504,504,528,206,224,224,234,259,259,259],"floor_reached":25,"playtime":1582,"items_purged":["Shame"],"score":486,"play_id":"7042b420-0873-4859-a236-9e32f4ce77d6","local_time":"20190324100450","is_ascension_mode":true,"campfire_choices":[{"floor":12.0,"key":"REST"},{"floor":15.0,"key":"REST"},{"floor":24.0,"key":"REST"}],"neow_cost":"PERCENT_DAMAGE","seed_source_timestamp":923265705227016,"circlet_count":0,"master_deck":["AscendersBane","Strike_B","Strike_B","Strike_B","Strike_B","Defend_B","Defend_B","Defend_B","Defend_B","Zap","Dualcast","Glacier","Conserve Battery","Sunder","Loop","Conserve Battery","Multi-Cast","Doom and Gloom","Steam Power","Beam Cell","Reinforced Body","Reinforced Body","Hologram","Electrodynamics","Parasite","Doubt","Coolheaded","Self Repair","Steam+1"],"special_seed":0,"relics":["Cracked Core","Lantern","Old Coin","Ginger","Dead Branch","DataDisk","Calling Bell","MawBank","Sundial","Torii","Blood Vial","Meat on the Bone"],"potions_floor_usage":[],"damage_taken":[{"damage":2.0,"enemies":"Jaw Worm","floor":1.0,"turns":3.0},{"damage":0.0,"enemies":"2 Louse","floor":2.0,"turns":4.0},{"damage":0.0,"enemies":"Cultist","floor":4.0,"turns":3.0},{"damage":0.0,"enemies":"Blue Slaver","floor":5.0,"turns":2.0},{"damage":28.0,"enemies":"Gremlin Nob","floor":8.0,"turns":4.0},{"damage":0.0,"enemies":"Large Slime","floor":10.0,"turns":4.0},{"damage":8.0,"enemies":"Lagavulin","floor":11.0,"turns":3.0},{"damage":4.0,"enemies":"2 Fungi Beasts","floor":13.0,"turns":3.0},{"damage":11.0,"enemies":"3 Sentries","floor":14.0,"turns":8.0},{"damage":25.0,"enemies":"Hexaghost","floor":16.0,"turns":10.0},{"damage":2.0,"enemies":"Chosen","floor":18.0,"turns":4.0},{"damage":19.0,"enemies":"2 Thieves","floor":20.0,"turns":4.0},{"damage":2.0,"enemies":"Centurion and Healer","floor":22.0,"turns":16.0},{"damage":35.0,"enemies":"Gremlin Leader","floor":23.0,"turns":8.0},{"damage":44,"enemies":"Book of Stabbing","floor":25,"turns":4}],"seed_played":"2019803991920915614","potions_obtained":[{"floor":4.0,"key":"EssenceOfSteel"},{"floor":5.0,"key":"SkillPotion"},{"floor":13.0,"key":"SteroidPotion"},{"floor":14.0,"key":"Dexterity Potion"},{"floor":16.0,"key":"Strength Potion"},{"floor":23.0,"key":"Ancient Potion"}],"is_trial":false,"path_per_floor":["M","M","$","M","M","$","?","E","T","M","E","R","M","E","R","B",null,"M","$","M","$","M","E","R","E"],"character_chosen":"DEFECT","items_purchased":["Sunder","Loop","Lantern","Doom and Gloom","Blood Vial","Self Repair"],"campfire_rested":3,"item_purchase_floors":[3,3,3,6,19,19],"current_hp_per_floor":[44,44,44,44,44,44,44,16,16,16,8,29,25,14,35,10,56,54,54,37,37,44,18,39,0],"gold":259,"neow_bonus":"TWO_FIFTY_GOLD","is_prod":false,"is_daily":false,"chose_seed":false,"campfire_upgraded":0,"win_rate":0,"timestamp":1553439890,"path_taken":["M","M","$","M","M","$","?","E","T","M","E","R","M","E","R","BOSS","M","$","M","$","M","E","R","E"],"build_version":"2019-01-23","purchased_purges":1,"victory":false,"max_hp_per_floor":[71,71,71,71,71,71,71,71,71,71,71,71,71,71,71,71,71,71,71,71,71,71,71,71,71],"card_choices":[{"not_picked":["Coolheaded","Undo"],"picked":"Glacier","floor":1.0},{"not_picked":["Tempest","Static Discharge"],"picked":"Conserve Battery","floor":2.0},{"not_picked":["Streamline","Stack"],"picked":"Conserve Battery","floor":4.0},{"not_picked":["Aggregate","Streamline"],"picked":"Multi-Cast","floor":5.0},{"not_picked":["Tempest","Aggregate"],"picked":"Steam Power","floor":8.0},{"not_picked":["Heatsinks","Streamline"],"picked":"Beam Cell","floor":10.0},{"not_picked":["Force Field","Beam Cell"],"picked":"Reinforced Body","floor":11.0},{"not_picked":["Gash","Ball Lightning"],"picked":"Reinforced Body","floor":13.0},{"not_picked":["Compile Driver","Auto Shields"],"picked":"Hologram","floor":14.0},{"not_picked":["Fission","Meteor Strike"],"picked":"Electrodynamics","floor":16.0},{"not_picked":["Steam Power","Storm"],"picked":"Coolheaded","floor":18.0},{"not_picked":["Skim","White Noise","Barrage"],"picked":"SKIP","floor":20.0},{"not_picked":["White Noise","Compile Driver","Force Field"],"picked":"SKIP","floor":22.0},{"not_picked":["Barrage+1","Streamline+1"],"picked":"Steam+1","floor":23.0}],"player_experience":919505,"relics_obtained":[{"floor":8.0,"key":"Old Coin"},{"floor":9.0,"key":"Ginger"},{"floor":11.0,"key":"Dead Branch"},{"floor":14.0,"key":"DataDisk"},{"floor":17.0,"key":"MawBank"},{"floor":17.0,"key":"Sundial"},{"floor":17.0,"key":"Torii"},{"floor":23.0,"key":"Meat on the Bone"}],"event_choices":[{"damage_healed":0.0,"max_hp_gain":0.0,"max_hp_loss":0.0,"gold_gain":0.0,"event_name":"World of Goop","player_choice":"Left Gold","floor":7.0,"gold_loss":2.0,"damage_taken":0.0}],"is_beta":false,"boss_relics":[{"not_picked":["Lizard Tail","Astrolabe"],"picked":"Calling Bell"}],"items_purged_floors":[19],"is_endless":false,"potions_floor_spawned":[4,5,13,14,16,23],"killed_by":"Book of Stabbing","ascension_level":20}