{"gold_per_floor":[118,118,136,156,14,14,32,61,110,123,23,38,38,102,102,197,197,210,210,224,28,47,47,79,96,96,195,195,209,209,225,225,326,326,339,355,9,22,40,40,60,60,137,171,171,171,185,185,185,185],"floor_reached":50,"playtime":9494,"items_purged":["Defend_B","Dualcast"],"score":531,"play_id":"d20c2326-dfc8-40f7-b0fb-fbe11262e841","local_time":"20190321091348","is_ascension_mode":false,"campfire_choices":[{"floor":6,"key":"RECALL"},{"floor":13,"key":"REST"},{"data":"Buffer","floor":15,"key":"SMITH"},{"floor":23,"key":"REST"},{"data":"Echo Form","floor":28,"key":"SMITH"},{"floor":30,"key":"REST"},{"floor":32,"key":"REST"},{"data":"White Noise","floor":40,"key":"SMITH"},{"floor":42,"key":"REST"},{"floor":45,"key":"REST"},{"data":"Fusion","floor":49,"key":"SMITH"}],"neow_cost":"NONE","seed_source_timestamp":285026937215592,"circlet_count":0,"master_deck":["Zap+1","Conserve Battery","Hologram","Conserve Battery","Defragment","Cold Snap","Barrage","Leap","Cold Snap","Buffer+1","Conserve Battery","Ball Lightning","Echo Form+1","Coolheaded","Streamline","Stack","Steam","Ball Lightning","All For One","Coolheaded","Conserve Battery","White Noise+1","Defragment","Mayhem","Go for the Eyes","Loop","Biased Cognition","Auto Shields","Fusion+1"],"relics":["Cracked Core","Orichalcum","Bottled Flame","Bronze Scales","Tiny Chest","Pandora\u0027s Box","Medical Kit","Darkstone Periapt","Sundial","Sozu","Omamori"],"potions_floor_usage":[8,14,24,24,33,33,33,44],"damage_taken":[{"damage":0,"enemies":"2 Louse","floor":1,"turns":3},{"damage":0,"enemies":"Cultist","floor":3,"turns":3},{"damage":0,"enemies":"Jaw Worm","floor":4,"turns":4},{"damage":16,"enemies":"Lots of Slimes","floor":7,"turns":6},{"damage":11,"enemies":"3 Sentries","floor":8,"turns":7},{"damage":3,"enemies":"Red Slaver","floor":10,"turns":3},{"damage":1,"enemies":"2 Fungi Beasts","floor":12,"turns":3},{"damage":4,"enemies":"Lagavulin","floor":14,"turns":5},{"damage":2,"enemies":"The Guardian","floor":16,"turns":10},{"damage":2,"enemies":"Chosen","floor":18,"turns":4},{"damage":4,"enemies":"3 Byrds","floor":20,"turns":3},{"damage":3,"enemies":"Snake Plant","floor":22,"turns":4},{"damage":24,"enemies":"Slavers","floor":24,"turns":6},{"damage":0,"enemies":"Centurion and Healer","floor":25,"turns":10},{"damage":30,"enemies":"3 Cultists","floor":29,"turns":6},{"damage":19,"enemies":"Snake Plant","floor":31,"turns":5},{"damage":14,"enemies":"Collector","floor":33,"turns":9},{"damage":9,"enemies":"3 Darklings","floor":35,"turns":6},{"damage":8,"enemies":"3 Shapes","floor":36,"turns":6},{"damage":0,"enemies":"Maw","floor":38,"turns":8},{"damage":8,"enemies":"3 Darklings","floor":39,"turns":6},{"damage":2,"enemies":"Transient","floor":41,"turns":5},{"damage":38,"enemies":"Reptomancer","floor":44,"turns":7},{"damage":1,"enemies":"Sphere and 2 Shapes","floor":47,"turns":6},{"damage":80,"enemies":"Donu and Deca","floor":50,"turns":10}],"seed_played":"-3074759744383743532","potions_obtained":[{"floor":7,"key":"Strength Potion"},{"floor":10,"key":"FearPotion"},{"floor":12,"key":"Block Potion"},{"floor":16,"key":"SneckoOil"},{"floor":24,"key":"Dexterity Potion"},{"floor":29,"key":"Dexterity Potion"},{"floor":31,"key":"Ancient Potion"},{"floor":33,"key":"PowerPotion"}],"is_trial":false,"path_per_floor":["M","?","M","M","$","R","M","E","T","M","$","M","R","E","R","B",null,"M","?","M","$","M","R","E","M","T","?","R","M","R","M","R","B",null,"M","M","$","M","M","R","M","R","T","E","R","?","M","?","R","B"],"character_chosen":"DEFECT","items_purchased":["Defragment","Cold Snap","Barrage","Conserve Battery","Medical Kit","Mayhem","Go for the Eyes"],"campfire_rested":6,"item_purchase_floors":[5,5,5,11,21,37,37],"current_hp_per_floor":[75,75,75,75,75,75,59,48,48,45,45,44,66,62,62,60,75,73,59,55,55,52,74,50,50,50,50,50,20,42,23,45,31,75,66,58,58,58,50,50,48,70,70,32,54,73,72,72,72,0],"gold":185,"neow_bonus":"RANDOM_COMMON_RELIC","is_prod":false,"is_daily":false,"chose_seed":false,"campfire_upgraded":4,"win_rate":0,"timestamp":1553159628,"path_taken":["M","?","?","M","?","R","M","E","T","M","$","M","R","E","R","BOSS","M","?","?","?","M","R","E","M","T","?","R","M","R","M","R","BOSS","M","M","$","M","M","R","M","R","T","E","R","?","M","?","R","BOSS"],"build_version":"2019-01-23","purchased_purges":2,"victory":false,"max_hp_per_floor":[75,75,75,75,75,75,75,75,75,75,75,75,75,75,75,75,75,75,75,75,75,75,75,75,75,75,75,75,75,75,75,75,75,75,75,75,75,75,75,75,75,75,75,75,75,75,75,75,75,75],"card_choices":[{"not_picked":["Hologram","Sweeping Beam"],"picked":"Conserve Battery","floor":1},{"not_picked":["Force Field","Compile Driver"],"picked":"Hologram","floor":3},{"not_picked":["Streamline","Undo"],"picked":"Conserve Battery","floor":4},{"not_picked":["All For One","Redo"],"picked":"Leap","floor":7},{"not_picked":["Rebound","Go for the Eyes"],"picked":"Cold Snap","floor":8},{"not_picked":["Doom and Gloom","Compile Driver"],"picked":"Buffer","floor":10},{"not_picked":["Blizzard","Hologram"],"picked":"Ball Lightning","floor":12},{"not_picked":["Gash","Beam Cell","Blizzard"],"picked":"SKIP","floor":14},{"not_picked":["Amplify","Biased Cognition"],"picked":"Echo Form","floor":16},{"not_picked":["Beam Cell","Hologram"],"picked":"Coolheaded","floor":18},{"not_picked":["Sweeping Beam","Ball Lightning","Leap"],"picked":"SKIP","floor":20},{"not_picked":["Steam","Heatsinks"],"picked":"Conserve Battery","floor":22},{"not_picked":["Blizzard","Tempest"],"picked":"White Noise","floor":24},{"not_picked":["Hologram","Redo+1","All For One"],"picked":"SKIP","floor":25},{"not_picked":["Stack","Beam Cell","Sweeping Beam"],"picked":"SKIP","floor":29},{"not_picked":["Streamline","Barrage"],"picked":"Defragment","floor":31},{"not_picked":["Reinforced Body","Consume+1","Stack"],"picked":"SKIP","floor":35},{"not_picked":["Leap+1","Conserve Battery","Beam Cell+1"],"picked":"SKIP","floor":36},{"not_picked":["White Noise","Leap+1"],"picked":"Loop","floor":38},{"not_picked":["Rebound+1","Sweeping Beam+1"],"picked":"Biased Cognition","floor":39},{"not_picked":["Ball Lightning","Steam"],"picked":"Auto Shields","floor":41},{"not_picked":["Rebound","Steam","Cold Snap"],"picked":"SKIP","floor":44},{"not_picked":["Scrape","Gash"],"picked":"Fusion","floor":47}],"player_experience":104042,"relics_obtained":[{"floor":8,"key":"Bottled Flame"},{"floor":9,"key":"Bronze Scales"},{"floor":14,"key":"Tiny Chest"},{"floor":24,"key":"Darkstone Periapt"},{"floor":26,"key":"Sundial"},{"floor":44,"key":"Omamori"}],"event_choices":[{"damage_healed":0,"gold_gain":0,"player_choice":"Forge","damage_taken":0,"max_hp_gain":0,"max_hp_loss":0,"event_name":"Accursed Blacksmith","floor":2,"gold_loss":0,"cards_upgraded":["Zap"]},{"damage_healed":0,"gold_gain":0,"player_choice":"POTION ","damage_taken":14,"max_hp_gain":0,"max_hp_loss":0,"event_name":"Knowing Skull","floor":19,"potions_obtained":["EssenceOfSteel"],"gold_loss":0,"cards_obtained":[]},{"damage_healed":0,"gold_gain":99,"player_choice":"Stole From Cult","damage_taken":0,"max_hp_gain":0,"max_hp_loss":0,"event_name":"Nest","floor":27,"gold_loss":0},{"damage_healed":19,"gold_gain":0,"player_choice":"Writhe","damage_taken":0,"max_hp_gain":0,"max_hp_loss":0,"event_name":"Winding Halls","floor":46,"gold_loss":0,"cards_obtained":["Writhe"]},{"cards_removed":["Rip and Tear"],"damage_healed":0,"gold_gain":0,"player_choice":"Removed Attack","damage_taken":0,"max_hp_gain":0,"max_hp_loss":0,"event_name":"Falling","floor":48,"gold_loss":0}],"is_beta":false,"boss_relics":[{"not_picked":["Busted Crown","Nuclear Battery"],"picked":"Pandora\u0027s Box"},{"not_picked":["Orrery","Inserter"],"picked":"Sozu"}],"items_purged_floors":[11,37],"is_endless":false,"potions_floor_spawned":[7,10,12,16,24,29,31,33,36,39,44],"killed_by":"Donu and Deca","ascension_level":0}