{"gold_per_floor":[13,13,27,302,32,32,45,45,92,119,131,142,142,142,142,244,244,244,244,244,159,159,159,159,39,39,39,39,39,39,39,39,39,39,39,39,39,39,39,39,39,39,39,39,39,39,39,39,39,39],"floor_reached":51,"playtime":3267,"items_purged":["Regret"],"score":740,"play_id":"ffc1e62b-eed4-4383-9ef9-8546bcf82b6b","local_time":"20190217220851","is_ascension_mode":true,"campfire_choices":[{"data":"Perfected Strike","floor":6,"key":"SMITH"},{"data":"Flex","floor":8,"key":"SMITH"},{"data":"Disarm","floor":15,"key":"SMITH"},{"data":"Berserk","floor":23,"key":"SMITH"},{"floor":30,"key":"REST"},{"data":"Shockwave","floor":32,"key":"SMITH"},{"data":"Writhe","floor":40,"key":"PURGE"},{"data":"Barricade","floor":42,"key":"SMITH"},{"data":"Disarm","floor":44,"key":"SMITH"},{"data":"Perfected Strike","floor":49,"key":"SMITH"}],"neow_cost":"NO_GOLD","seed_source_timestamp":1203724941429706,"circlet_count":0,"master_deck":["Strike_R","Strike_R","Strike_R","Strike_R","Strike_R","Defend_R+1","Defend_R","Defend_R+1","Defend_R","Bash","Pommel Strike","Perfected Strike+1","Flex+1","Iron Wave","Corruption+1","Cleave","Disarm+1","Berserk+1","Heavy Blade","True Grit+1","Disarm+1","Shockwave+1","Perfected Strike+1","Clash","Barricade+1","Iron Wave","Heavy Blade","Heavy Blade+1","Dropkick","Immolate","Ghostly Armor+1","Clash+1","Madness","Madness","Ghostly Armor+1"],"relics":["Black Blood","FossilizedHelix","War Paint","Bag of Marbles","Bag of Preparation","Smiling Mask","Ectoplasm","Tiny Chest","Mummified Hand","Blue Candle","Pantograph","Peace Pipe","Bottled Lightning","Bird Faced Urn"],"potions_floor_usage":[24,27,27,27,33,33,37,50,50,50],"damage_taken":[{"damage":0,"enemies":"2 Louse","floor":1,"turns":2},{"damage":0,"enemies":"Cultist","floor":3,"turns":3},{"damage":0,"enemies":"Jaw Worm","floor":7,"turns":1},{"damage":6,"enemies":"3 Sentries","floor":10,"turns":7},{"damage":0,"enemies":"Blue Slaver","floor":11,"turns":1},{"damage":0,"enemies":"Exordium Thugs","floor":12,"turns":4},{"damage":43,"enemies":"Hexaghost","floor":16,"turns":11},{"damage":0,"enemies":"Spheric Guardian","floor":18,"turns":3},{"damage":33,"enemies":"Book of Stabbing","floor":24,"turns":5},{"damage":25,"enemies":"Gremlin Leader","floor":27,"turns":5},{"damage":0,"enemies":"3 Byrds","floor":28,"turns":5},{"damage":5,"enemies":"Shelled Parasite and Fungi","floor":31,"turns":4},{"damage":73,"enemies":"Champ","floor":33,"turns":12},{"damage":5,"enemies":"3 Shapes","floor":35,"turns":7},{"damage":0,"enemies":"Orb Walker","floor":36,"turns":2},{"damage":25,"enemies":"2 Orb Walkers","floor":37,"turns":4},{"damage":12,"enemies":"Writhing Mass","floor":38,"turns":6},{"damage":29,"enemies":"3 Darklings","floor":41,"turns":6},{"damage":20,"enemies":"Jaw Worm Horde","floor":45,"turns":3},{"damage":0,"enemies":"Maw","floor":46,"turns":7},{"damage":0,"enemies":"Mind Bloom Boss Battle","floor":48,"turns":7},{"damage":80,"enemies":"Donu and Deca","floor":50,"turns":10}],"seed_played":"4042327389106207536","potions_obtained":[{"floor":10,"key":"AttackPotion"},{"floor":12,"key":"SmokeBomb"},{"floor":16,"key":"Explosive Potion"},{"floor":24,"key":"AttackPotion"},{"floor":28,"key":"EssenceOfSteel"},{"floor":31,"key":"Weak Potion"},{"floor":36,"key":"AttackPotion"},{"floor":38,"key":"Swift Potion"},{"floor":41,"key":"SkillPotion"},{"floor":46,"key":"FearPotion"},{"floor":48,"key":"SkillPotion"}],"is_trial":false,"path_per_floor":["M","?","M","?","$","R","M","R","T","E","M","M","?","?","R","B",null,"M","?","?","?","T","R","E","$","T","E","M","?","R","M","R","B",null,"M","M","?","M","?","R","M","R","T","R","M","M","?","?","R","B",null],"character_chosen":"IRONCLAD","items_purchased":["Bag of Marbles","Flex","Disarm","Shockwave"],"campfire_rested":1,"item_purchase_floors":[5,5,25,25],"current_hp_per_floor":[80,73,79,79,79,79,80,80,80,80,80,80,80,80,80,43,80,80,80,65,65,65,65,38,38,38,19,25,25,50,51,51,9,85,85,85,70,68,85,85,66,66,66,66,56,66,55,85,85,17],"gold":39,"neow_bonus":"ONE_RARE_RELIC","is_prod":false,"is_daily":false,"chose_seed":false,"campfire_upgraded":8,"win_rate":0,"timestamp":1550441331,"path_taken":["M","?","M","?","$","R","M","R","T","E","?","M","?","?","R","BOSS","M","?","?","?","?","R","E","$","T","E","M","?","R","?","R","BOSS","M","M","?","M","?","R","?","R","T","R","M","M","?","?","R","BOSS"],"build_version":"2019-01-23","purchased_purges":1,"victory":true,"max_hp_per_floor":[80,80,80,80,80,80,80,80,80,80,80,80,80,80,80,80,80,80,80,85,85,85,85,85,85,85,85,85,85,85,85,85,85,85,85,85,85,85,85,85,85,85,85,85,85,85,85,85,85,85],"card_choices":[{"not_picked":["Battle Trance","Burning Pact"],"picked":"Pommel Strike","floor":1},{"not_picked":["Rage","Uppercut"],"picked":"Perfected Strike","floor":3},{"not_picked":["Clash","True Grit"],"picked":"Iron Wave","floor":7},{"not_picked":["Warcry","Perfected Strike"],"picked":"Corruption","floor":10},{"not_picked":["Havoc","Intimidate"],"picked":"Cleave","floor":11},{"not_picked":["Combust","Searing Blow"],"picked":"Disarm","floor":12},{"not_picked":["Bludgeon","Impervious"],"picked":"Berserk","floor":16},{"not_picked":["Fire Breathing","Pommel Strike"],"picked":"Heavy Blade","floor":18},{"not_picked":["Combust+1","Anger"],"picked":"True Grit+1","floor":24},{"not_picked":["Heavy Blade","Rupture+1"],"picked":"Perfected Strike","floor":28},{"not_picked":["Fiend Fire","True Grit"],"picked":"Clash","floor":31},{"not_picked":["Immolate","Reaper"],"picked":"Barricade","floor":33},{"not_picked":["Clothesline+1","Havoc"],"picked":"Iron Wave","floor":35},{"not_picked":["Armaments","Iron Wave+1"],"picked":"Heavy Blade","floor":36},{"not_picked":["Anger+1","Flex"],"picked":"Heavy Blade+1","floor":37},{"not_picked":["Twin Strike+1","Combust+1"],"picked":"Dropkick","floor":38},{"not_picked":["Dropkick+1","True Grit"],"picked":"Immolate","floor":41},{"not_picked":["Iron Wave","Heavy Blade"],"picked":"Ghostly Armor+1","floor":45},{"not_picked":["Flex","Heavy Blade+1"],"picked":"Clash+1","floor":46},{"not_picked":["Whirlwind","True Grit"],"picked":"Ghostly Armor+1","floor":48}],"player_experience":982671,"relics_obtained":[{"floor":9,"key":"Bag of Preparation"},{"floor":10,"key":"Smiling Mask"},{"floor":22,"key":"Mummified Hand"},{"floor":24,"key":"Blue Candle"},{"floor":37,"key":"Peace Pipe"},{"floor":43,"key":"Bottled Lightning"},{"floor":48,"key":"Bird Faced Urn"}],"event_choices":[{"damage_healed":0,"gold_gain":0,"player_choice":"Success","damage_taken":7,"relics_obtained":["War Paint"],"max_hp_gain":0,"max_hp_loss":0,"event_name":"Scrap Ooze","floor":2,"gold_loss":0},{"damage_healed":0,"gold_gain":275,"player_choice":"Desecrate","damage_taken":0,"max_hp_gain":0,"max_hp_loss":0,"event_name":"Golden Shrine","floor":4,"gold_loss":0,"cards_obtained":["Regret"]},{"damage_healed":0,"gold_gain":0,"player_choice":"Grow","damage_taken":0,"max_hp_gain":0,"max_hp_loss":0,"event_name":"Living Wall","floor":13,"gold_loss":0,"cards_upgraded":["Corruption"]},{"damage_healed":0,"gold_gain":0,"player_choice":"0 cards matched","damage_taken":0,"max_hp_gain":0,"max_hp_loss":0,"event_name":"Match and Keep!","floor":14,"gold_loss":0,"cards_obtained":[]},{"damage_healed":0,"gold_gain":99,"player_choice":"Stole From Cult","damage_taken":0,"max_hp_gain":0,"max_hp_loss":0,"event_name":"Nest","floor":19,"gold_loss":0},{"damage_healed":0,"gold_gain":0,"player_choice":"Shed Blood","damage_taken":20,"max_hp_gain":5,"max_hp_loss":0,"event_name":"Forgotten Altar","floor":20,"gold_loss":0},{"damage_healed":0,"gold_gain":0,"player_choice":"Obtained Relic","damage_taken":0,"relics_obtained":["Tiny Chest"],"max_hp_gain":0,"max_hp_loss":0,"event_name":"Addict","floor":21,"gold_loss":85},{"damage_healed":0,"gold_gain":0,"player_choice":"Opened","damage_taken":0,"relics_obtained":["Pantograph"],"max_hp_gain":0,"max_hp_loss":0,"event_name":"The Mausoleum","floor":29,"gold_loss":0,"cards_obtained":["Writhe"]},{"damage_healed":0,"gold_gain":0,"player_choice":"Fight","damage_taken":0,"max_hp_gain":0,"max_hp_loss":0,"event_name":"Mysterious Sphere","floor":37,"gold_loss":0},{"damage_healed":17,"gold_gain":0,"player_choice":"Full Heal","damage_taken":0,"max_hp_gain":0,"max_hp_loss":0,"event_name":"Wheel of Change","floor":39,"gold_loss":0},{"damage_healed":0,"gold_gain":0,"player_choice":"Embrace Madness","damage_taken":11,"max_hp_gain":0,"max_hp_loss":0,"event_name":"Winding Halls","floor":47,"gold_loss":0,"cards_obtained":["Madness","Madness"]},{"damage_healed":0,"gold_gain":0,"player_choice":"Fight","damage_taken":0,"max_hp_gain":0,"max_hp_loss":0,"event_name":"MindBloom","floor":48,"gold_loss":0}],"is_beta":false,"boss_relics":[{"not_picked":["Cursed Key","Mark of Pain"],"picked":"Ectoplasm"},{"not_picked":["Sozu","Lizard Tail"],"picked":"Black Blood"}],"items_purged_floors":[5],"is_endless":false,"potions_floor_spawned":[10,12,16,24,28,31,36,38,41,46,48],"ascension_level":1}