{"gold_per_floor":[111,286,286,305,10,10,10,25,25,60,79,79,3,16,16,111,111,123,133,152,163,176,176,11,11,57,30,30,30,30,30,30,134,184,200,220,220,232,243,243,262,262,262,262,279,279,295,307,307,307],"floor_reached":50,"playtime":1549,"items_purged":["Bash","Rage+1"],"score":521,"play_id":"213fc5ee-693c-4183-a279-a1b50245fd3d","local_time":"20190203163805","is_ascension_mode":false,"campfire_choices":[{"data":"Perfected Strike","floor":6.0,"key":"SMITH"},{"data":"Rage","floor":12.0,"key":"SMITH"},{"data":"Twin Strike","floor":15.0,"key":"SMITH"},{"data":"Pommel Strike","floor":23.0,"key":"SMITH"},{"data":"Perfected Strike","floor":25.0,"key":"SMITH"},{"data":"Defend_R","floor":28.0,"key":"SMITH"},{"floor":32.0,"key":"REST"},{"data":"Thunderclap","floor":42.0,"key":"SMITH"},{"data":"Pommel Strike","floor":44.0,"key":"SMITH"},{"floor":46.0,"key":"REST"},{"floor":49.0,"key":"REST"}],"neow_cost":"NONE","seed_source_timestamp":1726133187460279,"circlet_count":0,"master_deck":["Strike_R","Strike_R","Strike_R","Strike_R","Strike_R","Defend_R+1","Defend_R+1","Perfected Strike+1","Perfected Strike+1","Twin Strike+1","Pommel Strike+1","Pommel Strike","Pommel Strike","Twin Strike+1","Pommel Strike+1","Perfected Strike+1","Pommel Strike+1","Thunderclap+1","True Grit+1","Twin Strike+1","Twin Strike","Warcry+1","Wild Strike","Armaments"],"special_seed":0,"relics":["Burning Blood","NeowsBlessing","Membership Card","Blue Candle","Ancient Tea Set","Pen Nib","Mark of Pain","Medical Kit","Omamori","Ginger","Tiny House","Dream Catcher"],"potions_floor_usage":[50,50,50],"damage_taken":[{"damage":0.0,"enemies":"Jaw Worm","floor":1.0,"turns":1.0},{"damage":0.0,"enemies":"Small Slimes","floor":4.0,"turns":1.0},{"damage":0.0,"enemies":"Cultist","floor":8.0,"turns":1.0},{"damage":28.0,"enemies":"Gremlin Nob","floor":10.0,"turns":4.0},{"damage":18.0,"enemies":"Lots of Slimes","floor":11.0,"turns":5.0},{"damage":6.0,"enemies":"Exordium Wildlife","floor":14.0,"turns":2.0},{"damage":42.0,"enemies":"Hexaghost","floor":16.0,"turns":8.0},{"damage":10.0,"enemies":"3 Byrds","floor":18.0,"turns":4.0},{"damage":0.0,"enemies":"Chosen","floor":19.0,"turns":2.0},{"damage":10.0,"enemies":"Snecko","floor":20.0,"turns":3.0},{"damage":28.0,"enemies":"Centurion and Healer","floor":21.0,"turns":4.0},{"damage":0.0,"enemies":"Snake Plant","floor":22.0,"turns":1.0},{"damage":55.0,"enemies":"Champ","floor":33.0,"turns":6.0},{"damage":0.0,"enemies":"Orb Walker","floor":35.0,"turns":1.0},{"damage":6.0,"enemies":"3 Shapes","floor":36.0,"turns":3.0},{"damage":14.0,"enemies":"Sphere and 2 Shapes","floor":38.0,"turns":4.0},{"damage":7.0,"enemies":"4 Shapes","floor":39.0,"turns":4.0},{"damage":9.0,"enemies":"Transient","floor":41.0,"turns":5.0},{"damage":23.0,"enemies":"Maw","floor":45.0,"turns":5.0},{"damage":1.0,"enemies":"3 Darklings","floor":47.0,"turns":2.0},{"damage":17.0,"enemies":"Jaw Worm Horde","floor":48.0,"turns":3.0},{"damage":102,"enemies":"Awakened One","floor":50,"turns":8}],"seed_played":"7371455298172944119","potions_obtained":[{"floor":4.0,"key":"BloodPotion"},{"floor":8.0,"key":"BloodPotion"},{"floor":10.0,"key":"PowerPotion"},{"floor":16.0,"key":"Ancient Potion"},{"floor":22.0,"key":"FearPotion"},{"floor":33.0,"key":"Fire Potion"},{"floor":34.0,"key":"Ancient Potion"},{"floor":35.0,"key":"Swift Potion"},{"floor":39.0,"key":"FearPotion"},{"floor":47.0,"key":"SpeedPotion"},{"floor":48.0,"key":"Fire Potion"}],"is_trial":false,"path_per_floor":["M","?","?","M","$","R","?","M","T","E","M","R","$","M","R","B",null,"M","M","M","M","M","R","$","R","T","$","R","?","?","?","R","B",null,"M","M","?","M","M","?","M","R","T","R","M","R","M","M","R","B"],"character_chosen":"IRONCLAD","items_purchased":["Twin Strike","Membership Card","Pen Nib","Perfected Strike","Medical Kit","Pommel Strike"],"campfire_rested":3,"item_purchase_floors":[5,5,13,24,24,27],"current_hp_per_floor":[80,80,80,80,80,80,80,80,80,58,62,62,62,62,62,26,80,76,80,76,54,60,60,60,60,60,60,60,60,60,60,80,31,85,85,85,85,77,76,76,73,73,73,73,56,81,85,74,85,0],"gold":307,"neow_bonus":"THREE_ENEMY_KILL","is_prod":false,"is_daily":false,"chose_seed":false,"campfire_upgraded":8,"win_rate":0,"timestamp":1549233485,"path_taken":["M","?","?","M","?","R","?","?","T","E","M","R","$","M","R","BOSS","M","?","M","M","M","R","$","R","T","$","R","?","?","?","R","BOSS","M","M","?","?","?","?","M","R","T","R","M","R","M","M","R","BOSS"],"build_version":"2019-01-23","purchased_purges":2,"victory":false,"max_hp_per_floor":[80,80,80,80,80,80,80,80,80,80,80,80,80,80,80,80,80,80,80,80,80,80,80,80,80,80,80,80,80,80,80,80,80,85,85,85,85,85,85,85,85,85,85,85,85,85,85,85,85,85],"card_choices":[{"not_picked":["Heavy Blade","Warcry"],"picked":"Perfected Strike","floor":1.0},{"not_picked":["Bloodletting","Clothesline"],"picked":"Perfected Strike","floor":4.0},{"not_picked":["Cleave","Disarm","Thunderclap"],"picked":"SKIP","floor":8.0},{"not_picked":["Perfected Strike","Inflame"],"picked":"Pommel Strike","floor":10.0},{"not_picked":["Searing Blow","Pummel"],"picked":"Rage","floor":11.0},{"not_picked":["Carnage","Thunderclap","Flex"],"picked":"SKIP","floor":14.0},{"not_picked":["Hemokinesis","Thunderclap"],"picked":"Pommel Strike","floor":18.0},{"not_picked":["Flex","Thunderclap","Heavy Blade+1"],"picked":"SKIP","floor":19.0},{"not_picked":["Feed","Cleave"],"picked":"Pommel Strike","floor":20.0},{"not_picked":["Evolve","Power Through+1"],"picked":"Twin Strike+1","floor":21.0},{"not_picked":["Battle Trance","Spot Weakness"],"picked":"Pommel Strike+1","floor":22.0},{"not_picked":["Armaments","Evolve+1"],"picked":"True Grit+1","floor":34.0},{"not_picked":["Warcry+1","Inflame+1"],"picked":"Twin Strike+1","floor":35.0},{"not_picked":["Dual Wield","Havoc","Iron Wave"],"picked":"SKIP","floor":36.0},{"not_picked":["Carnage","Havoc","Anger"],"picked":"SKIP","floor":38.0},{"not_picked":["Headbutt","Carnage","Clothesline"],"picked":"SKIP","floor":39.0},{"not_picked":["Double Tap","Iron Wave","Thunderclap+1"],"picked":"SKIP","floor":41.0},{"not_picked":["Headbutt","Iron Wave"],"picked":"Twin Strike","floor":45.0},{"not_picked":["Feed","Clothesline"],"picked":"Warcry+1","floor":47.0},{"not_picked":["Pummel+1","Inflame"],"picked":"Wild Strike","floor":48.0},{"not_picked":["Warcry+1","Inflame+1"],"picked":"Armaments","floor":49.0}],"player_experience":698726,"relics_obtained":[{"floor":9.0,"key":"Blue Candle"},{"floor":10.0,"key":"Ancient Tea Set"},{"floor":26.0,"key":"Omamori"},{"floor":43.0,"key":"Dream Catcher"}],"event_choices":[{"damage_healed":0.0,"max_hp_gain":0.0,"max_hp_loss":0.0,"gold_gain":175.0,"event_name":"Liars Game","player_choice":"AGREE","floor":2.0,"gold_loss":0.0,"damage_taken":0.0,"cards_obtained":["Doubt"]},{"cards_removed":["Doubt"],"damage_healed":0.0,"max_hp_gain":0.0,"max_hp_loss":0.0,"gold_gain":0.0,"event_name":"Living Wall","player_choice":"Forget","floor":3.0,"gold_loss":0.0,"damage_taken":0.0},{"damage_healed":0.0,"max_hp_gain":0.0,"max_hp_loss":0.0,"gold_gain":0.0,"event_name":"Accursed Blacksmith","player_choice":"Forge","floor":7.0,"gold_loss":0.0,"damage_taken":0.0,"cards_upgraded":["Perfected Strike"]},{"damage_healed":0.0,"max_hp_gain":0.0,"max_hp_loss":0.0,"gold_gain":0.0,"event_name":"The Library","player_choice":"Read","floor":29.0,"gold_loss":0.0,"damage_taken":0.0,"cards_obtained":["Thunderclap"]},{"damage_healed":0.0,"max_hp_gain":0.0,"max_hp_loss":0.0,"gold_gain":0.0,"event_name":"Beggar","player_choice":"Ignored","floor":30.0,"gold_loss":0.0,"damage_taken":0.0},{"damage_healed":0.0,"max_hp_gain":0.0,"max_hp_loss":0.0,"gold_gain":0.0,"event_name":"The Mausoleum","player_choice":"Opened","floor":31.0,"gold_loss":0.0,"damage_taken":0.0,"relics_obtained":["Ginger"],"cards_obtained":["Writhe"]},{"cards_removed":["Defend_R"],"damage_healed":0.0,"max_hp_gain":0.0,"max_hp_loss":0.0,"gold_gain":0.0,"event_name":"Bonfire Elementals","player_choice":"Offered Basic","floor":37.0,"gold_loss":0.0,"damage_taken":0.0},{"cards_removed":["Defend_R"],"damage_healed":0.0,"max_hp_gain":0.0,"max_hp_loss":0.0,"gold_gain":0.0,"event_name":"Purifier","player_choice":"Purged","floor":40.0,"gold_loss":0.0,"damage_taken":0.0}],"is_beta":false,"boss_relics":[{"not_picked":["Runic Cube","Runic Pyramid"],"picked":"Mark of Pain"},{"not_picked":["Runic Dome","Orrery"],"picked":"Tiny House"}],"items_purged_floors":[5,24],"is_endless":false,"potions_floor_spawned":[4,8,10,16,22,33,35,39,47,48],"killed_by":"Awakened One","ascension_level":0}