{"gold_per_floor":[109,129,129,129,94,94,125,125,125,125,140,167,167,180,180,180],"floor_reached":16,"playtime":1405,"items_purged":[],"score":124,"play_id":"3d2d5885-3197-4624-8fd9-0e1aaddc70ba","local_time":"20190326184503","is_ascension_mode":true,"campfire_choices":[{"data":"Zap","floor":6,"key":"SMITH"},{"data":"Machine Learning","floor":8,"key":"SMITH"},{"data":"Defend_B","floor":10,"key":"SMITH"},{"data":"Conserve Battery","floor":13,"key":"SMITH"},{"data":"Coolheaded","floor":15,"key":"SMITH"}],"neow_cost":"NONE","seed_source_timestamp":376462558556639,"circlet_count":0,"master_deck":["Strike_B","Strike_B","Strike_B+1","Strike_B","Defend_B","Defend_B","Defend_B","Defend_B+1","Zap+1","Dualcast+1","Coolheaded","Machine Learning+1","Conserve Battery+1","Self Repair","Coolheaded+1"],"relics":["Cracked Core","Smiling Mask","Strawberry","Ginger","Vajra"],"potions_floor_usage":[7,16],"damage_taken":[{"damage":1,"enemies":"2 Louse","floor":1,"turns":4},{"damage":0,"enemies":"Jaw Worm","floor":2,"turns":3},{"damage":24,"enemies":"3 Sentries","floor":7,"turns":8},{"damage":1,"enemies":"Small Slimes","floor":11,"turns":3},{"damage":9,"enemies":"Lagavulin","floor":12,"turns":8},{"damage":7,"enemies":"Blue Slaver","floor":14,"turns":3},{"damage":57,"enemies":"Hexaghost","floor":16,"turns":16}],"seed_played":"-7379166111249994060","potions_obtained":[{"floor":2,"key":"SpeedPotion"},{"floor":11,"key":"Block Potion"}],"is_trial":false,"path_per_floor":["M","M","?","?","?","R","E","R","T","R","M","E","R","M","R","B"],"character_chosen":"DEFECT","items_purchased":[],"campfire_rested":0,"item_purchase_floors":[],"current_hp_per_floor":[74,74,79,63,80,80,63,63,63,63,62,53,53,53,53,0],"gold":180,"neow_bonus":"RANDOM_COMMON_RELIC","is_prod":false,"is_daily":false,"chose_seed":false,"campfire_upgraded":5,"win_rate":0,"timestamp":1553625903,"path_taken":["M","M","?","?","?","R","E","R","T","R","M","E","R","M","R","BOSS"],"build_version":"2019-01-23","purchased_purges":0,"victory":false,"max_hp_per_floor":[75,75,80,80,80,80,87,87,87,87,87,87,87,87,87,87],"card_choices":[{"not_picked":["Sweeping Beam","Darkness","Hologram"],"picked":"SKIP","floor":1},{"not_picked":["Leap","Sweeping Beam"],"picked":"Coolheaded","floor":2},{"not_picked":["Meteor Strike","Leap"],"picked":"Machine Learning","floor":7},{"not_picked":["Rebound","Compile Driver"],"picked":"Conserve Battery","floor":11},{"not_picked":["Heatsinks","Gash"],"picked":"Self Repair","floor":12},{"not_picked":["Barrage","Ball Lightning"],"picked":"Coolheaded","floor":14}],"player_experience":197997,"relics_obtained":[{"floor":7,"key":"Strawberry"},{"floor":9,"key":"Ginger"},{"floor":12,"key":"Vajra"}],"event_choices":[{"damage_healed":0,"gold_gain":0,"player_choice":"Donut","damage_taken":0,"max_hp_gain":5,"max_hp_loss":0,"event_name":"Big Fish","floor":3,"gold_loss":0},{"damage_healed":0,"gold_gain":0,"player_choice":"Entered Light","damage_taken":16,"max_hp_gain":0,"max_hp_loss":0,"event_name":"Shining Light","floor":4,"gold_loss":0,"cards_upgraded":["Dualcast","Strike_B"]},{"damage_healed":20,"gold_gain":0,"player_choice":"Healed","damage_taken":0,"max_hp_gain":0,"max_hp_loss":0,"event_name":"The Cleric","floor":5,"gold_loss":35}],"is_beta":false,"boss_relics":[],"items_purged_floors":[],"is_endless":false,"potions_floor_spawned":[2,11],"killed_by":"Hexaghost","ascension_level":3}