{"gold_per_floor":[110,129,129,57,35,62,74,103,103,103,159,159,159,159,159,264,264,282,1,15,114,114,114,141,156,180,180,7,24,36,36,36,135,135,154,18,0,11,11,37,52,52,52,16,16,16,47,67,67,67],"floor_reached":50,"playtime":2502,"items_purged":[],"score":705,"play_id":"0e5c08dd-6abe-41f3-9eb5-9eddac46556e","local_time":"20190301095521","is_ascension_mode":true,"campfire_choices":[{"data":"Armaments","floor":10,"key":"SMITH"},{"data":"Whirlwind","floor":12,"key":"SMITH"},{"floor":15,"key":"REST"},{"floor":23,"key":"REST"},{"floor":27,"key":"REST"},{"floor":32,"key":"REST"},{"floor":42,"key":"REST"},{"data":"Limit Break","floor":46,"key":"SMITH"},{"floor":49,"key":"REST"}],"neow_cost":"NONE","seed_source_timestamp":2197288329002309,"circlet_count":0,"master_deck":["Strike_R","Strike_R","Strike_R","Strike_R","Strike_R","Defend_R","Defend_R","Defend_R","Bash+1","Whirlwind+1","Rage","Rage+1","Cleave","Pummel","Armaments+1","Feel No Pain+1","Barricade","Spot Weakness","Limit Break+1","Dropkick+1","Jack Of All Trades","Heavy Blade+1","Disarm","Flex","Spot Weakness","Iron Wave","Juggernaut","Headbutt+1","Corruption","Pummel","Spot Weakness+1","Discovery","Ghostly Armor+1","Injury","Entrench","Heavy Blade+1","Clothesline"],"relics":["Burning Blood","Mummified Hand","Pear","Gremlin Horn","Tiny Chest","Happy Flower","Lizard Tail","Bag of Marbles","Strawberry","Regal Pillow","Ancient Tea Set","Cursed Key","Red Mask","Incense Burner","Frozen Egg 2","Turnip"],"potions_floor_usage":[6,18,18,20,40,50,50],"damage_taken":[{"damage":6,"enemies":"Cultist","floor":1,"turns":3},{"damage":7,"enemies":"Jaw Worm","floor":2,"turns":3},{"damage":10,"enemies":"3 Sentries","floor":6,"turns":5},{"damage":0,"enemies":"Small Slimes","floor":7,"turns":2},{"damage":47,"enemies":"Gremlin Nob","floor":8,"turns":5},{"damage":38,"enemies":"Slime Boss","floor":16,"turns":9},{"damage":20,"enemies":"Shell Parasite","floor":18,"turns":5},{"damage":19,"enemies":"3 Byrds","floor":20,"turns":4},{"damage":51,"enemies":"Slavers","floor":24,"turns":8},{"damage":14,"enemies":"3 Cultists","floor":25,"turns":4},{"damage":35,"enemies":"Snecko","floor":29,"turns":5},{"damage":19,"enemies":"Chosen and Byrds","floor":30,"turns":5},{"damage":101,"enemies":"Automaton","floor":33,"turns":12},{"damage":3,"enemies":"Orb Walker","floor":35,"turns":4},{"damage":0,"enemies":"3 Shapes","floor":38,"turns":1},{"damage":64,"enemies":"Reptomancer","floor":40,"turns":5},{"damage":0,"enemies":"Sphere and 2 Shapes","floor":41,"turns":2},{"damage":62,"enemies":"Giant Head","floor":47,"turns":8},{"damage":0,"enemies":"Maw","floor":48,"turns":6},{"damage":76,"enemies":"Time Eater","floor":50,"turns":6}],"seed_played":"4927845880505241765","potions_obtained":[{"floor":3,"key":"FairyPotion"},{"floor":3,"key":"FearPotion"},{"floor":3,"key":"Fire Potion"},{"floor":8,"key":"AttackPotion"},{"floor":16,"key":"SkillPotion"},{"floor":18,"key":"PowerPotion"},{"floor":29,"key":"Block Potion"},{"floor":33,"key":"LiquidBronze"},{"floor":38,"key":"Strength Potion"}],"is_trial":false,"path_per_floor":["M","M","?","$","$","E","M","E","T","R","T","R","?","?","R","B",null,"M","$","M","?","?","R","E","M","T","R","$","M","M","?","R","B",null,"M","$","?","M","?","E","M","R","T","$","?","R","E","M","R","B"],"character_chosen":"IRONCLAD","items_purchased":["Rage","Cleave","Limit Break","Bag of Marbles","Ancient Tea Set","Flex","Corruption","Pummel","Entrench"],"campfire_rested":6,"item_purchase_floors":[4,5,19,19,28,28,36,36,44],"current_hp_per_floor":[80,79,79,79,79,75,80,49,49,49,49,49,31,31,58,26,74,60,60,47,47,29,56,18,10,10,54,54,25,12,12,56,30,80,83,83,83,89,89,31,37,81,81,81,81,81,25,31,75,0],"gold":67,"neow_bonus":"UPGRADE_CARD","is_prod":false,"is_daily":false,"chose_seed":false,"campfire_upgraded":3,"win_rate":0,"timestamp":1551434121,"path_taken":["M","M","?","?","$","E","M","E","T","R","?","R","?","?","R","BOSS","M","?","M","?","?","R","E","M","T","R","$","M","?","?","R","BOSS","M","$","?","M","?","E","?","R","T","$","?","R","E","M","R","BOSS"],"build_version":"2019-01-23","purchased_purges":0,"victory":false,"max_hp_per_floor":[80,80,80,80,80,80,80,90,90,90,90,90,90,90,90,90,90,90,90,90,90,90,90,97,97,97,97,97,97,97,97,97,97,97,97,97,97,97,97,97,97,97,97,97,97,97,97,97,97,97],"card_choices":[{"not_picked":["Pommel Strike","Sword Boomerang"],"picked":"Whirlwind","floor":1},{"not_picked":["Wild Strike","Sentinel"],"picked":"Rage","floor":2},{"not_picked":["Havoc","Entrench"],"picked":"Pummel","floor":6},{"not_picked":["Thunderclap","Havoc"],"picked":"Armaments","floor":7},{"not_picked":["Cleave","Thunderclap"],"picked":"Feel No Pain","floor":8},{"not_picked":["Impervious","Dark Embrace"],"picked":"Barricade","floor":16},{"not_picked":["Clothesline","Armaments+1"],"picked":"Spot Weakness","floor":18},{"not_picked":["Shrug It Off","Perfected Strike"],"picked":"Dropkick+1","floor":20},{"not_picked":["Fire Breathing+1","Anger+1"],"picked":"Heavy Blade+1","floor":24},{"not_picked":["Warcry","Uppercut"],"picked":"Disarm","floor":25},{"not_picked":["Ghostly Armor","Fire Breathing"],"picked":"Spot Weakness","floor":29},{"not_picked":["Thunderclap","Flex"],"picked":"Iron Wave","floor":30},{"not_picked":["Berserk","Offering"],"picked":"Juggernaut","floor":33},{"not_picked":["Pommel Strike","Perfected Strike"],"picked":"Headbutt+1","floor":35},{"not_picked":["Inflame","Blood for Blood+1"],"picked":"Spot Weakness+1","floor":38},{"not_picked":["Forethought","Dark Shackles"],"picked":"Discovery","floor":39},{"not_picked":["Reckless Charge","Armaments","Havoc+1"],"picked":"SKIP","floor":40},{"not_picked":["Rampage","Clash"],"picked":"Ghostly Armor+1","floor":41},{"not_picked":["Flex+1","Armaments"],"picked":"Heavy Blade+1","floor":47},{"not_picked":["Combust+1","Perfected Strike","Clothesline"],"picked":"SKIP","floor":48},{"not_picked":["Combust+1","Perfected Strike"],"picked":"Clothesline","floor":48}],"player_experience":1013934,"relics_obtained":[{"floor":6,"key":"Mummified Hand"},{"floor":8,"key":"Pear"},{"floor":9,"key":"Gremlin Horn"},{"floor":11,"key":"Tiny Chest"},{"floor":24,"key":"Strawberry"},{"floor":26,"key":"Regal Pillow"},{"floor":40,"key":"Incense Burner"},{"floor":43,"key":"Frozen Egg 2"},{"floor":47,"key":"Turnip"}],"event_choices":[{"damage_healed":0,"gold_gain":0,"player_choice":"Got Potions","damage_taken":0,"max_hp_gain":0,"max_hp_loss":0,"event_name":"Lab","floor":3,"gold_loss":0},{"damage_healed":0,"gold_gain":0,"player_choice":"Entered Light","damage_taken":18,"max_hp_gain":0,"max_hp_loss":0,"event_name":"Shining Light","floor":13,"gold_loss":0,"cards_upgraded":["Feel No Pain","Rage"]},{"damage_healed":0,"gold_gain":0,"player_choice":"Gave Potion","damage_taken":0,"relics_obtained":["Happy Flower"],"max_hp_gain":0,"max_hp_loss":0,"event_name":"WeMeetAgain","floor":14,"gold_loss":0},{"damage_healed":0,"gold_gain":99,"player_choice":"Stole From Cult","damage_taken":0,"max_hp_gain":0,"max_hp_loss":0,"event_name":"Nest","floor":21,"gold_loss":0},{"damage_healed":0,"gold_gain":0,"player_choice":"CARD ","damage_taken":18,"max_hp_gain":0,"max_hp_loss":0,"event_name":"Knowing Skull","floor":22,"potions_obtained":[],"gold_loss":0,"cards_obtained":["Jack Of All Trades"]},{"damage_healed":0,"gold_gain":0,"player_choice":"Ignored","damage_taken":0,"max_hp_gain":0,"max_hp_loss":0,"event_name":"Purifier","floor":31,"gold_loss":0},{"damage_healed":0,"gold_gain":0,"player_choice":"Paid","damage_taken":0,"relics_obtained":["Red Mask"],"max_hp_gain":0,"max_hp_loss":0,"event_name":"Tomb of Lord Red Mask","floor":37,"gold_loss":18},{"damage_healed":0,"gold_gain":0,"player_choice":"Memory 1","damage_taken":0,"max_hp_gain":0,"max_hp_loss":0,"event_name":"SensoryStone","floor":39,"gold_loss":0},{"cards_removed":["Defend_R"],"damage_healed":0,"gold_gain":0,"player_choice":"Removed Skill","damage_taken":0,"max_hp_gain":0,"max_hp_loss":0,"event_name":"Falling","floor":45,"gold_loss":0}],"is_beta":false,"boss_relics":[{"not_picked":["Busted Crown","Empty Cage"],"picked":"Lizard Tail"},{"not_picked":["White Beast Statue","Calling Bell"],"picked":"Cursed Key"}],"items_purged_floors":[],"is_endless":false,"potions_floor_spawned":[8,16,18,29,33,38],"killed_by":"Time Eater","ascension_level":5}