{"gold_per_floor":[109,126,126,172,172,207,219,14,62,62,27,27,82,99,99,176,176,193,193,293,26,26,52,79,125,161,207,219,245,267,279,291,382,394,426,457,27,127,146,146,160,192,192,207,237,237,237,250,250,250],"floor_reached":51,"playtime":2657,"items_purged":["Strike_G"],"score":1516,"play_id":"c94ec243-38ec-4f85-a226-2b29c48bfc47","local_time":"20190329231752","is_ascension_mode":true,"campfire_choices":[{"data":"Cloak And Dagger","floor":15,"key":"SMITH"},{"floor":28,"key":"REST"},{"data":"Adrenaline","floor":32,"key":"SMITH"},{"data":"Rainbow","floor":40,"key":"SMITH"},{"floor":46,"key":"REST"},{"floor":49,"key":"REST"}],"neow_cost":"NONE","seed_source_timestamp":50847131882285,"circlet_count":0,"master_deck":["AscendersBane","Defend_G","Defend_G","Defend_G","Defend_G","Defend_G+1","Strike_G","Strike_G","Strike_G","Strike_G","Survivor","Neutralize+1","Noxious Fumes","Deadly Poison+1","Dash","Quick Slash","Cloak And Dagger+1","Choke","Adrenaline+1","Reinforced Body","Beam Cell+1","Conserve Battery","Rainbow+1","Acrobatics+1","Distraction","Quick Slash+1","Quick Slash+1","Body Slam+1","Double Energy","Stack+1"],"relics":["Ring of the Snake","NeowsBlessing","Happy Flower","Mummified Hand","Regal Pillow","Oddly Smooth Stone","Omamori","Mercury Hourglass","War Paint","Busted Crown","Thread and Needle","Kunai","PrismaticShard","MawBank","Pen Nib","Dream Catcher","Bottled Tornado","Mango","Sozu","TwistedFunnel","Molten Egg 2","StoneCalendar","Bottled Lightning","Ornamental Fan","The Courier"],"potions_floor_usage":[16,20,50,50],"damage_taken":[{"damage":0,"enemies":"2 Louse","floor":1,"turns":1},{"damage":0,"enemies":"Jaw Worm","floor":2,"turns":1},{"damage":0,"enemies":"Lagavulin","floor":6,"turns":1},{"damage":2,"enemies":"Small Slimes","floor":7,"turns":4},{"damage":17,"enemies":"Lagavulin Event","floor":13,"turns":5},{"damage":0,"enemies":"Exordium Thugs","floor":14,"turns":4},{"damage":10,"enemies":"The Guardian","floor":16,"turns":9},{"damage":4,"enemies":"3 Byrds","floor":18,"turns":3},{"damage":2,"enemies":"Colosseum Slavers","floor":20,"turns":4},{"damage":1,"enemies":"Colosseum Nobs","floor":20,"turns":4},{"damage":0,"enemies":"Slavers","floor":23,"turns":5},{"damage":0,"enemies":"Chosen","floor":24,"turns":4},{"damage":0,"enemies":"Gremlin Leader","floor":25,"turns":6},{"damage":9,"enemies":"Slavers","floor":27,"turns":5},{"damage":0,"enemies":"3 Cultists","floor":29,"turns":5},{"damage":0,"enemies":"Snecko","floor":30,"turns":3},{"damage":3,"enemies":"Champ","floor":33,"turns":17},{"damage":0,"enemies":"Orb Walker","floor":35,"turns":3},{"damage":4,"enemies":"3 Shapes","floor":36,"turns":4},{"damage":0,"enemies":"Mind Bloom Boss Battle","floor":38,"turns":7},{"damage":9,"enemies":"Spire Growth","floor":39,"turns":6},{"damage":8,"enemies":"Sphere and 2 Shapes","floor":41,"turns":5},{"damage":43,"enemies":"Reptomancer","floor":42,"turns":6},{"damage":0,"enemies":"Jaw Worm Horde","floor":44,"turns":3},{"damage":15,"enemies":"Giant Head","floor":45,"turns":8},{"damage":8,"enemies":"Maw","floor":48,"turns":6},{"damage":54,"enemies":"Donu and Deca","floor":50,"turns":8}],"seed_played":"5703757570405015549","potions_obtained":[{"floor":1,"key":"Dexterity Potion"},{"floor":7,"key":"AttackPotion"},{"floor":13,"key":"Explosive Potion"},{"floor":14,"key":"LiquidBronze"},{"floor":18,"key":"Ancient Potion"},{"floor":23,"key":"Weak Potion"},{"floor":24,"key":"PowerPotion"},{"floor":25,"key":"GhostInAJar"}],"is_trial":false,"path_per_floor":["M","M","?","T","?","E","M","$","T","?","?","$","?","M","R","B",null,"M","?","?","$","?","E","M","E","T","E","R","M","M","T","R","B",null,"M","M","$","?","M","R","M","E","T","M","E","R","?","M","R","B",null],"character_chosen":"THE_SILENT","items_purchased":["Oddly Smooth Stone","Quick Slash","PrismaticShard","TwistedFunnel","Molten Egg 2"],"campfire_rested":3,"item_purchase_floors":[8,8,21,37,37],"current_hp_per_floor":[63,63,63,63,63,63,61,61,61,49,66,66,49,49,49,39,62,58,58,55,55,42,42,42,42,42,33,70,70,70,84,84,81,87,87,83,83,83,74,74,66,23,23,23,8,49,49,41,82,28],"gold":250,"neow_bonus":"THREE_ENEMY_KILL","is_prod":false,"is_daily":false,"chose_seed":false,"campfire_upgraded":3,"win_rate":0,"timestamp":1553915872,"path_taken":["M","M","?","?","?","E","?","?","T","?","?","?","?","M","R","BOSS","M","?","?","$","?","E","?","E","T","E","R","M","M","?","R","BOSS","M","?","$","?","M","R","M","E","T","M","E","R","?","M","R","BOSS"],"build_version":"2019-01-23","purchased_purges":1,"victory":true,"max_hp_per_floor":[70,70,70,70,70,70,70,70,70,70,70,70,70,70,70,70,70,70,70,70,70,75,75,75,75,75,75,75,75,75,89,89,89,89,89,89,89,89,89,89,89,89,89,89,89,89,89,89,89,89],"card_choices":[{"not_picked":["Dodge and Roll","Riddle With Holes"],"picked":"Noxious Fumes","floor":1},{"not_picked":["Deflect","Acrobatics"],"picked":"Deadly Poison","floor":2},{"not_picked":["Deflect","Blade Dance"],"picked":"Dash","floor":6},{"not_picked":["Sucker Punch","Slice","Setup"],"picked":"SKIP","floor":7},{"not_picked":["PiercingWail","Setup"],"picked":"Cloak And Dagger","floor":13},{"not_picked":["Calculated Gamble","Blade Dance"],"picked":"Choke","floor":14},{"not_picked":["Storm of Steel","Unload"],"picked":"Adrenaline","floor":16},{"not_picked":["Eviscerate"],"picked":"SKIP","floor":18},{"not_picked":["Corruption"],"picked":"SKIP","floor":23},{"not_picked":["Eviscerate"],"picked":"SKIP","floor":24},{"not_picked":["Deflect"],"picked":"SKIP","floor":25},{"not_picked":[],"picked":"Reinforced Body","floor":27},{"not_picked":[],"picked":"Beam Cell+1","floor":29},{"not_picked":[],"picked":"Conserve Battery","floor":30},{"not_picked":[],"picked":"Rainbow","floor":33},{"not_picked":["Impatience"],"picked":"SKIP","floor":35},{"not_picked":[],"picked":"Acrobatics+1","floor":36},{"not_picked":[],"picked":"Distraction","floor":38},{"not_picked":["True Grit"],"picked":"SKIP","floor":39},{"not_picked":[],"picked":"Quick Slash+1","floor":41},{"not_picked":[],"picked":"Quick Slash+1","floor":42},{"not_picked":[],"picked":"Body Slam+1","floor":44},{"not_picked":["Twin Strike+1"],"picked":"SKIP","floor":45},{"not_picked":[],"picked":"Double Energy","floor":48},{"not_picked":[],"picked":"Stack+1","floor":49}],"player_experience":728794,"relics_obtained":[{"floor":4,"key":"Happy Flower"},{"floor":6,"key":"Regal Pillow"},{"floor":9,"key":"Omamori"},{"floor":13,"key":"War Paint"},{"floor":20,"key":"Thread and Needle"},{"floor":20,"key":"Kunai"},{"floor":23,"key":"MawBank"},{"floor":25,"key":"Pen Nib"},{"floor":26,"key":"Dream Catcher"},{"floor":27,"key":"Bottled Tornado"},{"floor":31,"key":"Mango"},{"floor":38,"key":"StoneCalendar"},{"floor":42,"key":"Bottled Lightning"},{"floor":43,"key":"Ornamental Fan"},{"floor":45,"key":"The Courier"}],"event_choices":[{"damage_healed":0,"gold_gain":0,"player_choice":"Grow","damage_taken":0,"max_hp_gain":0,"max_hp_loss":0,"event_name":"Living Wall","floor":3,"gold_loss":0,"cards_upgraded":["Neutralize"]},{"damage_healed":0,"gold_gain":0,"player_choice":"Gave Potion","damage_taken":0,"relics_obtained":["Mummified Hand"],"max_hp_gain":0,"max_hp_loss":0,"event_name":"WeMeetAgain","floor":5,"gold_loss":0},{"damage_healed":0,"gold_gain":0,"player_choice":"Success","damage_taken":12,"relics_obtained":["Mercury Hourglass"],"max_hp_gain":0,"max_hp_loss":0,"event_name":"Scrap Ooze","floor":10,"gold_loss":0},{"damage_healed":17,"gold_gain":0,"player_choice":"Healed","damage_taken":0,"max_hp_gain":0,"max_hp_loss":0,"event_name":"The Cleric","floor":11,"gold_loss":35},{"damage_healed":0,"gold_gain":0,"player_choice":"Searched \u00271\u0027 times","damage_taken":0,"max_hp_gain":0,"max_hp_loss":0,"event_name":"Dead Adventurer","floor":13,"gold_loss":0},{"damage_healed":0,"gold_gain":0,"player_choice":"Ignored","damage_taken":0,"max_hp_gain":0,"max_hp_loss":0,"event_name":"Vampires","floor":19,"gold_loss":0},{"damage_healed":0,"gold_gain":0,"player_choice":"Fight","damage_taken":0,"max_hp_gain":0,"max_hp_loss":0,"event_name":"Colosseum","floor":20,"gold_loss":0},{"damage_healed":0,"gold_gain":0,"player_choice":"Fought Nobs","damage_taken":0,"max_hp_gain":0,"max_hp_loss":0,"event_name":"Colosseum","floor":20,"gold_loss":0},{"damage_healed":0,"gold_gain":0,"player_choice":"Shed Blood","damage_taken":18,"max_hp_gain":5,"max_hp_loss":0,"event_name":"Forgotten Altar","floor":22,"gold_loss":0},{"damage_healed":0,"gold_gain":0,"player_choice":"Fight","damage_taken":0,"max_hp_gain":0,"max_hp_loss":0,"event_name":"MindBloom","floor":38,"gold_loss":0},{"damage_healed":0,"gold_gain":0,"player_choice":"Ignored","damage_taken":0,"max_hp_gain":0,"max_hp_loss":0,"event_name":"Mysterious Sphere","floor":47,"gold_loss":0}],"is_beta":false,"boss_relics":[{"not_picked":["Ring of the Serpent","Orrery"],"picked":"Busted Crown"},{"not_picked":["Calling Bell","White Beast Statue"],"picked":"Sozu"}],"items_purged_floors":[21],"is_endless":false,"potions_floor_spawned":[1,7,13,14,18,23,24,25,39,41,45,48],"ascension_level":13}