{"gold_per_floor":[118,118,137,114,125,125,152,152,152,162,176,176,176,191,191,290,290,272,283,283,298,315,315,341,0,0,0,16,16,16,35,35,135,135,152,1151,1151,1170,1170,1170,1184,728,728,747,747,747],"floor_reached":46,"playtime":2345,"items_purged":["Normality"],"score":467,"play_id":"7191f904-67d1-4dfd-a60a-01e81c83a719","local_time":"20190321194535","is_ascension_mode":false,"campfire_choices":[{"data":"Zap","floor":6,"key":"SMITH"},{"data":"Defragment","floor":8,"key":"SMITH"},{"data":"Double Energy","floor":13,"key":"SMITH"},{"data":"Conserve Battery","floor":15,"key":"SMITH"},{"floor":23,"key":"REST"},{"floor":27,"key":"REST"},{"floor":30,"key":"REST"},{"floor":32,"key":"REST"},{"floor":40,"key":"REST"},{"floor":45,"key":"REST"}],"neow_cost":"NONE","seed_source_timestamp":734567932376336,"circlet_count":0,"master_deck":["Strike_B","Strike_B","Strike_B","Strike_B","Defend_B","Defend_B","Defend_B","Defend_B","Zap+1","Dualcast","Conserve Battery+1","Leap","Defragment+1","Double Energy+1","Creative AI","Static Discharge","Melter","Chill","Normality","Conserve Battery+1","Cold Snap+1","Blizzard+1","BootSequence","Auto Shields+1"],"relics":["Runic Pyramid","Dodecahedron","Busted Crown","Ornamental Fan","Molten Egg 2","MutagenicStrength","Lizard Tail","Membership Card","Regal Pillow","Bronze Scales","Mummified Hand"],"potions_floor_usage":[7,16,16,21,22,24,44],"damage_taken":[{"damage":2,"enemies":"Small Slimes","floor":1,"turns":4},{"damage":0,"enemies":"Cultist","floor":3,"turns":3},{"damage":1,"enemies":"Jaw Worm","floor":5,"turns":4},{"damage":3,"enemies":"Lagavulin","floor":7,"turns":9},{"damage":10,"enemies":"3 Louse","floor":10,"turns":4},{"damage":20,"enemies":"Gremlin Gang","floor":11,"turns":6},{"damage":0,"enemies":"Looter","floor":14,"turns":3},{"damage":37,"enemies":"Hexaghost","floor":16,"turns":11},{"damage":16,"enemies":"2 Thieves","floor":18,"turns":4},{"damage":14,"enemies":"3 Byrds","floor":19,"turns":5},{"damage":17,"enemies":"Snecko","floor":21,"turns":7},{"damage":13,"enemies":"Shelled Parasite and Fungi","floor":22,"turns":6},{"damage":32,"enemies":"Book of Stabbing","floor":24,"turns":6},{"damage":12,"enemies":"Centurion and Healer","floor":28,"turns":8},{"damage":12,"enemies":"Sentry and Sphere","floor":31,"turns":5},{"damage":32,"enemies":"Champ","floor":33,"turns":14},{"damage":0,"enemies":"3 Shapes","floor":35,"turns":10},{"damage":40,"enemies":"Orb Walker","floor":38,"turns":6},{"damage":1,"enemies":"Sphere and 2 Shapes","floor":41,"turns":4},{"damage":24,"enemies":"Jaw Worm Horde","floor":44,"turns":6},{"damage":161,"enemies":"Giant Head","floor":46,"turns":12}],"seed_played":"-3025344863234126042","potions_obtained":[{"floor":1,"key":"Fire Potion"},{"floor":11,"key":"Swift Potion"},{"floor":14,"key":"Fire Potion"},{"floor":19,"key":"Dexterity Potion"},{"floor":21,"key":"PowerPotion"},{"floor":22,"key":"Ancient Potion"},{"floor":38,"key":"EssenceOfSteel"}],"is_trial":false,"path_per_floor":["M","?","M","$","M","R","E","R","T","M","M","?","R","M","R","B",null,"M","M","$","M","M","R","E","?","T","R","M","?","R","M","R","B",null,"M","?","?","M","?","R","M","$","T","M","R","E"],"character_chosen":"DEFECT","items_purchased":["Leap","Membership Card","Regal Pillow","Bronze Scales","BootSequence"],"campfire_rested":6,"item_purchase_floors":[4,42,42,42,42],"current_hp_per_floor":[73,75,75,75,74,74,71,71,71,61,41,75,75,75,75,38,75,59,45,45,28,15,37,5,5,5,27,15,15,37,25,47,15,75,75,75,75,35,35,57,56,56,56,32,69,0],"gold":747,"neow_bonus":"BOSS_RELIC","is_prod":false,"is_daily":false,"chose_seed":false,"campfire_upgraded":4,"win_rate":0,"timestamp":1553206535,"path_taken":["M","?","M","?","M","R","E","R","T","M","?","?","R","M","R","BOSS","M","M","$","?","M","R","E","?","T","R","M","?","R","M","R","BOSS","M","?","?","?","?","R","M","$","T","M","R","E"],"build_version":"2019-03-15","purchased_purges":1,"victory":false,"max_hp_per_floor":[75,75,75,75,75,75,75,75,75,75,75,75,75,75,75,75,75,75,75,75,75,75,75,75,75,75,75,75,75,75,75,75,75,75,75,75,75,75,75,75,75,75,75,75,75,75],"card_choices":[{"not_picked":["Hello World","Heatsinks"],"picked":"Conserve Battery","floor":1},{"not_picked":["Cold Snap","Gash","Loop"],"picked":"SKIP","floor":3},{"not_picked":["Cold Snap","Ball Lightning"],"picked":"Defragment","floor":5},{"not_picked":["Sweeping Beam","Hologram"],"picked":"Aggregate","floor":7},{"not_picked":["Beam Cell","Leap"],"picked":"Double Energy","floor":10},{"not_picked":["Ball Lightning","Streamline","Gash"],"picked":"SKIP","floor":11},{"not_picked":["Hologram","Redo","Turbo"],"picked":"SKIP","floor":14},{"not_picked":["Seek","Core Surge"],"picked":"Creative AI","floor":16},{"not_picked":[],"picked":"Static Discharge","floor":18},{"not_picked":["Steam"],"picked":"SKIP","floor":19},{"not_picked":["Loop"],"picked":"SKIP","floor":21},{"not_picked":[],"picked":"Melter","floor":22},{"not_picked":["Rip and Tear"],"picked":"SKIP","floor":24},{"not_picked":[],"picked":"Chill","floor":28},{"not_picked":["Steam"],"picked":"SKIP","floor":31},{"not_picked":["Static Discharge+1"],"picked":"SKIP","floor":35},{"not_picked":[],"picked":"Cold Snap+1","floor":38},{"not_picked":[],"picked":"Blizzard+1","floor":41},{"not_picked":[],"picked":"Auto Shields+1","floor":44}],"player_experience":741275,"relics_obtained":[{"floor":7,"key":"Dodecahedron"},{"floor":24,"key":"Ornamental Fan"},{"floor":26,"key":"Molten Egg 2"},{"floor":43,"key":"Mummified Hand"}],"event_choices":[{"damage_healed":2,"gold_gain":0,"player_choice":"Full Heal","damage_taken":0,"max_hp_gain":0,"max_hp_loss":0,"event_name":"Wheel of Change","floor":2,"gold_loss":0},{"cards_removed":["Aggregate"],"damage_healed":34,"gold_gain":0,"player_choice":"Offered Uncommon","damage_taken":0,"max_hp_gain":0,"max_hp_loss":0,"event_name":"Bonfire Elementals","floor":12,"gold_loss":0},{"damage_healed":0,"gold_gain":0,"player_choice":"Paid Fearfully","damage_taken":0,"max_hp_gain":0,"max_hp_loss":0,"event_name":"Masked Bandits","floor":25,"gold_loss":341},{"damage_healed":0,"gold_gain":0,"player_choice":"Inject Mutagens","damage_taken":0,"relics_obtained":["MutagenicStrength"],"max_hp_gain":0,"max_hp_loss":0,"event_name":"Drug Dealer","floor":29,"gold_loss":0},{"damage_healed":0,"gold_gain":999,"player_choice":"Gold","damage_taken":0,"max_hp_gain":0,"max_hp_loss":0,"event_name":"MindBloom","floor":36,"gold_loss":0,"cards_obtained":["Normality","Normality"]},{"damage_healed":0,"gold_gain":0,"player_choice":"Copied","damage_taken":0,"max_hp_gain":0,"max_hp_loss":0,"event_name":"Duplicator","floor":37,"gold_loss":0,"cards_obtained":["Conserve Battery"]},{"damage_healed":0,"gold_gain":0,"player_choice":"Ignored","damage_taken":0,"max_hp_gain":0,"max_hp_loss":0,"event_name":"Mysterious Sphere","floor":39,"gold_loss":0}],"is_beta":true,"boss_relics":[{"not_picked":["Fusion Hammer","Calling Bell"],"picked":"Busted Crown"},{"not_picked":["Velvet Choker","Sozu"],"picked":"Lizard Tail"}],"items_purged_floors":[42],"is_endless":false,"potions_floor_spawned":[1,11,14,19,21,22,38],"killed_by":"Giant Head","ascension_level":0}