{"gold_per_floor":[114,16,91,106,106,106,136,136,136,151,166,166,181,196,196,296,296,311,311,326,341,341,341,17,32,32,47,47,47,62,92,92,192,192,207,207,232,244,6,6,6,21,21,21,36,51,51,66,66,66],"floor_reached":51,"playtime":3315,"items_purged":[],"score":778,"play_id":"caf997ef-4132-4c7d-a48a-239ad380fd99","local_time":"20180829040108","daily_mods":["Brewmaster","Uncertain Future","Vintage"],"is_ascension_mode":false,"campfire_choices":[{"data":"Armaments","floor":6,"key":"SMITH"},{"data":"Clothesline","floor":8,"key":"SMITH"},{"data":"Fire Breathing","floor":15,"key":"SMITH"},{"data":"Berserk","floor":23,"key":"SMITH"},{"data":"Infernal Blade","floor":28,"key":"SMITH"},{"data":"Feel No Pain","floor":32,"key":"SMITH"},{"data":"Limit Break","floor":40,"key":"SMITH"},{"floor":47,"key":"REST"},{"floor":49,"key":"REST"}],"neow_cost":"","seed_source_timestamp":0,"circlet_count":0,"master_deck":["Strike_R","Strike_R+1","Strike_R","Strike_R+1","Defend_R","Defend_R","Defend_R","Defend_R","Bash","Venomology","Venomology","Venomology","Venomology","Venomology","Armaments+1","Fire Breathing+1","Clothesline+1","Berserk+1","Infernal Blade+1","Feel No Pain+1","Clash+1","Limit Break+1","Clumsy","Pain","Madness","Madness","Pommel Strike+1","Thunderclap+1"],"special_seed":17772,"relics":["Burning Blood","White Beast Statue","Oddly Smooth Stone","Letter Opener","Paper Frog","Singing Bowl","Ornamental Fan","Regal Pillow","Bag of Preparation","Bag of Marbles","Orichalcum","Centennial Puzzle","Busted Crown","Bottled Tornado","Matryoshka","Darkstone Periapt","Molten Egg 2","Question Card","Whetstone","Pantograph","Happy Flower","Shuriken","StoneCalendar","Mummified Hand","Cursed Key","Ancient Tea Set","Red Skull","MawBank","Frozen Egg 2","Dream Catcher","Dodecahedron","Pear","Blood Vial","Thread and Needle"],"potions_floor_usage":[4,7,7,7,7,7,10,11,11,11,13,13,14,14,14,14,16,16,16,16,18,18,19,20,20,20,21,21,21,25,25,25,27,27,27,27,31,31,31,31,31,33,33,33,33,33,38,38,38,41,41,42,42,45,45,46,46,46,48,48,48,50,50,50,50],"damage_taken":[{"damage":11,"enemies":"Jaw Worm","floor":1,"turns":4},{"damage":5,"enemies":"2 Louse","floor":4,"turns":4},{"damage":18,"enemies":"Lagavulin","floor":7,"turns":4},{"damage":7,"enemies":"Small Slimes","floor":10,"turns":4},{"damage":1,"enemies":"Exordium Wildlife","floor":11,"turns":4},{"damage":0,"enemies":"Large Slime","floor":13,"turns":4},{"damage":2,"enemies":"Lots of Slimes","floor":14,"turns":4},{"damage":40,"enemies":"Slime Boss","floor":16,"turns":11},{"damage":13,"enemies":"Shell Parasite","floor":18,"turns":5},{"damage":9,"enemies":"Spheric Guardian","floor":19,"turns":3},{"damage":16,"enemies":"Snake Plant","floor":20,"turns":4},{"damage":3,"enemies":"Centurion and Healer","floor":21,"turns":4},{"damage":5,"enemies":"3 Cultists","floor":25,"turns":4},{"damage":11,"enemies":"Shelled Parasite and Fungi","floor":27,"turns":5},{"damage":13,"enemies":"Snake Plant","floor":30,"turns":3},{"damage":18,"enemies":"Slavers","floor":31,"turns":5},{"damage":52,"enemies":"Champ","floor":33,"turns":7},{"damage":1,"enemies":"Orb Walker","floor":35,"turns":2},{"damage":0,"enemies":"Flame Bruiser 1 Orb","floor":38,"turns":5},{"damage":35,"enemies":"2 Orb Walkers","floor":41,"turns":4},{"damage":18,"enemies":"Spire Growth","floor":42,"turns":3},{"damage":25,"enemies":"Sphere and 2 Shapes","floor":45,"turns":4},{"damage":7,"enemies":"Flame Bruiser 2 Orb","floor":46,"turns":3},{"damage":0,"enemies":"4 Shapes","floor":48,"turns":3},{"damage":92,"enemies":"Donu and Deca","floor":50,"turns":9}],"seed_played":"7234858393999432779","potions_obtained":[{"floor":1,"key":"AttackPotion"},{"floor":7,"key":"Weak Potion"},{"floor":16,"key":"BloodPotion"},{"floor":20,"key":"FearPotion"},{"floor":33,"key":"Block Potion"},{"floor":48,"key":"Swift Potion"}],"is_trial":false,"path_per_floor":["M","$","?","M","?","R","E","R","T","M","M","?","M","M","R","B",null,"M","M","M","M","?","R","$","M","T","M","R","?","M","E","R","B",null,"M","?","T","M","$","R","E","M","T","?","M","M","R","M","R","B"],"character_chosen":"IRONCLAD","items_purchased":["Armaments","Fire Breathing","Molten Egg 2","Feel No Pain","Frozen Egg 2"],"campfire_rested":2,"item_purchase_floors":[2,2,24,24,39],"current_hp_per_floor":[75,75,64,65,70,70,58,58,58,57,62,62,68,72,72,38,85,78,75,73,76,76,76,76,77,77,72,72,72,65,65,65,53,85,85,85,91,91,91,91,62,50,56,44,35,34,81,89,107,21],"gold":66,"neow_bonus":"","is_prod":false,"is_daily":true,"chose_seed":false,"campfire_upgraded":7,"win_rate":0,"timestamp":1535511668,"path_taken":["M","$","?","M","?","R","E","R","T","M","M","?","M","M","R","BOSS","M","M","M","M","?","R","$","?","T","M","R","?","M","E","R","BOSS","M","?","?","M","$","R","E","M","T","?","M","M","R","M","R","BOSS"],"build_version":"2018-08-23v2","purchased_purges":0,"victory":true,"max_hp_per_floor":[80,80,80,80,85,85,85,85,85,85,85,85,85,85,85,85,85,85,85,85,85,85,85,85,85,85,85,85,85,85,85,85,85,85,85,85,91,91,91,91,91,91,97,97,107,107,107,107,107,107],"card_choices":[{"not_picked":["Evolve","Pommel Strike"],"picked":"Clothesline","floor":7},{"not_picked":["Juggernaut","Feed"],"picked":"Berserk","floor":16},{"not_picked":["Perfected Strike+1"],"picked":"Clash+1","floor":31},{"not_picked":["Offering"],"picked":"Limit Break","floor":33},{"not_picked":["Warcry"],"picked":"Pommel Strike+1","floor":47},{"not_picked":["Wild Strike+1"],"picked":"Thunderclap+1","floor":49}],"player_experience":458827,"relics_obtained":[{"floor":1,"key":"Oddly Smooth Stone"},{"floor":4,"key":"Letter Opener"},{"floor":7,"key":"Paper Frog"},{"floor":9,"key":"Singing Bowl"},{"floor":10,"key":"Ornamental Fan"},{"floor":11,"key":"Regal Pillow"},{"floor":13,"key":"Bag of Marbles"},{"floor":14,"key":"Orichalcum"},{"floor":16,"key":"Centennial Puzzle"},{"floor":18,"key":"Bottled Tornado"},{"floor":20,"key":"Matryoshka"},{"floor":21,"key":"Darkstone Periapt"},{"floor":25,"key":"Question Card"},{"floor":26,"key":"Whetstone"},{"floor":26,"key":"Pantograph"},{"floor":27,"key":"Happy Flower"},{"floor":30,"key":"Shuriken"},{"floor":31,"key":"StoneCalendar"},{"floor":33,"key":"Mummified Hand"},{"floor":35,"key":"Ancient Tea Set"},{"floor":37,"key":"Red Skull"},{"floor":37,"key":"MawBank"},{"floor":42,"key":"Dream Catcher"},{"floor":43,"key":"Dodecahedron"},{"floor":45,"key":"Pear"},{"floor":46,"key":"Blood Vial"},{"floor":48,"key":"Thread and Needle"}],"event_choices":[{"event_name":"World of Goop","player_choice":"Gather Gold","floor":3,"damage_taken":0},{"event_name":"Big Fish","player_choice":"Donut","floor":5,"damage_taken":0},{"event_name":"WeMeetAgain","player_choice":"Potion","floor":12,"damage_taken":0},{"event_name":"Transmorgrifier","player_choice":"Transform","floor":22,"damage_taken":0},{"event_name":"Beggar","player_choice":"Ignored","floor":29,"damage_taken":0},{"event_name":"Tomb of Lord Red Mask","player_choice":"Ignored","floor":36,"damage_taken":0},{"event_name":"Winding Halls","player_choice":"Embrace Madness","floor":44,"damage_taken":0}],"is_beta":false,"boss_relics":[{"not_picked":["Fusion Hammer","Calling Bell"],"picked":"Busted Crown"},{"not_picked":["Runic Cube","Astrolabe"],"picked":"Cursed Key"}],"items_purged_floors":[],"is_endless":false,"potions_floor_spawned":[1,4,7,10,11,13,14,16,18,19,20,21,25,27,30,31,33,35,38,41,42,45,46,48],"ascension_level":0}