{"gold_per_floor":[109,109,123,135,155,155,171,171,225,5,19,38,38,38,38,140,140,160,178,190,105,105,105,116,116,141,157,174,174,174,192,192,293,293,306,322,334,347,29,29,43,55,55,55],"floor_reached":44,"playtime":6326,"items_purged":[],"score":435,"play_id":"53c8efa5-5a83-4324-9b90-76f994849cb1","local_time":"20180716115157","is_ascension_mode":false,"campfire_choices":[{"data":"Chill","floor":6,"key":"SMITH"},{"data":"Sunder","floor":8,"key":"SMITH"},{"data":"Defragment","floor":13,"key":"SMITH"},{"data":"Dualcast","floor":15,"key":"SMITH"},{"data":"Defragment","floor":23,"key":"SMITH"},{"data":"Loop","floor":25,"key":"SMITH"},{"floor":30,"key":"REST"},{"data":"Static Discharge","floor":32,"key":"SMITH"},{"data":"Meteor Strike","floor":40,"key":"SMITH"}],"neow_cost":"NONE","seed_source_timestamp":0,"circlet_count":0,"master_deck":["Strike_B","Strike_B","Defend_B","Defend_B","Zap","Dualcast+1","Loop+1","Static Discharge+1","Seek+1","Turbo","Sunder+1","Chill+1","Steam","Aggregate","Defragment+1","Cold Snap","Glacier","Cold Snap","Thunder Strike","Static Discharge+1","Beam Cell","Aggregate","Defragment+1","Loop+1","Hologram","Go for the Eyes","Stack","Meteor Strike+1","Redo+1","Hello World+1","Auto Shields","Go for the Eyes+1","Loop","Steam+1","Gash"],"special_seed":17728,"relics":["Astrolabe","Pantograph","Happy Flower","Potion Belt","Nuclear Battery","Oddly Smooth Stone","Orichalcum","Lizard Tail","Bottled Flame","Toxic Egg 2"],"potions_floor_usage":[5,7,12,18,20,31,33,33,38,41],"damage_taken":[{"damage":6,"enemies":"Jaw Worm","floor":1,"turns":3},{"damage":0,"enemies":"2 Louse","floor":3,"turns":5},{"damage":1,"enemies":"Cultist","floor":4,"turns":3},{"damage":1,"enemies":"Blue Slaver","floor":5,"turns":4},{"damage":0,"enemies":"3 Louse","floor":7,"turns":3},{"damage":0,"enemies":"2 Fungi Beasts","floor":11,"turns":4},{"damage":0,"enemies":"Blue Slaver","floor":12,"turns":1},{"damage":10,"enemies":"Hexaghost","floor":16,"turns":10},{"damage":0,"enemies":"Shell Parasite","floor":18,"turns":7},{"damage":2,"enemies":"3 Byrds","floor":19,"turns":5},{"damage":19,"enemies":"Centurion and Healer","floor":20,"turns":5},{"damage":10,"enemies":"Snake Plant","floor":24,"turns":3},{"damage":17,"enemies":"Sentry and Sphere","floor":27,"turns":4},{"damage":2,"enemies":"3 Cultists","floor":28,"turns":9},{"damage":2,"enemies":"Snecko","floor":31,"turns":5},{"damage":28,"enemies":"Collector","floor":33,"turns":9},{"damage":4,"enemies":"Orb Walker","floor":35,"turns":4},{"damage":32,"enemies":"Flame Bruiser 1 Orb","floor":36,"turns":4},{"damage":8,"enemies":"Maw","floor":37,"turns":6},{"damage":15,"enemies":"Transient","floor":38,"turns":5},{"damage":29,"enemies":"3 Darklings","floor":41,"turns":4},{"damage":19,"enemies":"Flame Bruiser 2 Orb","floor":42,"turns":5},{"damage":34,"enemies":"Spire Growth","floor":44,"turns":5}],"seed_played":"-2205032152784244808","potions_obtained":[{"floor":3,"key":"Block Potion"},{"floor":5,"key":"Poison Potion"},{"floor":7,"key":"FearPotion"},{"floor":16,"key":"EssenceOfSteel"},{"floor":18,"key":"LiquidBronze"},{"floor":20,"key":"Energy Potion"},{"floor":27,"key":"Swift Potion"},{"floor":28,"key":"GamblersBrew"},{"floor":35,"key":"Regen Potion"},{"floor":37,"key":"Weak Potion"},{"floor":42,"key":"SpeedPotion"}],"is_trial":false,"path_per_floor":["M","?","M","M","M","R","M","R","T","$","M","M","R","?","R","B",null,"M","M","M","?","?","R","M","R","T","M","M","?","R","M","R","B",null,"M","M","M","M","$","R","M","M","T"],"character_chosen":"DEFECT","items_purchased":["Defragment","Potion Belt","Loop","Bottled Flame"],"campfire_rested":1,"item_purchase_floors":[10,10,39,39],"current_hp_per_floor":[69,66,66,65,64,64,64,64,64,64,64,64,64,64,64,65,75,75,73,54,54,54,54,44,44,44,27,25,25,47,45,45,42,75,71,39,31,16,16,16,35,16,16,0],"gold":55,"neow_bonus":"BOSS_RELIC","is_prod":false,"is_daily":false,"chose_seed":false,"campfire_upgraded":8,"win_rate":0,"timestamp":1531738317,"path_taken":["M","?","M","M","M","R","M","R","T","$","M","M","R","?","R","BOSS","M","M","M","?","?","R","M","R","T","?","M","?","R","M","R","BOSS","M","M","M","M","$","R","M","M","T","M"],"build_version":"2018-07-12","purchased_purges":0,"victory":false,"max_hp_per_floor":[75,75,75,75,75,75,75,75,75,75,75,75,75,75,75,75,75,75,75,75,75,75,75,75,75,75,75,75,75,75,75,75,75,75,75,75,75,75,75,75,75,75,75,75],"card_choices":[{"not_picked":["Steam","Double Energy"],"picked":"Turbo","floor":1},{"not_picked":["Coolheaded","Glacier"],"picked":"Sunder","floor":3},{"not_picked":["Double Energy","BootSequence"],"picked":"Chill","floor":4},{"not_picked":["Hologram","Rip and Tear"],"picked":"Steam","floor":5},{"not_picked":["Hologram","Streamline"],"picked":"Aggregate","floor":7},{"not_picked":["Compile Driver","Sweeping Beam"],"picked":"Cold Snap","floor":11},{"not_picked":["Leap","Melter"],"picked":"Glacier","floor":12},{"not_picked":["Multi-Cast","Fission"],"picked":"Thunder Strike","floor":16},{"not_picked":["Coolheaded","Steam Power"],"picked":"Static Discharge","floor":18},{"not_picked":["Chaos","Barrage"],"picked":"Beam Cell","floor":19},{"not_picked":["Steam","Streamline"],"picked":"Aggregate","floor":20},{"not_picked":["Coolheaded","Lockon"],"picked":"Loop","floor":24},{"not_picked":["Go for the Eyes","Stack"],"picked":"Hologram","floor":27},{"not_picked":["Undo","Lockon"],"picked":"Go for the Eyes","floor":28},{"not_picked":["Hyperbeam","Steam+1"],"picked":"Stack","floor":31},{"not_picked":["Thunder Strike","Seek"],"picked":"Meteor Strike","floor":33},{"not_picked":["Ball Lightning","Melter"],"picked":"Redo+1","floor":35},{"not_picked":["BootSequence+1","Consume+1"],"picked":"Hello World+1","floor":36},{"not_picked":["Recycle","Rebound"],"picked":"Auto Shields","floor":37},{"not_picked":["Fusion","Rebound+1"],"picked":"Go for the Eyes+1","floor":38},{"not_picked":["Stack+1","Recycle"],"picked":"Steam+1","floor":41},{"not_picked":["Fusion+1","Ball Lightning"],"picked":"Gash","floor":42}],"player_experience":65079,"relics_obtained":[{"floor":9,"key":"Happy Flower"},{"floor":26,"key":"Orichalcum"},{"floor":43,"key":"Toxic Egg 2"}],"event_choices":[{"event_name":"Scrap Ooze","player_choice":"success","floor":2,"damage_taken":3},{"event_name":"Transmorgrifier","player_choice":"Transform","floor":14,"damage_taken":0},{"event_name":"Addict","player_choice":"Obtained Relic","floor":21,"damage_taken":0},{"event_name":"The Library","player_choice":"Read","floor":22,"damage_taken":0},{"event_name":"Vampires","player_choice":"Ignored","floor":29,"damage_taken":0}],"boss_relics":[{"not_picked":["Calling Bell","Velvet Choker"],"picked":"Nuclear Battery"},{"not_picked":["Philosopher\u0027s Stone","Snecko Eye"],"picked":"Lizard Tail"}],"items_purged_floors":[],"is_endless":false,"potions_floor_spawned":[3,5,7,16,18,20,27,28,35,37,42],"killed_by":"Spire Growth","ascension_level":0}