{"gold_per_floor":[114,129,129,129,129,129,144,148,148,148,163,163,178,208,208,308,308,323,338,35,35,0,0],"floor_reached":23,"playtime":1363,"items_purged":[],"score":389,"play_id":"5b1686ae-71fb-41d1-840b-a7659297041b","local_time":"20180807072244","daily_mods":["Insanity","Elite Swarm","Hoarder"],"is_ascension_mode":false,"campfire_choices":[{"data":"Feel No Pain","floor":6,"key":"SMITH"},{"data":"Feel No Pain","floor":10,"key":"SMITH"},{"data":"Inflame","floor":12,"key":"SMITH"},{"data":"Demon Form","floor":15,"key":"SMITH"}],"neow_cost":"","seed_source_timestamp":0,"circlet_count":0,"master_deck":["Flame Barrier","Blood for Blood","Battle Trance","Seeing Red","Limit Break","Sword Boomerang","Headbutt","Sentinel","Limit Break","Heavy Blade","Offering","Entrench","Barricade","Juggernaut","Cleave","Evolve","Barricade","Carnage","Infernal Blade","Dark Embrace","Berserk","Carnage","Pummel","Rage","Wild Strike","Disarm","Seeing Red","Anger","Carnage","Pommel Strike","Headbutt","Reaper","Double Tap","Ghostly Armor","Infernal Blade","Infernal Blade","True Grit","Dark Embrace","Barricade","Thunderclap","Limit Break","Evolve","Feel No Pain","Exhume","Offering","True Grit","Rampage","Barricade","Bash","Rupture","Pummel","Pummel","Pummel","Feel No Pain+1","Feel No Pain+1","Feel No Pain","Inflame+1","Inflame","Inflame","Inflame","Inflame","Inflame","Second Wind","Second Wind","Second Wind","Demon Form+1","Demon Form","Demon Form","Feed","Feed","Feed","Heavy Blade","Heavy Blade","Heavy Blade","Feed","Feed","Feed"],"special_seed":17750,"relics":["Burning Blood","Omamori","Odd Mushroom","Meat on the Bone","Shovel","Philosopher\u0027s Stone","Bag of Marbles","Nilry\u0027s Codex"],"potions_floor_usage":[16,23,23],"damage_taken":[{"damage":6,"enemies":"Cultist","floor":1,"turns":3},{"damage":0,"enemies":"2 Louse","floor":2,"turns":2},{"damage":10,"enemies":"Small Slimes","floor":7,"turns":3},{"damage":14,"floor":8,"turns":3},{"damage":13,"enemies":"Exordium Wildlife","floor":11,"turns":3},{"damage":15,"enemies":"Looter","floor":13,"turns":2},{"damage":26,"enemies":"Gremlin Nob","floor":14,"turns":5},{"damage":37,"enemies":"Slime Boss","floor":16,"turns":10},{"damage":12,"enemies":"Spheric Guardian","floor":18,"turns":3},{"damage":15,"enemies":"Chosen","floor":19,"turns":3},{"damage":59,"enemies":"Slavers","floor":23,"turns":3}],"seed_played":"581998401352651869","potions_obtained":[{"floor":7,"key":"Weak Potion"},{"floor":8,"key":"LiquidBronze"},{"floor":11,"key":"SkillPotion"},{"floor":16,"key":"Strength Potion"}],"is_trial":false,"path_per_floor":["M","M","?","?","?","R","M","?","T","R","M","R","M","E","R","B",null,"M","M","$","?","?"],"character_chosen":"IRONCLAD","items_purchased":["Bag of Marbles","Feed"],"campfire_rested":0,"item_purchase_floors":[20,20],"current_hp_per_floor":[80,80,80,77,77,77,73,77,77,77,70,70,68,48,48,29,80,77,71,71,55,55,0],"gold":0,"neow_bonus":"","is_prod":false,"is_daily":true,"chose_seed":false,"campfire_upgraded":4,"win_rate":0,"timestamp":1533622964,"path_taken":["M","M","?","?","?","R","M","?","T","R","M","R","M","E","R","BOSS","M","M","$","?","?","E"],"build_version":"2018-08-02","purchased_purges":0,"victory":false,"max_hp_per_floor":[80,80,80,80,80,80,80,80,80,80,80,80,80,80,80,80,80,83,86,86,86,86,86],"card_choices":[{"not_picked":["Twin Strike","Wild Strike"],"picked":"Pummel","floor":1},{"not_picked":["Cleave","Clash"],"picked":"Feel No Pain","floor":2},{"not_picked":["Rampage","Rupture"],"picked":"Inflame","floor":7},{"not_picked":["Power Through","Rampage"],"picked":"Inflame","floor":8},{"not_picked":["Pommel Strike","Whirlwind","Sever Soul"],"picked":"SKIP","floor":11},{"not_picked":["Cleave","Rage"],"picked":"Second Wind","floor":13},{"not_picked":["Brutality","Feed"],"picked":"Demon Form","floor":14},{"not_picked":["Berserk","Demon Form"],"picked":"Feed","floor":16},{"not_picked":["Twin Strike","Rampage","Sword Boomerang+1"],"picked":"SKIP","floor":18},{"not_picked":["Pommel Strike","Infernal Blade+1"],"picked":"Heavy Blade","floor":19}],"player_experience":304282,"relics_obtained":[{"floor":8,"key":"Odd Mushroom"},{"floor":9,"key":"Meat on the Bone"},{"floor":14,"key":"Shovel"},{"floor":21,"key":"Nilry\u0027s Codex"}],"event_choices":[{"event_name":"Liars Game","player_choice":"disagreed","floor":3,"damage_taken":0},{"event_name":"Scrap Ooze","player_choice":"success","floor":4,"damage_taken":3},{"event_name":"Golden Idol","player_choice":"Ignored","floor":5,"damage_taken":0},{"event_name":"Mushrooms","player_choice":"Fought Mushrooms","floor":8,"damage_taken":0},{"event_name":"Cursed Tome","player_choice":"Obtained Book","floor":21,"damage_taken":0},{"event_name":"Masked Bandits","player_choice":"Paid Bandits 35 gold","floor":22,"damage_taken":0}],"is_beta":false,"boss_relics":[{"not_picked":["Pandora\u0027s Box","Calling Bell"],"picked":"Philosopher\u0027s Stone"}],"items_purged_floors":[],"is_endless":false,"potions_floor_spawned":[7,8,11,13,16],"killed_by":"Slavers","ascension_level":0}