{"gold_per_floor":[116,131,143,160,179,179,191,220,220,94,94,109,34,63,63,63],"floor_reached":16,"playtime":1243,"items_purged":["Strike_G"],"score":228,"play_id":"e4ecad6e-505d-457f-9c0a-9ced63395f52","local_time":"20190203094325","is_ascension_mode":true,"campfire_choices":[{"data":"Predator","floor":6,"key":"SMITH"},{"data":"Dash","floor":11,"key":"SMITH"},{"floor":15,"key":"REST"}],"neow_cost":"NONE","seed_source_timestamp":1701747686402763,"circlet_count":0,"master_deck":["AscendersBane","Defend_G","Defend_G","Defend_G","Defend_G","Defend_G","Strike_G","Strike_G","Strike_G","Strike_G","Survivor","Neutralize+1","Dagger Throw","Dodge and Roll","Predator+1","Leg Sweep","Dash+1","Cloak And Dagger"],"relics":["Ring of the Snake","Paper Crane","Matryoshka","Vajra","Shuriken"],"potions_floor_usage":[7,8,8],"damage_taken":[{"damage":3,"enemies":"Cultist","floor":1,"turns":5},{"damage":0,"enemies":"Small Slimes","floor":2,"turns":6},{"damage":0,"enemies":"Jaw Worm","floor":3,"turns":6},{"damage":0,"enemies":"Blue Slaver","floor":4,"turns":4},{"damage":0,"enemies":"2 Fungi Beasts","floor":5,"turns":4},{"damage":0,"enemies":"Looter","floor":7,"turns":4},{"damage":20,"enemies":"Lagavulin","floor":8,"turns":7},{"damage":0,"enemies":"Red Slaver","floor":12,"turns":3},{"damage":28,"enemies":"Gremlin Nob","floor":14,"turns":7},{"damage":46,"enemies":"The Guardian","floor":16,"turns":8}],"seed_played":"673000981494288430","potions_obtained":[{"floor":2,"key":"Explosive Potion"},{"floor":5,"key":"FearPotion"},{"floor":7,"key":"Energy Potion"},{"floor":14,"key":"Dexterity Potion"}],"is_trial":false,"path_per_floor":["M","M","M","M","M","R","M","E","T","?","R","M","$","E","R","B"],"character_chosen":"THE_SILENT","items_purchased":[],"campfire_rested":1,"item_purchase_floors":[],"current_hp_per_floor":[56,56,56,56,56,56,56,36,36,36,36,36,36,8,27,0],"gold":63,"neow_bonus":"UPGRADE_CARD","is_prod":false,"is_daily":false,"chose_seed":false,"campfire_upgraded":2,"win_rate":0,"timestamp":1549208605,"path_taken":["M","?","M","M","M","R","M","E","T","?","R","M","$","E","R","BOSS"],"build_version":"2019-01-23","purchased_purges":1,"victory":false,"max_hp_per_floor":[66,66,66,66,66,66,66,66,66,66,66,66,66,66,66,66],"card_choices":[{"not_picked":["Sucker Punch","Flying Knee"],"picked":"Dagger Throw","floor":1},{"not_picked":["Outmaneuver","Deadly Poison"],"picked":"Dodge and Roll","floor":2},{"not_picked":["Backflip","Bane"],"picked":"Predator","floor":3},{"not_picked":["Underhanded Strike","Poisoned Stab"],"picked":"Leg Sweep","floor":4},{"not_picked":["Riddle With Holes","Bane"],"picked":"Dash","floor":5},{"not_picked":["Quick Slash","Distraction","Outmaneuver"],"picked":"SKIP","floor":7},{"not_picked":["Envenom","Poisoned Stab","Flying Knee"],"picked":"SKIP","floor":8},{"not_picked":["Slice","Concentrate"],"picked":"Cloak And Dagger","floor":12},{"not_picked":["Sucker Punch","Outmaneuver","Prepared"],"picked":"SKIP","floor":14}],"player_experience":687266,"relics_obtained":[{"floor":8,"key":"Paper Crane"},{"floor":9,"key":"Matryoshka"},{"floor":14,"key":"Shuriken"}],"event_choices":[{"damage_healed":0,"gold_gain":0,"player_choice":"Paid Gold","damage_taken":0,"relics_obtained":["Vajra"],"max_hp_gain":0,"max_hp_loss":0,"event_name":"WeMeetAgain","floor":10,"gold_loss":126}],"is_beta":false,"boss_relics":[],"items_purged_floors":[13],"is_endless":false,"potions_floor_spawned":[2,5,7,14],"killed_by":"The Guardian","ascension_level":20}