{"gold_per_floor":[109,121,121,121,121,121,132,132,132,165,179,179,21,196,196,296,296,296,296,17,29,45,109,124,140,163,163,182,182,282,282],"floor_reached":31,"playtime":2413,"items_purged":[],"score":255,"play_id":"13167304-1331-41a5-a958-0beaeef45483","local_time":"20190302021606","is_ascension_mode":false,"campfire_choices":[{"data":"Whirlwind","floor":6,"key":"SMITH"},{"data":"Clothesline","floor":8,"key":"SMITH"},{"data":"Shrug It Off","floor":12,"key":"SMITH"},{"data":"Inflame","floor":15,"key":"SMITH"},{"floor":27,"key":"REST"}],"neow_cost":"NONE","seed_source_timestamp":6562703186083,"circlet_count":0,"master_deck":["Strike_R","Strike_R","Strike_R","Strike_R+1","Strike_R","Defend_R","Defend_R+1","Defend_R+1","Defend_R+1","Bash+1","Whirlwind+1","Battle Trance","Clothesline+1","Shrug It Off+1","Inflame+1","Limit Break","Doubt","Demon Form","Writhe","Flame Barrier"],"relics":["Burning Blood","Regal Pillow","War Paint","Busted Crown","Singing Bowl","HandDrill","Tiny Chest","Potion Belt"],"potions_floor_usage":[10,16,18,23,24,25],"damage_taken":[{"damage":0,"enemies":"2 Louse","floor":1,"turns":3},{"damage":0,"enemies":"Small Slimes","floor":2,"turns":3},{"damage":6,"enemies":"Cultist","floor":7,"turns":3},{"damage":14,"enemies":"3 Sentries","floor":10,"turns":6},{"damage":2,"enemies":"Looter","floor":11,"turns":3},{"damage":42,"enemies":"Slime Boss","floor":16,"turns":8},{"damage":0,"enemies":"Spheric Guardian","floor":18,"turns":2},{"damage":1,"enemies":"Shell Parasite","floor":21,"turns":4},{"damage":36,"enemies":"Sentry and Sphere","floor":22,"turns":8},{"damage":38,"enemies":"Book of Stabbing","floor":23,"turns":8},{"damage":14,"enemies":"Snecko","floor":24,"turns":7},{"damage":12,"enemies":"3 Cultists","floor":25,"turns":4},{"damage":30,"enemies":"Centurion and Healer","floor":28,"turns":7},{"damage":47,"enemies":"Cultist and Chosen","floor":31,"turns":5}],"seed_played":"2197841001126331117","potions_obtained":[{"floor":1,"key":"Weak Potion"},{"floor":2,"key":"EssenceOfSteel"},{"floor":10,"key":"SmokeBomb"},{"floor":22,"key":"Block Potion"},{"floor":23,"key":"SpeedPotion"},{"floor":24,"key":"Poison Potion"}],"is_trial":false,"path_per_floor":["M","M","?","?","?","R","M","R","T","E","M","R","$","?","R","B",null,"M","?","$","M","M","E","M","M","T","R","M","?","?","M"],"character_chosen":"IRONCLAD","items_purchased":["Inflame","Limit Break","Flame Barrier","HandDrill"],"campfire_rested":1,"item_purchase_floors":[13,13,20,20],"current_hp_per_floor":[80,80,64,64,64,64,64,64,64,56,60,60,60,60,60,24,80,80,80,80,82,54,24,18,14,14,56,34,34,34,0],"gold":282,"neow_bonus":"RANDOM_COMMON_RELIC","is_prod":false,"is_daily":false,"chose_seed":false,"campfire_upgraded":4,"win_rate":0,"timestamp":1551505566,"path_taken":["M","M","?","?","?","R","M","R","T","E","M","R","$","?","R","BOSS","M","?","$","M","M","E","M","M","T","R","M","?","?","M"],"build_version":"2019-02-06","purchased_purges":0,"victory":false,"max_hp_per_floor":[80,80,80,80,80,80,80,80,80,80,80,80,80,80,80,80,80,80,80,80,82,84,86,88,90,90,90,92,92,92,92],"card_choices":[{"not_picked":["Sword Boomerang","Thunderclap"],"picked":"Whirlwind","floor":1},{"not_picked":["Sword Boomerang","Wild Strike"],"picked":"Battle Trance","floor":2},{"not_picked":["Disarm","Thunderclap"],"picked":"Clothesline","floor":7},{"not_picked":["Searing Blow","Clothesline"],"picked":"Shrug It Off","floor":10},{"not_picked":["Heavy Blade","Havoc","Twin Strike"],"picked":"SKIP","floor":11},{"not_picked":["Immolate","Fiend Fire"],"picked":"Demon Form","floor":16},{"not_picked":["Armaments+1"],"picked":"Singing Bowl","floor":21},{"not_picked":["Armaments+1"],"picked":"Singing Bowl","floor":22},{"not_picked":["Dropkick"],"picked":"Singing Bowl","floor":23},{"not_picked":["Bloodletting+1"],"picked":"Singing Bowl","floor":24},{"not_picked":["True Grit"],"picked":"Singing Bowl","floor":25},{"not_picked":["Pommel Strike"],"picked":"Singing Bowl","floor":28}],"player_experience":673135,"relics_obtained":[{"floor":10,"key":"War Paint"},{"floor":23,"key":"Tiny Chest"},{"floor":26,"key":"Potion Belt"}],"event_choices":[{"damage_healed":0,"gold_gain":0,"player_choice":"Entered Light","damage_taken":16,"max_hp_gain":0,"max_hp_loss":0,"event_name":"Shining Light","floor":3,"gold_loss":0,"cards_upgraded":["Defend_R","Strike_R"]},{"damage_healed":0,"gold_gain":0,"player_choice":"Ignored","damage_taken":0,"max_hp_gain":0,"max_hp_loss":0,"event_name":"Golden Wing","floor":4,"gold_loss":0},{"damage_healed":0,"gold_gain":0,"player_choice":"Grow","damage_taken":0,"max_hp_gain":0,"max_hp_loss":0,"event_name":"Living Wall","floor":5,"gold_loss":0,"cards_upgraded":["Bash"]},{"damage_healed":0,"gold_gain":175,"player_choice":"AGREE","damage_taken":0,"max_hp_gain":0,"max_hp_loss":0,"event_name":"Liars Game","floor":14,"gold_loss":0,"cards_obtained":["Doubt"]},{"damage_healed":0,"gold_gain":0,"player_choice":"Opened","damage_taken":0,"relics_obtained":["Singing Bowl"],"max_hp_gain":0,"max_hp_loss":0,"event_name":"The Mausoleum","floor":19,"gold_loss":0,"cards_obtained":["Writhe"]},{"damage_healed":0,"gold_gain":0,"player_choice":"Ignored","damage_taken":0,"max_hp_gain":0,"max_hp_loss":0,"event_name":"Vampires","floor":29,"gold_loss":0},{"damage_healed":0,"gold_gain":100,"player_choice":"Pray","damage_taken":0,"max_hp_gain":0,"max_hp_loss":0,"event_name":"Golden Shrine","floor":30,"gold_loss":0}],"is_beta":true,"boss_relics":[{"not_picked":["White Beast Statue","Velvet Choker"],"picked":"Busted Crown"}],"items_purged_floors":[],"is_endless":false,"potions_floor_spawned":[1,2,10,22,23,24],"killed_by":"Cultist and Chosen","ascension_level":0}