{"gold_per_floor":[140,160,310,321,112,112,139,139,189,217,55,73,73,85,85,162,162,182,82,93,93,143,171,171,171,171,171,189,215,315,326,326,403,403,422,436,436,436,436,461,461,478,529,564,242,242,122,138,138,138,138,138,138,4,30,30],"floor_reached":56,"playtime":3888,"items_purged":["Doubt","Strike_G","Pain","Shame"],"score":1977,"play_id":"f289ad2f-bfdf-409a-adb4-01953184066a","local_time":"20190315173704","is_ascension_mode":true,"campfire_choices":[{"data":"Glass Knife","floor":6.0,"key":"SMITH"},{"floor":8.0,"key":"REST"},{"data":"Deadly Poison","floor":13.0,"key":"SMITH"},{"data":"Neutralize","floor":15.0,"key":"SMITH"},{"data":"Dodge and Roll","floor":25.0,"key":"SMITH"},{"data":"Poisoned Stab","floor":27.0,"key":"SMITH"},{"data":"Dodge and Roll","floor":32.0,"key":"SMITH"},{"data":"Corpse Explosion","floor":41.0,"key":"SMITH"},{"floor":49.0,"key":"RECALL"},{"floor":53.0,"key":"REST"}],"neow_cost":"NONE","seed_source_timestamp":170505750953381,"circlet_count":0,"master_deck":["AscendersBane","Defend_G","Defend_G","Defend_G","Defend_G","Defend_G","Strike_G","Strike_G","Strike_G","Strike_G","Survivor","Neutralize+1","Catalyst+1","Predator","Bane","Glass Knife+1","Deadly Poison+1","Well Laid Plans","Adrenaline+1","Poisoned Stab+1","A Thousand Cuts+1","Well Laid Plans+1","Caltrops+1","Dodge and Roll+1","Parasite","Wraith Form v2+1","Acrobatics","PiercingWail+1","Dodge and Roll+1","Corpse Explosion+1","Secret Weapon","Discovery","Discovery","Clumsy","Cloak And Dagger","Noxious Fumes+1","Dash"],"special_seed":0,"relics":["Ring of the Snake","Tiny Chest","Juzu Bracelet","Blood Vial","Frozen Egg 2","War Paint","Cursed Key","Bird Faced Urn","Ice Cream","Pear","Dead Branch","The Courier","Busted Crown","Dodecahedron","Boot","Snake Skull","Darkstone Periapt","Pantograph","Strawberry","Bronze Scales"],"potions_floor_usage":[56,56],"damage_taken":[{"damage":4.0,"enemies":"2 Louse","floor":1.0,"turns":3.0},{"damage":11.0,"enemies":"Jaw Worm","floor":2.0,"turns":9.0},{"damage":4.0,"enemies":"Cultist","floor":4.0,"turns":4.0},{"damage":27.0,"enemies":"Gremlin Nob","floor":7.0,"turns":4.0},{"damage":12.0,"enemies":"Lagavulin","floor":10.0,"turns":5.0},{"damage":0.0,"enemies":"2 Fungi Beasts","floor":12.0,"turns":3.0},{"damage":10.0,"enemies":"Large Slime","floor":14.0,"turns":4.0},{"damage":5.0,"enemies":"Hexaghost","floor":16.0,"turns":8.0},{"damage":20.0,"enemies":"2 Thieves","floor":18.0,"turns":4.0},{"damage":0.0,"enemies":"3 Byrds","floor":20.0,"turns":3.0},{"damage":23.0,"enemies":"Slavers","floor":23.0,"turns":5.0},{"damage":16.0,"enemies":"Shelled Parasite and Fungi","floor":28.0,"turns":4.0},{"damage":12.0,"enemies":"Book of Stabbing","floor":29.0,"turns":4.0},{"damage":0.0,"enemies":"Colosseum Slavers","floor":30.0,"turns":4.0},{"damage":3.0,"enemies":"Colosseum Nobs","floor":30.0,"turns":4.0},{"damage":19.0,"enemies":"Snake Plant","floor":31.0,"turns":3.0},{"damage":24.0,"enemies":"Automaton","floor":33.0,"turns":10.0},{"damage":3.0,"enemies":"Orb Walker","floor":35.0,"turns":3.0},{"damage":1.0,"enemies":"3 Shapes","floor":36.0,"turns":4.0},{"damage":12.0,"enemies":"Nemesis","floor":40.0,"turns":5.0},{"damage":3.0,"enemies":"Sphere and 2 Shapes","floor":42.0,"turns":5.0},{"damage":3.0,"enemies":"Reptomancer","floor":44.0,"turns":5.0},{"damage":0.0,"enemies":"Transient","floor":48.0,"turns":6.0},{"damage":44.0,"enemies":"Donu and Deca","floor":50.0,"turns":6.0},{"damage":63.0,"enemies":"Awakened One","floor":51.0,"turns":9.0},{"damage":72,"enemies":"Shield and Spear","floor":55,"turns":6},{"damage":72,"enemies":"The Heart","floor":56,"turns":3}],"seed_played":"7312698992092051798","potions_obtained":[{"floor":2.0,"key":"Fire Potion"},{"floor":14.0,"key":"GamblersBrew"},{"floor":16.0,"key":"Strength Potion"},{"floor":21.0,"key":"SmokeBomb"},{"floor":23.0,"key":"Block Potion"},{"floor":31.0,"key":"LiquidBronze"},{"floor":33.0,"key":"Poison Potion"},{"floor":55,"key":"Fruit Juice"}],"is_trial":false,"path_per_floor":["M","M","?","M","$","R","E","R","T","E","$","M","R","M","R","B",null,"M","$","M","?","?","E","?","R","T","R","M","E","?","M","R","B",null,"M","M","?","T","T","E","R","M","T","E","$","?","$","M","R","B","B",null,"R","$","E","B"],"character_chosen":"THE_SILENT","items_purchased":["Glass Knife","Deadly Poison","War Paint","Pantograph","Strawberry"],"campfire_rested":2,"item_purchase_floors":[5,5,11,45,54],"current_hp_per_floor":[55,44,44,40,40,40,13,32,32,22,22,24,24,16,16,13,53,35,35,37,37,37,16,29,29,29,29,23,31,52,41,41,31,65,66,76,66,66,66,68,68,76,76,76,76,76,76,76,76,46,28,64,76,83,19,0],"gold":30,"neow_bonus":"RANDOM_COMMON_RELIC","is_prod":false,"is_daily":false,"chose_seed":false,"campfire_upgraded":7,"win_rate":0,"timestamp":1552689424,"path_taken":["M","M","?","M","$","R","E","R","T","E","?","M","R","M","R","BOSS","M","$","M","?","?","E","?","R","T","R","M","E","?","M","R","BOSS","M","M","?","?","?","E","R","M","T","E","?","?","$","M","R","BOSS","BOSS","R","$","E","BOSS"],"build_version":"2019-01-23","purchased_purges":4,"victory":false,"max_hp_per_floor":[66,66,66,66,66,66,66,66,66,66,66,66,66,66,66,66,66,66,66,66,66,66,66,66,66,66,66,66,76,76,76,76,76,76,76,76,76,76,76,76,76,76,76,76,76,76,76,76,76,76,76,76,76,83,83,88],"card_choices":[{"not_picked":["Flying Knee","Dagger Throw"],"picked":"Catalyst","floor":1.0},{"not_picked":["Concentrate","Deflect"],"picked":"Predator","floor":2.0},{"not_picked":["PiercingWail","Riddle With Holes"],"picked":"Bane","floor":4.0},{"not_picked":["Underhanded Strike","Die Die Die"],"picked":"Well Laid Plans","floor":7.0},{"not_picked":["Deflect","Infinite Blades"],"picked":"Adrenaline","floor":10.0},{"not_picked":["All Out Attack","Dagger Spray","Outmaneuver"],"picked":"SKIP","floor":12.0},{"not_picked":["Acrobatics","Dagger Spray"],"picked":"Poisoned Stab","floor":14.0},{"not_picked":["Venomology","Tools of the Trade+1"],"picked":"A Thousand Cuts+1","floor":16.0},{"not_picked":["Backflip","Eviscerate"],"picked":"Well Laid Plans+1","floor":18.0},{"not_picked":["Bouncing Flask","Flechettes"],"picked":"Caltrops+1","floor":20.0},{"not_picked":["Quick Slash","Flechettes"],"picked":"Dodge and Roll","floor":23.0},{"not_picked":["Quick Slash","Poisoned Stab"],"picked":"Wraith Form v2+1","floor":28.0},{"not_picked":["Concentrate","Expertise"],"picked":"Acrobatics","floor":29.0},{"not_picked":["Backstab","Calculated Gamble"],"picked":"PiercingWail+1","floor":30.0},{"not_picked":["Caltrops+1","Dagger Throw"],"picked":"Dodge and Roll","floor":31.0},{"not_picked":["Phantasmal Killer","Venomology"],"picked":"Corpse Explosion","floor":33.0},{"not_picked":["Eviscerate"],"picked":"SKIP","floor":35.0},{"not_picked":["Dagger Throw"],"picked":"SKIP","floor":36.0},{"not_picked":[],"picked":"Secret Weapon","floor":37.0},{"not_picked":[],"picked":"Discovery","floor":37.0},{"not_picked":[],"picked":"Discovery","floor":37.0},{"not_picked":[],"picked":"Cloak And Dagger","floor":40.0},{"not_picked":["Dagger Spray+1"],"picked":"SKIP","floor":42.0},{"not_picked":[],"picked":"Noxious Fumes+1","floor":44.0},{"not_picked":["Dagger Throw"],"picked":"SKIP","floor":48.0},{"not_picked":[],"picked":"Dash","floor":55}],"player_experience":789729,"relics_obtained":[{"floor":7.0,"key":"Juzu Bracelet"},{"floor":9.0,"key":"Blood Vial"},{"floor":10.0,"key":"Frozen Egg 2"},{"floor":23.0,"key":"Bird Faced Urn"},{"floor":26.0,"key":"Ice Cream"},{"floor":29.0,"key":"Pear"},{"floor":30.0,"key":"Dead Branch"},{"floor":30.0,"key":"The Courier"},{"floor":39.0,"key":"Dodecahedron"},{"floor":40.0,"key":"Boot"},{"floor":43.0,"key":"Snake Skull"},{"floor":44.0,"key":"Darkstone Periapt"},{"floor":55,"key":"Bronze Scales"}],"event_choices":[{"damage_healed":0.0,"max_hp_gain":0.0,"max_hp_loss":0.0,"gold_gain":150.0,"event_name":"Liars Game","player_choice":"AGREE","floor":3.0,"gold_loss":0.0,"damage_taken":0.0,"cards_obtained":["Doubt"]},{"damage_healed":0.0,"max_hp_gain":0.0,"max_hp_loss":0.0,"gold_gain":0.0,"event_name":"Lab","player_choice":"Got Potions","floor":21.0,"gold_loss":0.0,"damage_taken":0.0},{"damage_healed":0.0,"max_hp_gain":0.0,"max_hp_loss":0.0,"gold_gain":50.0,"event_name":"Nest","player_choice":"Stole From Cult","floor":22.0,"gold_loss":0.0,"damage_taken":0.0},{"damage_healed":13.0,"max_hp_gain":0.0,"max_hp_loss":0.0,"gold_gain":0.0,"event_name":"The Library","player_choice":"Heal","floor":24.0,"gold_loss":0.0,"damage_taken":0.0},{"damage_healed":0.0,"max_hp_gain":0.0,"max_hp_loss":0.0,"gold_gain":0.0,"event_name":"Colosseum","player_choice":"Fight","floor":30.0,"gold_loss":0.0,"damage_taken":0.0},{"damage_healed":0.0,"max_hp_gain":0.0,"max_hp_loss":0.0,"gold_gain":0.0,"event_name":"Colosseum","player_choice":"Fought Nobs","floor":30.0,"gold_loss":0.0,"damage_taken":0.0},{"damage_healed":0.0,"max_hp_gain":0.0,"max_hp_loss":0.0,"gold_gain":0.0,"event_name":"SensoryStone","player_choice":"Memory 3","floor":37.0,"gold_loss":0.0,"damage_taken":10.0},{"damage_healed":0.0,"max_hp_gain":0.0,"max_hp_loss":0.0,"gold_gain":0.0,"event_name":"Tomb of Lord Red Mask","player_choice":"Ignored","floor":46.0,"gold_loss":0.0,"damage_taken":0.0}],"is_beta":false,"boss_relics":[{"not_picked":["Snecko Eye","Coffee Dripper"],"picked":"Cursed Key"},{"not_picked":["Orrery","Tiny House"],"picked":"Busted Crown"}],"items_purged_floors":[5,19,45,47],"is_endless":false,"potions_floor_spawned":[2,14,16,18,23,30,31,33,35,36,40,44,55],"killed_by":"The Heart","ascension_level":20}