{"gold_per_floor":[114,18,18,18,18,48,63,63,113,128,203,203,90,105,105,205,205,220,135,150,250,349,349,364,379,379,379,394,394,11,11,11,111,111,126,141,68,68,68,68,128,128,153,153,168,168,183,183,183,183],"floor_reached":51,"playtime":3267,"items_purged":[],"score":875,"play_id":"676059ba-6926-4da5-b232-ef48ed14910a","local_time":"20180731234508","daily_mods":["Brewmaster","Time Dilation","Hoarder"],"is_ascension_mode":false,"campfire_choices":[{"data":"Venomology","floor":8,"key":"SMITH"},{"data":"Bandage Up","floor":12,"key":"SMITH"},{"data":"Fire Breathing","floor":15,"key":"SMITH"},{"data":"Limit Break","floor":23,"key":"SMITH"},{"data":"Spot Weakness","floor":29,"key":"SMITH"},{"data":"Bandage Up","floor":32,"key":"SMITH"}],"neow_cost":"","seed_source_timestamp":0,"circlet_count":0,"master_deck":["Strike_R","Strike_R","Strike_R","Strike_R","Strike_R","Defend_R","Defend_R","Defend_R","Defend_R","Bash","Venomology","Venomology","Venomology","Venomology","Venomology","Venomology","Venomology","Venomology","Venomology","Venomology","Venomology+1","Venomology","Venomology","Venomology","Bandage Up+1","Bandage Up+1","Bandage Up","Warcry","Warcry","Warcry","Twin Strike","Twin Strike","Twin Strike","Fire Breathing+1","Fire Breathing","Fire Breathing","Sever Soul","Sever Soul","Sever Soul","Inflame","Inflame","Inflame","Spot Weakness","Spot Weakness","Spot Weakness+1","Limit Break+1","Limit Break","Limit Break","Heavy Blade","Heavy Blade","Heavy Blade","Pummel+1","Pummel+1","Pummel+1","Dropkick+1","Dropkick+1","Dropkick+1","Anger","Anger","Anger","Warcry+1","Warcry+1","Warcry+1","Flex","Flex","Flex","Cleave","Cleave","Cleave","Anger","Anger","Anger","Shrug It Off","Shrug It Off","Shrug It Off","Heavy Blade+1","Heavy Blade+1","Heavy Blade+1","Juggernaut","Juggernaut","Juggernaut","Headbutt+1","Headbutt+1","Headbutt+1","Panacea","Panacea","Panacea","Heavy Blade+1","Heavy Blade+1","Heavy Blade+1","Madness","Madness","Madness","Madness","Madness","Madness"],"special_seed":17743,"relics":["Burning Blood","White Beast Statue","Blood Vial","Charon\u0027s Ashes","Bag of Marbles","Coffee Dripper","Turnip","The Courier","Champion Belt","Fusion Hammer","Tiny Chest","Ancient Tea Set"],"potions_floor_usage":[1,1,1,1,1,1,6,6,6,6,6,6,6,7,7,7,7,7,10,10,10,10,14,14,14,14,16,16,16,16,16,16,16,18,18,20,20,24,24,24,24,25,25,33,33,33,33,38,41,41,41,41,45,45,45,47,47,47,50,50,50],"damage_taken":[{"damage":3,"enemies":"Cultist","floor":1,"turns":7},{"damage":26,"enemies":"3 Sentries","floor":6,"turns":10},{"damage":0,"enemies":"Small Slimes","floor":7,"turns":2},{"damage":0,"enemies":"2 Louse","floor":10,"turns":1},{"damage":5,"enemies":"Blue Slaver","floor":14,"turns":3},{"damage":69,"enemies":"The Guardian","floor":16,"turns":10},{"damage":10,"enemies":"3 Byrds","floor":18,"turns":3},{"damage":10,"enemies":"Chosen","floor":20,"turns":3},{"damage":16,"enemies":"Snake Plant","floor":24,"turns":2},{"damage":28,"enemies":"Centurion and Healer","floor":25,"turns":4},{"damage":25,"enemies":"3 Cultists","floor":28,"turns":4},{"damage":3,"enemies":"Snecko","floor":31,"turns":3},{"damage":21,"enemies":"Champ","floor":33,"turns":4},{"damage":0,"enemies":"Flame Bruiser 1 Orb","floor":35,"turns":1},{"damage":14,"enemies":"3 Shapes","floor":36,"turns":5},{"damage":0,"enemies":"Maw","floor":38,"turns":1},{"damage":73,"enemies":"Giant Head","floor":41,"turns":7},{"damage":40,"enemies":"Spire Growth","floor":45,"turns":4},{"damage":13,"enemies":"Transient","floor":47,"turns":5},{"damage":36,"enemies":"Time Eater","floor":50,"turns":4}],"seed_played":"4161929215003559377","potions_obtained":[{"floor":1,"key":"Swift Potion"},{"floor":6,"key":"Block Potion"},{"floor":7,"key":"Dexterity Potion"},{"floor":10,"key":"Block Potion"},{"floor":14,"key":"Energy Potion"},{"floor":16,"key":"Swift Potion"},{"floor":18,"key":"Strength Potion"},{"floor":20,"key":"PowerPotion"},{"floor":24,"key":"Poison Potion"},{"floor":31,"key":"PowerPotion"},{"floor":33,"key":"Energy Potion"},{"floor":41,"key":"SpeedPotion"},{"floor":45,"key":"Ancient Potion"},{"floor":47,"key":"Regen Potion"}],"is_trial":false,"path_per_floor":["M","$","?","?","$","E","M","R","T","M","?","R","$","M","R","B",null,"M","?","M","?","?","R","M","M","T","?","M","R","$","M","R","B",null,"M","M","$","M","?","R","E","R","T","R","M","?","M","?","R","B"],"character_chosen":"IRONCLAD","items_purchased":["Bandage Up","Sever Soul","Inflame","Champion Belt","Flex","Cleave","Anger","Shrug It Off","Panacea"],"campfire_rested":0,"item_purchase_floors":[2,13,13,30,30,30,30,30,37],"current_hp_per_floor":[80,80,77,82,82,76,85,85,85,85,74,74,74,77,77,35,85,81,81,83,83,83,83,81,65,65,65,48,48,48,53,53,46,85,85,77,77,85,95,95,28,28,28,28,15,83,76,66,66,50],"gold":183,"neow_bonus":"","is_prod":false,"is_daily":true,"chose_seed":false,"campfire_upgraded":6,"win_rate":0,"timestamp":1533077108,"path_taken":["M","$","?","?","?","E","?","R","T","M","?","R","$","?","R","BOSS","M","?","M","?","?","R","M","M","T","?","M","R","$","?","R","BOSS","M","M","$","M","?","R","E","R","T","R","?","?","M","?","R","BOSS"],"build_version":"2018-07-26","purchased_purges":0,"victory":true,"max_hp_per_floor":[80,80,80,85,85,85,85,85,85,85,85,85,85,85,85,85,85,85,85,85,85,85,85,85,85,85,85,85,85,85,85,85,85,85,85,85,85,85,95,95,95,95,95,95,95,83,83,83,83,83],"card_choices":[{"not_picked":["Headbutt","Shrug It Off","Blood for Blood"],"picked":"SKIP","floor":1},{"not_picked":["Bloodletting","Headbutt"],"picked":"Warcry","floor":6},{"not_picked":["Power Through","Battle Trance"],"picked":"Twin Strike","floor":7},{"not_picked":["Shockwave","Thunderclap"],"picked":"Fire Breathing","floor":10},{"not_picked":["Thunderclap","Power Through"],"picked":"Spot Weakness","floor":14},{"not_picked":["Exhume","Demon Form"],"picked":"Limit Break","floor":16},{"not_picked":["Searing Blow","True Grit"],"picked":"Heavy Blade","floor":18},{"not_picked":["Havoc","Intimidate"],"picked":"Pummel+1","floor":20},{"not_picked":["Uppercut+1","Sentinel"],"picked":"Dropkick+1","floor":24},{"not_picked":["Pommel Strike+1","Inflame"],"picked":"Anger","floor":25},{"not_picked":["Pommel Strike+1","Body Slam+1"],"picked":"Warcry+1","floor":28},{"not_picked":["Evolve","Reckless Charge+1"],"picked":"Heavy Blade+1","floor":31},{"not_picked":["Exhume","Brutality"],"picked":"Juggernaut","floor":33},{"not_picked":["Headbutt","Uppercut+1","Wild Strike"],"picked":"SKIP","floor":35},{"not_picked":["Flame Barrier+1","Bludgeon"],"picked":"Headbutt+1","floor":36},{"not_picked":["Warcry","Havoc+1","Cleave+1"],"picked":"SKIP","floor":41},{"not_picked":["Clothesline","Headbutt"],"picked":"Heavy Blade+1","floor":45},{"not_picked":["Hemokinesis+1","Dropkick+1","Clothesline+1"],"picked":"SKIP","floor":47}],"player_experience":273347,"relics_obtained":[{"floor":6,"key":"Charon\u0027s Ashes"},{"floor":9,"key":"Bag of Marbles"},{"floor":26,"key":"The Courier"},{"floor":41,"key":"Tiny Chest"},{"floor":43,"key":"Ancient Tea Set"}],"event_choices":[{"event_name":"Scrap Ooze","player_choice":"success","floor":3,"damage_taken":3},{"event_name":"Big Fish","player_choice":"Donut","floor":4,"damage_taken":0},{"event_name":"World of Goop","player_choice":"Gather Gold","floor":11,"damage_taken":0},{"event_name":"Addict","player_choice":"Obtained Relic","floor":19,"damage_taken":0},{"event_name":"Golden Shrine","player_choice":"Pray","floor":21,"damage_taken":0},{"event_name":"Nest","player_choice":"Stole From Cult","floor":22,"damage_taken":0},{"event_name":"The Mausoleum","player_choice":"No","floor":27,"damage_taken":0},{"event_name":"Bonfire Elementals","player_choice":"RARE","floor":39,"damage_taken":0},{"event_name":"The Moai Head","player_choice":"Heal","floor":46,"damage_taken":0},{"event_name":"Winding Halls","player_choice":"Embrace Madness","floor":48,"damage_taken":0}],"is_beta":false,"boss_relics":[{"not_picked":["Runic Pyramid","Black Star"],"picked":"Coffee Dripper"},{"not_picked":["Runic Cube","Eternal Feather"],"picked":"Fusion Hammer"}],"items_purged_floors":[],"is_endless":false,"potions_floor_spawned":[1,6,7,10,14,16,18,20,24,25,28,31,33,35,36,38,41,45,47],"ascension_level":0}