{"gold_per_floor":[117,130,130,148,160,160,191,201,201,201,35,35,48,61,61,162,162,174,185,185,185,131,131,157,176,176,196,196,221,236,151,151,250,250,260,187,205,218,74,105,105,137,189,189,203,203,203,220,220,220],"floor_reached":51,"playtime":2896,"items_purged":["Strike_R"],"score":1184,"play_id":"22cec558-1814-4f29-afcc-3ceb8c11859c","local_time":"20190325141042","is_ascension_mode":true,"campfire_choices":[{"data":"Bash","floor":6,"key":"SMITH"},{"data":"Armaments","floor":10,"key":"SMITH"},{"data":"Uppercut","floor":15,"key":"SMITH"},{"data":"Limit Break","floor":23,"key":"SMITH"},{"floor":28,"key":"REST"},{"data":"Immolate","floor":32,"key":"SMITH"},{"data":"Uppercut","floor":41,"key":"SMITH"},{"data":"Rage","floor":44,"key":"SMITH"},{"data":"Defend_R","floor":46,"key":"PURGE"},{"data":"Corruption","floor":49,"key":"SMITH"}],"neow_cost":"NONE","seed_source_timestamp":360847427434600,"circlet_count":0,"master_deck":["Strike_R","Strike_R","Strike_R","Defend_R","Defend_R","Bash+1","Wild Strike","Headbutt","Iron Wave","Armaments+1","Sentinel","Shrug It Off","Uppercut+1","Anger","Limit Break+1","Headbutt","Immolate+1","Flame Barrier","Shrug It Off","Shrug It Off+1","Rage+1","Shockwave+1","Uppercut+1","Ghostly Armor+1","Shrug It Off","Anger","Shrug It Off+1","Corruption+1"],"relics":["Burning Blood","Pen Nib","Shuriken","Busted Crown","Peace Pipe","Singing Bowl","Centennial Puzzle","Oddly Smooth Stone","Mark of Pain","Happy Flower","Bottled Lightning","Anchor"],"potions_floor_usage":[5,7,19,29,33,38,38,45,50,50,50],"damage_taken":[{"damage":0,"enemies":"Small Slimes","floor":1,"turns":3},{"damage":2,"enemies":"2 Louse","floor":2,"turns":3},{"damage":1,"enemies":"Cultist","floor":4,"turns":3},{"damage":15,"enemies":"Lots of Slimes","floor":5,"turns":5},{"damage":30,"enemies":"Gremlin Nob","floor":7,"turns":5},{"damage":3,"enemies":"Blue Slaver","floor":8,"turns":5},{"damage":0,"enemies":"Exordium Thugs","floor":13,"turns":3},{"damage":1,"enemies":"Red Slaver","floor":14,"turns":6},{"damage":0,"enemies":"Slime Boss","floor":16,"turns":7},{"damage":23,"enemies":"Shell Parasite","floor":18,"turns":3},{"damage":12,"enemies":"2 Thieves","floor":19,"turns":3},{"damage":22,"enemies":"Gremlin Leader","floor":24,"turns":5},{"damage":8,"enemies":"Shelled Parasite and Fungi","floor":25,"turns":7},{"damage":13,"enemies":"Centurion and Healer","floor":27,"turns":6},{"damage":12,"enemies":"Slavers","floor":29,"turns":3},{"damage":0,"enemies":"Chosen and Byrds","floor":30,"turns":3},{"damage":68,"enemies":"Automaton","floor":33,"turns":10},{"damage":0,"enemies":"3 Darklings","floor":35,"turns":2},{"damage":0,"enemies":"3 Shapes","floor":37,"turns":7},{"damage":3,"enemies":"Transient","floor":38,"turns":5},{"damage":26,"enemies":"Nemesis","floor":40,"turns":11},{"damage":22,"enemies":"Reptomancer","floor":42,"turns":5},{"damage":0,"enemies":"Jaw Worm Horde","floor":45,"turns":2},{"damage":3,"enemies":"Sphere and 2 Shapes","floor":48,"turns":5},{"damage":40,"enemies":"Awakened One","floor":50,"turns":10}],"seed_played":"1545322427194493875","potions_obtained":[{"floor":2,"key":"GamblersBrew"},{"floor":4,"key":"Fruit Juice"},{"floor":13,"key":"BloodPotion"},{"floor":14,"key":"Energy Potion"},{"floor":18,"key":"SkillPotion"},{"floor":24,"key":"SneckoOil"},{"floor":30,"key":"SpeedPotion"},{"floor":33,"key":"Energy Potion"},{"floor":37,"key":"GamblersBrew"},{"floor":38,"key":"LiquidBronze"},{"floor":42,"key":"EssenceOfSteel"},{"floor":45,"key":"Weak Potion"}],"is_trial":false,"path_per_floor":["M","M","?","M","M","R","E","M","T","R","$","?","M","M","R","B",null,"M","M","$","?","$","R","E","M","T","M","R","E","M","?","R","B",null,"M","$","M","M","$","E","R","E","T","R","M","R","?","M","R","B",null],"character_chosen":"IRONCLAD","items_purchased":["Uppercut","Anger","Shrug It Off","Uppercut","Shrug It Off","Anger","Regen Potion"],"campfire_rested":1,"item_purchase_floors":[11,11,22,36,39,39,39],"current_hp_per_floor":[86,88,93,93,89,89,65,68,68,68,68,61,67,72,72,78,93,76,70,70,70,70,70,54,52,52,47,77,71,79,79,79,19,83,91,91,99,102,102,84,84,70,70,70,89,89,89,92,92,70],"gold":220,"neow_bonus":"TEN_PERCENT_HP_BONUS","is_prod":false,"is_daily":false,"chose_seed":false,"campfire_upgraded":8,"win_rate":1,"timestamp":1553548242,"path_taken":["M","M","?","M","M","R","E","M","T","R","$","?","M","M","R","BOSS","M","M","$","?","$","R","E","?","T","M","R","E","?","?","R","BOSS","M","$","M","M","$","E","R","E","T","R","M","R","?","M","R","BOSS"],"build_version":"2019-01-23","purchased_purges":1,"victory":true,"max_hp_per_floor":[88,88,93,93,98,98,98,98,98,98,98,98,98,98,98,98,98,98,98,98,98,98,98,98,98,98,100,100,100,102,102,102,104,104,106,106,108,108,108,110,110,112,112,112,114,114,114,114,114,114],"card_choices":[{"not_picked":["Warcry","Flex"],"picked":"Wild Strike","floor":1},{"not_picked":["Sword Boomerang","Thunderclap"],"picked":"Headbutt","floor":2},{"not_picked":["Armaments","Pummel"],"picked":"Iron Wave","floor":4},{"not_picked":["Clash","Headbutt"],"picked":"Armaments","floor":5},{"not_picked":["Body Slam","Thunderclap"],"picked":"Sentinel","floor":7},{"not_picked":["Warcry","Bloodletting"],"picked":"Shrug It Off","floor":8},{"not_picked":["Thunderclap","Armaments"],"picked":"Limit Break","floor":13},{"not_picked":["Flex","Clash"],"picked":"Headbutt","floor":14},{"not_picked":["Barricade","Fiend Fire"],"picked":"Immolate","floor":16},{"not_picked":["Wild Strike"],"picked":"SKIP","floor":18},{"not_picked":[],"picked":"Flame Barrier","floor":19},{"not_picked":[],"picked":"Shrug It Off+1","floor":24},{"not_picked":[],"picked":"Rage","floor":25},{"not_picked":["Pommel Strike"],"picked":"Singing Bowl","floor":27},{"not_picked":[],"picked":"Shockwave+1","floor":29},{"not_picked":["Perfected Strike"],"picked":"Singing Bowl","floor":30},{"not_picked":["Dark Embrace"],"picked":"Singing Bowl","floor":33},{"not_picked":["Clash"],"picked":"Singing Bowl","floor":35},{"not_picked":["Thunderclap"],"picked":"Singing Bowl","floor":37},{"not_picked":[],"picked":"Ghostly Armor+1","floor":38},{"not_picked":["Twin Strike+1"],"picked":"Singing Bowl","floor":40},{"not_picked":["Cleave"],"picked":"Singing Bowl","floor":42},{"not_picked":["Blood for Blood"],"picked":"Singing Bowl","floor":45},{"not_picked":[],"picked":"Corruption","floor":48}],"player_experience":93069,"relics_obtained":[{"floor":7,"key":"Pen Nib"},{"floor":9,"key":"Shuriken"},{"floor":24,"key":"Peace Pipe"},{"floor":26,"key":"Singing Bowl"},{"floor":29,"key":"Centennial Puzzle"},{"floor":40,"key":"Happy Flower"},{"floor":42,"key":"Bottled Lightning"},{"floor":43,"key":"Anchor"}],"event_choices":[{"damage_healed":0,"gold_gain":0,"player_choice":"Donut","damage_taken":0,"max_hp_gain":5,"max_hp_loss":0,"event_name":"Big Fish","floor":3,"gold_loss":0},{"cards_removed":["Strike_R"],"damage_healed":0,"gold_gain":0,"player_choice":"Card Removal","damage_taken":7,"max_hp_gain":0,"max_hp_loss":0,"event_name":"Golden Wing","floor":12,"gold_loss":0},{"cards_removed":["Defend_R"],"damage_healed":0,"gold_gain":0,"player_choice":"Purged","damage_taken":0,"max_hp_gain":0,"max_hp_loss":0,"event_name":"Purifier","floor":21,"gold_loss":0},{"damage_healed":0,"gold_gain":0,"player_choice":"Obtained Relic","damage_taken":0,"relics_obtained":["Oddly Smooth Stone"],"max_hp_gain":0,"max_hp_loss":0,"event_name":"Addict","floor":31,"gold_loss":85},{"damage_healed":0,"gold_gain":0,"player_choice":"Copied","damage_taken":0,"max_hp_gain":0,"max_hp_loss":0,"event_name":"Duplicator","floor":47,"gold_loss":0,"cards_obtained":["Shrug It Off"]}],"is_beta":false,"boss_relics":[{"not_picked":["Astrolabe","Tiny House"],"picked":"Busted Crown"},{"not_picked":["Black Blood","Black Star"],"picked":"Mark of Pain"}],"items_purged_floors":[11],"is_endless":false,"potions_floor_spawned":[2,4,13,14,18,24,30,33,37,38,42,45],"ascension_level":8}