{"gold_per_floor":[113,113,126,71,87,87,122,122,176,176,211,229,250,286,286,381,381,402,402,415,415,435,461,461,494,494,48,58,58,58,86,86,86],"floor_reached":33,"playtime":1783,"items_purged":[],"score":606,"play_id":"1d5bc80d-51cd-4929-8a0a-367af840452e","local_time":"20190314151341","is_ascension_mode":true,"campfire_choices":[{"data":"Darkness","floor":6.0,"key":"SMITH"},{"floor":8.0,"key":"REST"},{"floor":10.0,"key":"REST"},{"data":"Darkness","floor":15.0,"key":"SMITH"},{"data":"Fission","floor":24.0,"key":"SMITH"},{"floor":29.0,"key":"REST"},{"data":"Redo","floor":32.0,"key":"SMITH"}],"neow_cost":"NONE","seed_source_timestamp":76984988205446,"circlet_count":0,"master_deck":["AscendersBane","Strike_B+1","Strike_B+1","Strike_B+1","Strike_B+1","Defend_B+1","Defend_B+1","Defend_B+1","Defend_B+1","Zap+1","Dualcast","Leap","Rebound","Sweeping Beam","Darkness+1","Rebound","Darkness+1","Redo","Electrodynamics","Fission+1","Self Repair+1","Redo+1","Auto Shields","Conserve Battery","Steam","Coolheaded","Conserve Battery"],"special_seed":0,"relics":["Cracked Core","Bloody Idol","Orichalcum","Ancient Tea Set","Lantern","Juzu Bracelet","Black Star","Frozen Egg 2","Bottled Tornado","Red Mask","Du-Vu Doll","Bronze Scales","Toy Ornithopter","Art of War","Blood Vial"],"potions_floor_usage":[33],"damage_taken":[{"damage":15.0,"enemies":"Small Slimes","floor":1.0,"turns":3.0},{"damage":6.0,"enemies":"2 Louse","floor":3.0,"turns":3.0},{"damage":0.0,"enemies":"Jaw Worm","floor":5.0,"turns":3.0},{"damage":21.0,"enemies":"Lagavulin","floor":7.0,"turns":7.0},{"damage":20.0,"enemies":"3 Sentries","floor":11.0,"turns":5.0},{"damage":2.0,"enemies":"3 Louse","floor":12.0,"turns":3.0},{"damage":0.0,"enemies":"Blue Slaver","floor":13.0,"turns":2.0},{"damage":14.0,"enemies":"Gremlin Nob","floor":14.0,"turns":4.0},{"damage":20.0,"enemies":"Hexaghost","floor":16.0,"turns":6.0},{"damage":0.0,"enemies":"Chosen","floor":18.0,"turns":3.0},{"damage":12.0,"enemies":"Shell Parasite","floor":20.0,"turns":4.0},{"damage":23.0,"enemies":"Snake Plant","floor":22.0,"turns":4.0},{"damage":27.0,"enemies":"Gremlin Leader","floor":23.0,"turns":7.0},{"damage":4.0,"enemies":"Masked Bandits","floor":25.0,"turns":2.0},{"damage":19.0,"enemies":"Sentry and Sphere","floor":28.0,"turns":4.0},{"damage":8.0,"enemies":"Book of Stabbing","floor":31.0,"turns":5.0},{"damage":57,"enemies":"Automaton","floor":33,"turns":10}],"seed_played":"6490468088766258131","potions_obtained":[{"floor":1.0,"key":"Ancient Potion"},{"floor":3.0,"key":"PowerPotion"},{"floor":14.0,"key":"Weak Potion"},{"floor":22.0,"key":"Swift Potion"},{"floor":28.0,"key":"SpeedPotion"}],"is_trial":false,"path_per_floor":["M","?","M","$","M","R","E","R","T","R","E","M","M","E","R","B",null,"M","?","M","?","M","E","R","?","T","$","M","R","?","E","R","B"],"character_chosen":"DEFECT","items_purchased":["Sweeping Beam","Bronze Scales","SkillPotion","Toy Ornithopter"],"campfire_rested":3,"item_purchase_floors":[4,27,27,27],"current_hp_per_floor":[49,49,43,43,43,43,22,41,41,60,40,38,38,24,24,4,49,49,49,52,52,34,22,22,23,23,23,19,38,38,50,50,0],"gold":86,"neow_bonus":"UPGRADE_CARD","is_prod":false,"is_daily":false,"chose_seed":false,"campfire_upgraded":4,"win_rate":0,"timestamp":1552594421,"path_taken":["M","?","M","$","M","R","E","R","T","R","E","M","M","E","R","BOSS","M","?","M","?","M","E","R","?","T","$","M","R","?","E","R","BOSS"],"build_version":"2019-01-23","purchased_purges":0,"victory":false,"max_hp_per_floor":[71,64,64,64,64,64,64,64,64,64,64,64,64,64,64,64,64,64,64,64,64,64,64,64,64,64,64,64,64,64,64,64,64],"card_choices":[{"not_picked":["Double Energy","Hello World"],"picked":"Leap","floor":1.0},{"not_picked":["Steam Power","Steam"],"picked":"Rebound","floor":3.0},{"not_picked":["Hologram","Undo"],"picked":"Darkness","floor":5.0},{"not_picked":["Meteor Strike","Hello World"],"picked":"Rebound","floor":7.0},{"not_picked":["Leap","Auto Shields"],"picked":"Darkness","floor":11.0},{"not_picked":["Heatsinks","Steam"],"picked":"Redo","floor":12.0},{"not_picked":["Turbo","Barrage"],"picked":"Electrodynamics","floor":13.0},{"not_picked":["Rip and Tear","Steam","Streamline"],"picked":"SKIP","floor":14.0},{"not_picked":["Amplify","Meteor Strike"],"picked":"Fission","floor":16.0},{"not_picked":["Gash","Chill"],"picked":"Self Repair+1","floor":18.0},{"not_picked":["Gash","Hologram"],"picked":"Redo","floor":20.0},{"not_picked":["Beam Cell+1","Lockon"],"picked":"Auto Shields","floor":22.0},{"not_picked":["Storm","Beam Cell+1"],"picked":"Conserve Battery","floor":23.0},{"not_picked":["Sweeping Beam+1","Cold Snap"],"picked":"Steam","floor":25.0},{"not_picked":["Beam Cell","Chaos"],"picked":"Coolheaded","floor":28.0},{"not_picked":["Beam Cell","Melter"],"picked":"Conserve Battery","floor":31.0}],"player_experience":781958,"relics_obtained":[{"floor":7.0,"key":"Orichalcum"},{"floor":9.0,"key":"Ancient Tea Set"},{"floor":11.0,"key":"Lantern"},{"floor":14.0,"key":"Juzu Bracelet"},{"floor":23.0,"key":"Frozen Egg 2"},{"floor":23.0,"key":"Bottled Tornado"},{"floor":25.0,"key":"Red Mask"},{"floor":26.0,"key":"Du-Vu Doll"},{"floor":31.0,"key":"Art of War"},{"floor":31.0,"key":"Blood Vial"}],"event_choices":[{"damage_healed":0.0,"max_hp_gain":0.0,"max_hp_loss":7.0,"gold_gain":0.0,"event_name":"Golden Idol","player_choice":"Lose Max HP","floor":2.0,"gold_loss":0.0,"damage_taken":0.0,"relics_obtained":["Golden Idol"]},{"damage_healed":0.0,"max_hp_gain":0.0,"max_hp_loss":0.0,"gold_gain":0.0,"event_name":"Forgotten Altar","player_choice":"Gave Idol","floor":19.0,"relics_lost":["Golden Idol"],"gold_loss":0.0,"damage_taken":0.0,"relics_obtained":["Bloody Idol"]},{"damage_healed":0.0,"max_hp_gain":0.0,"max_hp_loss":0.0,"gold_gain":0.0,"event_name":"Back to Basics","player_choice":"Simplicity","floor":21.0,"gold_loss":0.0,"damage_taken":0.0,"cards_upgraded":["Strike_B","Strike_B","Strike_B","Strike_B","Defend_B","Defend_B","Defend_B","Defend_B"]},{"damage_healed":0.0,"max_hp_gain":0.0,"max_hp_loss":0.0,"gold_gain":0.0,"event_name":"Masked Bandits","player_choice":"Fought Bandits","floor":25.0,"gold_loss":0.0,"damage_taken":0.0},{"damage_healed":0.0,"max_hp_gain":0.0,"max_hp_loss":0.0,"gold_gain":0.0,"event_name":"Beggar","player_choice":"Ignored","floor":30.0,"gold_loss":0.0,"damage_taken":0.0}],"is_beta":false,"boss_relics":[{"not_picked":["Orrery","Philosopher\u0027s Stone"],"picked":"Black Star"}],"items_purged_floors":[],"is_endless":false,"potions_floor_spawned":[1,3,14,22,28],"killed_by":"Automaton","ascension_level":20}