{"gold_per_floor":[116,66,77,77,77,77,111,111,111,125,136,136,83,102,102,202,202,216,228,242,256,0,0,0,0,0,16,35,50,60,73,73,73],"floor_reached":33,"playtime":3575,"items_purged":[],"score":405,"play_id":"196ebf43-7256-40ef-a79f-83d047d66c72","local_time":"20190330001226","is_ascension_mode":true,"campfire_choices":[{"data":"True Grit","floor":6.0,"key":"SMITH"},{"data":"Uppercut","floor":8.0,"key":"SMITH"},{"data":"Cleave","floor":12.0,"key":"SMITH"},{"floor":15.0,"key":"REST"},{"floor":23,"key":"REST"},{"data":"Body Slam","floor":25,"key":"SMITH"},{"floor":32,"key":"REST"}],"neow_cost":"NONE","seed_source_timestamp":0,"circlet_count":0,"master_deck":["AscendersBane","Strike_R","Strike_R","Strike_R","Strike_R","Defend_R","Defend_R","Defend_R","Defend_R","Bash","Uppercut+1","True Grit+1","Impervious","Cleave+1","Shrug It Off","Barricade","Pommel Strike+1","Intimidate+1","Shrug It Off+1","Body Slam+1","Flex","Whirlwind","Shockwave","Headbutt"],"special_seed":0,"relics":["Black Blood","Vajra","Bottled Lightning","Meat on the Bone"],"potions_floor_usage":[],"damage_taken":[{"damage":7.0,"enemies":"Jaw Worm","floor":1.0,"turns":3.0},{"damage":9.0,"enemies":"2 Louse","floor":3.0,"turns":4.0},{"damage":57.0,"enemies":"3 Sentries","floor":7.0,"turns":13.0},{"damage":4.0,"enemies":"Small Slimes","floor":10.0,"turns":7.0},{"damage":2.0,"enemies":"2 Fungi Beasts","floor":11.0,"turns":4.0},{"damage":1.0,"enemies":"Red Slaver","floor":14.0,"turns":4.0},{"damage":71.0,"enemies":"Slime Boss","floor":16.0,"turns":17.0},{"damage":37.0,"enemies":"Shell Parasite","floor":18.0,"turns":12.0},{"damage":10.0,"enemies":"Chosen","floor":19.0,"turns":7.0},{"damage":6.0,"enemies":"Centurion and Healer","floor":20.0,"turns":11.0},{"damage":24.0,"enemies":"Snake Plant","floor":21.0,"turns":6.0},{"damage":24,"enemies":"3 Cultists","floor":27,"turns":7},{"damage":2,"enemies":"Snecko","floor":28,"turns":5},{"damage":60,"enemies":"Cultist and Chosen","floor":29,"turns":10},{"damage":11,"enemies":"Centurion and Healer","floor":30,"turns":9},{"damage":25,"enemies":"Sentry and Sphere","floor":31,"turns":12},{"damage":97,"enemies":"Champ","floor":33,"turns":20}],"seed_played":"-8895059276178267866","potions_obtained":[{"floor":1.0,"key":"LiquidBronze"},{"floor":3.0,"key":"Fruit Juice"},{"floor":7.0,"key":"FearPotion"},{"floor":20.0,"key":"Dexterity Potion"}],"is_trial":false,"path_per_floor":["M","?","M","?","?","R","E","R","T","M","M","R","$","M","R","B",null,"M","M","M","M","?","R","?","R","T","M","M","M","M","M","R","B"],"character_chosen":"IRONCLAD","items_purchased":["Shrug It Off"],"campfire_rested":3,"item_purchase_floors":[13],"current_hp_per_floor":[79,79,81,86,86,86,35,35,35,37,41,41,41,46,75,10,76,49,49,53,39,39,68,98,98,98,84,92,54,65,62,91,0],"gold":73,"neow_bonus":"TEN_PERCENT_HP_BONUS","is_prod":false,"is_daily":false,"chose_seed":false,"campfire_upgraded":4,"win_rate":0,"timestamp":1553875946,"path_taken":["M","?","M","?","?","R","E","R","T","M","M","R","$","M","R","BOSS","M","M","M","M","?","R","?","R","T","M","M","?","M","M","R","BOSS"],"build_version":"2019-01-23","purchased_purges":0,"victory":false,"max_hp_per_floor":[88,88,93,98,98,98,98,98,98,98,98,98,98,98,98,98,98,98,98,98,98,98,98,98,98,98,98,98,98,98,98,98,98],"card_choices":[{"not_picked":["Fire Breathing","Thunderclap"],"picked":"Uppercut","floor":1.0},{"not_picked":["Heavy Blade","Cleave"],"picked":"True Grit","floor":3.0},{"not_picked":["Clash","Body Slam"],"picked":"Impervious","floor":7.0},{"not_picked":["Dual Wield","Seeing Red"],"picked":"Cleave","floor":10.0},{"not_picked":["True Grit","Heavy Blade"],"picked":"Sentinel","floor":11.0},{"not_picked":["Fire Breathing","Perfected Strike","Shrug It Off"],"picked":"SKIP","floor":14.0},{"not_picked":["Exhume","Feed"],"picked":"Barricade","floor":16.0},{"not_picked":["Dropkick","Thunderclap"],"picked":"Pommel Strike+1","floor":18.0},{"not_picked":["Rampage","Evolve+1"],"picked":"Intimidate+1","floor":19.0},{"not_picked":["Warcry+1","Anger"],"picked":"Shrug It Off+1","floor":20.0},{"not_picked":["Pommel Strike+1","Havoc+1"],"picked":"Body Slam","floor":21.0},{"not_picked":["Pommel Strike","Anger"],"picked":"Flex","floor":27},{"not_picked":["Fiend Fire","Dropkick"],"picked":"Whirlwind","floor":28},{"not_picked":["Thunderclap","Cleave"],"picked":"Shockwave","floor":29},{"not_picked":["Wild Strike","Havoc"],"picked":"Headbutt","floor":30},{"not_picked":["Whirlwind","Headbutt","Combust+1"],"picked":"SKIP","floor":31}],"player_experience":679496,"relics_obtained":[{"floor":7.0,"key":"Vajra"},{"floor":9.0,"key":"Bottled Lightning"},{"floor":26,"key":"Meat on the Bone"}],"event_choices":[{"cards_removed":["Strike_R"],"damage_healed":0.0,"max_hp_gain":0.0,"max_hp_loss":0.0,"gold_gain":0.0,"event_name":"The Cleric","player_choice":"Card Removal","floor":2.0,"gold_loss":50.0,"damage_taken":0.0},{"damage_healed":0.0,"max_hp_gain":5.0,"max_hp_loss":0.0,"gold_gain":0.0,"event_name":"Big Fish","player_choice":"Donut","floor":4.0,"gold_loss":0.0,"damage_taken":0.0},{"damage_healed":0.0,"max_hp_gain":0.0,"max_hp_loss":0.0,"gold_gain":0.0,"event_name":"Liars Game","player_choice":"Ignored","floor":5.0,"gold_loss":0.0,"damage_taken":0.0},{"damage_healed":0,"gold_gain":0,"player_choice":"Paid Fearfully","damage_taken":0,"max_hp_gain":0,"max_hp_loss":0,"event_name":"Masked Bandits","floor":22,"gold_loss":256},{"cards_removed":["Sentinel"],"damage_healed":30,"gold_gain":0,"player_choice":"Offered Uncommon","damage_taken":0,"max_hp_gain":0,"max_hp_loss":0,"event_name":"Bonfire Elementals","floor":24,"gold_loss":0}],"is_beta":false,"boss_relics":[{"not_picked":["White Beast Statue","Orrery"],"picked":"Black Blood"}],"items_purged_floors":[],"is_endless":false,"potions_floor_spawned":[1,3,7,20,21,28,30],"killed_by":"Champ","ascension_level":10}