{"gold_per_floor":[112,40,55,10,23,49,49,63,63,77,77,77,121,141,141,269,269,287,300,300],"floor_reached":20,"playtime":1585,"items_purged":[],"score":186,"play_id":"631dbb78-d329-4c2b-8d38-318008c57936","local_time":"20190319042708","is_ascension_mode":false,"campfire_choices":[{"floor":7,"key":"REST"},{"data":"Dagger Throw","floor":11,"key":"SMITH"},{"floor":15,"key":"REST"}],"neow_cost":"NONE","seed_source_timestamp":507426732936717,"circlet_count":0,"master_deck":["Defend_G","Defend_G","Defend_G","Defend_G","Defend_G","Strike_G","Strike_G","Strike_G","Strike_G","Strike_G","Survivor","Neutralize","Bouncing Flask","Leg Sweep","Dagger Throw+1","Underhanded Strike","Skewer","Predator","Bane","Injury","Backflip","Reflex","Burst","Calculated Gamble","Bane","Poisoned Stab","Underhanded Strike","Caltrops"],"relics":["Runic Dome","Question Card","Kunai","Golden Idol","Omamori","Orrery"],"potions_floor_usage":[6,13,13,19,19],"damage_taken":[{"damage":3,"enemies":"2 Louse","floor":1,"turns":3},{"damage":6,"enemies":"Jaw Worm","floor":3,"turns":3},{"damage":0,"enemies":"Cultist","floor":5,"turns":4},{"damage":18,"enemies":"3 Sentries","floor":6,"turns":6},{"damage":0,"enemies":"3 Louse","floor":8,"turns":3},{"damage":7,"enemies":"2 Fungi Beasts","floor":10,"turns":3},{"damage":10,"enemies":"Gremlin Nob","floor":13,"turns":4},{"damage":27,"enemies":"Exordium Thugs","floor":14,"turns":3},{"damage":20,"enemies":"Slime Boss","floor":16,"turns":10},{"damage":15,"enemies":"3 Byrds","floor":18,"turns":7},{"damage":23,"enemies":"Chosen","floor":19,"turns":5},{"damage":41,"enemies":"3 Cultists","floor":20,"turns":5}],"seed_played":"-8980866056276275711","potions_obtained":[{"floor":1,"key":"Explosive Potion"},{"floor":3,"key":"SpeedPotion"},{"floor":6,"key":"EssenceOfSteel"},{"floor":16,"key":"Dexterity Potion"},{"floor":18,"key":"SteroidPotion"}],"is_trial":false,"path_per_floor":["M","$","M","$","M","E","R","M","T","M","R","?","E","M","R","B",null,"M","M","M"],"character_chosen":"THE_SILENT","items_purchased":["Leg Sweep","Underhanded Strike"],"campfire_rested":2,"item_purchase_floors":[2,4],"current_hp_per_floor":[67,67,61,61,61,43,64,64,64,57,57,57,47,20,41,21,70,55,32,0],"gold":300,"neow_bonus":"BOSS_RELIC","is_prod":false,"is_daily":false,"chose_seed":false,"campfire_upgraded":1,"win_rate":0,"timestamp":1552978628,"path_taken":["M","$","M","$","M","E","R","M","T","M","R","?","E","M","R","BOSS","M","M","M"],"build_version":"2019-03-15","purchased_purges":0,"victory":false,"max_hp_per_floor":[70,70,70,70,70,70,70,70,70,70,70,70,70,70,70,70,70,70,70,70],"card_choices":[{"not_picked":["Terror","Flying Knee"],"picked":"Bouncing Flask","floor":1},{"not_picked":["Deflect","Skewer"],"picked":"Dagger Throw","floor":3},{"not_picked":["Quick Slash","Sucker Punch"],"picked":"Skewer","floor":5},{"not_picked":["Sucker Punch","Riddle With Holes"],"picked":"Predator","floor":6},{"not_picked":["Slice","Choke","PiercingWail"],"picked":"Bane","floor":8},{"not_picked":["Heel Hook","Dodge and Roll","Deadly Poison","Acrobatics"],"picked":"SKIP","floor":10},{"not_picked":["PiercingWail","Concentrate","Choke"],"picked":"Backflip","floor":13},{"not_picked":["Prepared","Backflip","PiercingWail"],"picked":"Reflex","floor":14},{"not_picked":["Storm of Steel","Doppelganger","Tools of the Trade"],"picked":"Burst","floor":16},{"not_picked":["Deadly Poison","Blur","Cloak And Dagger"],"picked":"Calculated Gamble","floor":17},{"not_picked":["Leg Sweep","Quick Slash","Dagger Throw"],"picked":"Bane","floor":17},{"not_picked":["All Out Attack","Finisher","Endless Agony"],"picked":"Poisoned Stab","floor":17},{"not_picked":["Bane","Slice","Dagger Spray"],"picked":"Underhanded Strike","floor":17},{"not_picked":["Blur","Eviscerate","Flechettes","Deadly Poison"],"picked":"SKIP","floor":18},{"not_picked":["Poisoned Stab","Burst","Sucker Punch"],"picked":"Caltrops","floor":19}],"player_experience":731234,"relics_obtained":[{"floor":6,"key":"Question Card"},{"floor":9,"key":"Kunai"},{"floor":13,"key":"Omamori"}],"event_choices":[{"damage_healed":0,"gold_gain":0,"player_choice":"Take Wound","damage_taken":0,"relics_obtained":["Golden Idol"],"max_hp_gain":0,"max_hp_loss":0,"event_name":"Golden Idol","floor":12,"gold_loss":0,"cards_obtained":["Injury"]}],"is_beta":true,"boss_relics":[{"not_picked":["Fusion Hammer","HoveringKite"],"picked":"Orrery"}],"items_purged_floors":[],"is_endless":false,"potions_floor_spawned":[1,3,6,16,18],"killed_by":"3 Cultists","ascension_level":0}