{"gold_per_floor":[109,109,109,125,125,125,5,28,28,28,66,91,112,41,41,41],"floor_reached":16,"playtime":676,"items_purged":["Strike_B"],"score":100,"play_id":"b5c7d056-4aaf-4773-b046-bc7ba552d23b","local_time":"20190208131036","is_ascension_mode":false,"campfire_choices":[{"data":"Biased Cognition","floor":10,"key":"SMITH"},{"data":"Auto Shields","floor":15,"key":"SMITH"}],"neow_cost":"CURSE","seed_source_timestamp":164851448641472,"circlet_count":0,"master_deck":["Strike_B+1","Strike_B","Strike_B","Defend_B","Defend_B+1","Defend_B","Defend_B","Zap","Dualcast","Biased Cognition+1","Auto Shields+1","BootSequence","Coolheaded","Capacitor","Coolheaded","Self Repair+1"],"relics":["Cracked Core","Golden Idol","Frozen Egg 2","Pear"],"potions_floor_usage":[13,16],"damage_taken":[{"damage":6,"enemies":"Jaw Worm","floor":1,"turns":3},{"damage":0,"enemies":"2 Louse","floor":4,"turns":1},{"damage":0,"enemies":"Cultist","floor":8,"turns":3},{"damage":2,"enemies":"Lagavulin","floor":11,"turns":6},{"damage":0,"enemies":"Large Slime","floor":12,"turns":3},{"damage":0,"enemies":"Looter","floor":13,"turns":4},{"damage":56,"enemies":"Slime Boss","floor":16,"turns":19}],"seed_played":"3778985225927332441","potions_obtained":[{"floor":4,"key":"Swift Potion"},{"floor":8,"key":"Energy Potion"},{"floor":12,"key":"Energy Potion"}],"is_trial":false,"path_per_floor":["M","?","?","M","?","?","$","M","T","R","E","M","M","$","R","B"],"character_chosen":"DEFECT","items_purchased":["Coolheaded","Self Repair+1"],"campfire_rested":0,"item_purchase_floors":[7,14],"current_hp_per_floor":[69,54,54,54,54,47,47,47,47,47,55,55,55,55,55,0],"gold":41,"neow_bonus":"THREE_RARE_CARDS","is_prod":false,"is_daily":false,"chose_seed":false,"campfire_upgraded":2,"win_rate":0,"timestamp":1549653036,"path_taken":["M","?","?","?","?","?","$","M","T","R","E","M","M","$","R","BOSS"],"build_version":"2019-01-23","purchased_purges":1,"victory":false,"max_hp_per_floor":[75,75,75,75,75,75,75,75,75,75,85,85,85,85,85,85],"card_choices":[{"not_picked":["Thunder Strike","Rainbow"],"picked":"Biased Cognition","floor":0},{"not_picked":["Cold Snap","Stack"],"picked":"Auto Shields","floor":1},{"not_picked":["Sunder","White Noise"],"picked":"BootSequence","floor":4},{"not_picked":["Tempest","Steam"],"picked":"Capacitor","floor":8},{"not_picked":["Stack","Meteor Strike"],"picked":"Coolheaded","floor":11},{"not_picked":["Leap","Beam Cell","Redo"],"picked":"SKIP","floor":12},{"not_picked":["Barrage","Turbo","Static Discharge+1"],"picked":"SKIP","floor":13}],"player_experience":758896,"relics_obtained":[{"floor":9,"key":"Frozen Egg 2"},{"floor":11,"key":"Pear"}],"event_choices":[{"damage_healed":0,"gold_gain":0,"player_choice":"Entered Light","damage_taken":15,"max_hp_gain":0,"max_hp_loss":0,"event_name":"Shining Light","floor":2,"gold_loss":0,"cards_upgraded":["Strike_B","Defend_B"]},{"cards_removed":["Doubt"],"damage_healed":0,"gold_gain":0,"player_choice":"Removed Curses","damage_taken":0,"max_hp_gain":0,"max_hp_loss":0,"event_name":"Fountain of Cleansing","floor":3,"gold_loss":0},{"damage_healed":0,"gold_gain":0,"player_choice":"Take Wound","damage_taken":0,"relics_obtained":["Golden Idol"],"max_hp_gain":0,"max_hp_loss":0,"event_name":"Golden Idol","floor":5,"gold_loss":0,"cards_obtained":["Injury"]},{"cards_removed":["Injury"],"damage_healed":0,"gold_gain":0,"player_choice":"Card Removal","damage_taken":7,"max_hp_gain":0,"max_hp_loss":0,"event_name":"Golden Wing","floor":6,"gold_loss":0}],"is_beta":false,"boss_relics":[],"items_purged_floors":[7],"is_endless":false,"potions_floor_spawned":[4,8,12],"killed_by":"Slime Boss","ascension_level":0}