{"gold_per_floor":[115,115,138,167,197,209,248,275,287,356,384,361,373,400,412,424],"floor_reached":16,"playtime":638,"items_purged":[],"score":104,"play_id":"fe054c53-4481-48c4-9663-b9284c92b13f","local_time":"20190210093046","is_ascension_mode":false,"campfire_choices":[{"data":"Zap","floor":6,"key":"SMITH"},{"data":"Blizzard","floor":13,"key":"SMITH"},{"floor":15,"key":"REST"}],"neow_cost":"TEN_PERCENT_HP_LOSS","seed_source_timestamp":324489628615506,"circlet_count":0,"master_deck":["Strike_B","Strike_B","Strike_B","Defend_B","Defend_B","Defend_B","Zap+1","Dualcast","Chill","Cold Snap","Conserve Battery","Go for the Eyes","Capacitor","Blizzard+1"],"relics":["Cracked Core","MawBank","Dodecahedron","Pocketwatch"],"potions_floor_usage":[10],"damage_taken":[{"damage":0,"enemies":"Cultist","floor":1,"turns":3},{"damage":4,"enemies":"Small Slimes","floor":3,"turns":3},{"damage":0,"enemies":"2 Louse","floor":4,"turns":3},{"damage":4,"enemies":"Looter","floor":5,"turns":3},{"damage":22,"enemies":"Lagavulin","floor":7,"turns":7},{"damage":2,"enemies":"Gremlin Gang","floor":8,"turns":5},{"damage":19,"enemies":"Lagavulin Event","floor":10,"turns":6},{"damage":5,"enemies":"3 Louse","floor":11,"turns":3},{"damage":0,"enemies":"Red Slaver","floor":14,"turns":3},{"damage":52,"enemies":"Hexaghost","floor":16,"turns":12}],"seed_played":"-3165097219303626404","potions_obtained":[{"floor":1,"key":"Poison Potion"},{"floor":3,"key":"Energy Potion"},{"floor":8,"key":"SkillPotion"},{"floor":11,"key":"SteroidPotion"},{"floor":14,"key":"SmokeBomb"}],"is_trial":false,"path_per_floor":["M","?","M","M","M","R","E","M","T","?","M","?","R","M","R","B"],"character_chosen":"DEFECT","items_purchased":[],"campfire_rested":1,"item_purchase_floors":[],"current_hp_per_floor":[68,68,64,64,60,60,38,36,36,17,12,29,29,29,49,0],"gold":424,"neow_bonus":"REMOVE_TWO","is_prod":false,"is_daily":false,"chose_seed":false,"campfire_upgraded":2,"win_rate":0,"timestamp":1549812646,"path_taken":["M","?","?","M","M","R","E","M","T","?","M","?","R","M","R","BOSS"],"build_version":"2019-01-23","purchased_purges":0,"victory":false,"max_hp_per_floor":[68,68,68,68,68,68,68,68,68,68,68,68,68,68,68,68],"card_choices":[{"not_picked":["Tempest","Heatsinks"],"picked":"Chill","floor":1},{"not_picked":["Ball Lightning","Doom and Gloom"],"picked":"Cold Snap","floor":3},{"not_picked":["Compile Driver","Double Energy","Turbo"],"picked":"SKIP","floor":4},{"not_picked":["Stack","Force Field"],"picked":"Conserve Battery","floor":5},{"not_picked":["Turbo","Double Energy"],"picked":"Go for the Eyes","floor":7},{"not_picked":["Static Discharge","Rebound"],"picked":"Capacitor","floor":8},{"not_picked":["Beam Cell","Genetic Algorithm"],"picked":"Blizzard","floor":10},{"not_picked":["Leap","Sunder","Go for the Eyes"],"picked":"SKIP","floor":11},{"not_picked":["Hologram","Reprogram","White Noise"],"picked":"SKIP","floor":14}],"player_experience":763868,"relics_obtained":[{"floor":7,"key":"Dodecahedron"}],"event_choices":[{"damage_healed":0,"gold_gain":0,"player_choice":"Gave Potion","damage_taken":0,"relics_obtained":["MawBank"],"max_hp_gain":0,"max_hp_loss":0,"event_name":"WeMeetAgain","floor":2,"gold_loss":0},{"damage_healed":0,"gold_gain":30,"player_choice":"Searched \u00273\u0027 times","damage_taken":0,"relics_obtained":["Pocketwatch"],"max_hp_gain":0,"max_hp_loss":0,"event_name":"Dead Adventurer","floor":10,"gold_loss":0},{"damage_healed":17,"gold_gain":0,"player_choice":"Healed","damage_taken":0,"max_hp_gain":0,"max_hp_loss":0,"event_name":"The Cleric","floor":12,"gold_loss":35}],"is_beta":false,"boss_relics":[],"items_purged_floors":[],"is_endless":false,"potions_floor_spawned":[1,3,8,11,14],"killed_by":"Hexaghost","ascension_level":0}