{"gold_per_floor":[116,126,126,126,146,146,146,162,187,141,141,31,31,31,31,31],"floor_reached":16,"playtime":369,"items_purged":[],"score":88,"play_id":"54c65ba1-e97b-466b-bac8-1d6a4ca80265","local_time":"20190308022933","is_ascension_mode":false,"campfire_choices":[{"floor":6,"key":"REST"},{"floor":11,"key":"REST"},{"data":"Sunder","floor":15,"key":"SMITH"}],"neow_cost":"PERCENT_DAMAGE","seed_source_timestamp":18891290998988,"circlet_count":0,"master_deck":["Strike_B","Strike_B","Strike_B","Strike_B","Defend_B","Defend_B","Defend_B","Defend_B","Zap","Dualcast","Electrodynamics","Consume","Melter","Turbo","Self Repair","Sunder+1","Regret"],"relics":["Cracked Core","Lantern","GremlinMask","Vajra","Frozen Egg 2"],"potions_floor_usage":[16,16,16],"damage_taken":[{"damage":1,"enemies":"Cultist","floor":1,"turns":3},{"damage":10,"enemies":"Jaw Worm","floor":2,"turns":4},{"damage":7,"enemies":"Small Slimes","floor":5,"turns":3},{"damage":8,"enemies":"Red Slaver","floor":8,"turns":2},{"damage":75,"enemies":"Hexaghost","floor":16,"turns":9}],"seed_played":"-7250727605034796997","potions_obtained":[{"floor":5,"key":"FearPotion"},{"floor":7,"key":"EssenceOfSteel"},{"floor":7,"key":"Block Potion"}],"is_trial":false,"path_per_floor":["M","M","T","?","M","R","?","M","T","$","R","$","?","$","R","B"],"character_chosen":"DEFECT","items_purchased":["Turbo","Self Repair","Sunder"],"campfire_rested":2,"item_purchase_floors":[10,12,12],"current_hp_per_floor":[53,43,43,43,36,58,58,50,50,50,72,72,72,72,72,0],"gold":31,"neow_bonus":"THREE_RARE_CARDS","is_prod":false,"is_daily":false,"chose_seed":false,"campfire_upgraded":1,"win_rate":0,"timestamp":1552024773,"path_taken":["M","M","?","?","?","R","?","?","T","$","R","?","?","$","R","BOSS"],"build_version":"2019-02-06","purchased_purges":0,"victory":false,"max_hp_per_floor":[75,75,75,75,75,75,75,75,75,75,75,75,75,75,75,75],"card_choices":[{"not_picked":["Seek","All For One"],"picked":"Electrodynamics","floor":0},{"not_picked":["Cold Snap","Gash"],"picked":"Consume","floor":1},{"not_picked":["Conserve Battery","Redo"],"picked":"Melter","floor":2},{"not_picked":["Rebound","Hyperbeam","Barrage"],"picked":"SKIP","floor":5},{"not_picked":["Rebound","Hologram","Streamline"],"picked":"SKIP","floor":8}],"player_experience":691451,"relics_obtained":[{"floor":3,"key":"Lantern"},{"floor":9,"key":"Vajra"}],"event_choices":[{"damage_healed":0,"gold_gain":0,"player_choice":"Trade","damage_taken":0,"relics_obtained":["GremlinMask"],"max_hp_gain":0,"max_hp_loss":0,"event_name":"FaceTrader","floor":4,"gold_loss":0},{"damage_healed":0,"gold_gain":0,"player_choice":"Got Potions","damage_taken":0,"max_hp_gain":0,"max_hp_loss":0,"event_name":"Lab","floor":7,"gold_loss":0},{"damage_healed":0,"gold_gain":0,"player_choice":"Box","damage_taken":0,"relics_obtained":["Frozen Egg 2"],"max_hp_gain":0,"max_hp_loss":0,"event_name":"Big Fish","floor":13,"gold_loss":0,"cards_obtained":["Regret"]}],"is_beta":true,"boss_relics":[],"items_purged_floors":[],"is_endless":false,"potions_floor_spawned":[5],"killed_by":"Hexaghost","ascension_level":0}