{"gold_per_floor":[114,114,129,154,169,169,184,184,184,214,214,214,32,47,47,147,147,162,162,261,33,48,48,63,63,63,63,63,113,128,128,128,228,228,243,93,93,93,108,108,0,0,0,0],"floor_reached":44,"playtime":2977,"items_purged":[],"score":702,"play_id":"5a54cc42-0d90-4606-989c-6f1476e5c522","local_time":"20180823041116","daily_mods":["Insanity","Binary","Hoarder"],"is_ascension_mode":false,"campfire_choices":[{"data":"Fire Breathing","floor":6.0,"key":"SMITH"},{"data":"Fire Breathing","floor":8.0,"key":"SMITH"},{"floor":15.0,"key":"REST"},{"floor":23.0,"key":"REST"},{"floor":25.0,"key":"REST"},{"data":"Demon Form","floor":27.0,"key":"SMITH"},{"data":"Apotheosis","floor":32,"key":"SMITH"},{"data":"Apotheosis","floor":40,"key":"SMITH"},{"data":"Apotheosis","floor":42,"key":"SMITH"}],"neow_cost":"","seed_source_timestamp":0,"circlet_count":0,"master_deck":["Reckless Charge","Carnage","Double Tap","Iron Wave","Shrug It Off","Wild Strike","Metallicize","Anger","Intimidate","Shrug It Off","Exhume","Disarm","Thunderclap","Ghostly Armor","Reaper","Twin Strike","Demon Form+1","Dark Embrace","Shrug It Off","Bludgeon","Juggernaut","Perfected Strike","Seeing Red","Defend_R+1","Seeing Red","Dual Wield","Bash","Warcry","Inflame","Searing Blow","True Grit","Fire Breathing","Dropkick","True Grit","Twin Strike","Dual Wield","Clothesline","Dual Wield","Feel No Pain","Reckless Charge","Dual Wield","Entrench","Reaper","Whirlwind","Twin Strike","Armaments+1","Combust","Entrench","Flex","Flex+1","Flex","Fire Breathing","Fire Breathing+1","Fire Breathing+1","Combust","Combust","Combust","Sword Boomerang","Sword Boomerang","Sword Boomerang","Hemokinesis","Hemokinesis","Hemokinesis","Apotheosis+1","Apotheosis+1","Apotheosis+1","Metallicize","Metallicize","Metallicize","Reaper","Reaper","Reaper","Pummel","Pummel","Pummel","Heavy Blade","Heavy Blade","Heavy Blade","Magnetism","Magnetism","Magnetism","Heavy Blade","Heavy Blade","Heavy Blade","Body Slam+1","Body Slam+1","Pommel Strike","Pommel Strike","Pommel Strike","Brutality","Brutality","Brutality","Exhume","Exhume","Exhume","True Grit+1","True Grit+1","True Grit+1","Madness","Madness","Madness","Madness","Madness","Madness","Cleave+1","Cleave+1","Cleave+1"],"special_seed":17766,"relics":["Burning Blood","War Paint","Juzu Bracelet","Dodecahedron","Velvet Choker","Bottled Tornado","Darkstone Periapt","Lantern","Sozu","Blood Vial","Red Mask","Question Card"],"potions_floor_usage":[39,39],"damage_taken":[{"damage":1.0,"enemies":"Jaw Worm","floor":1.0,"turns":3.0},{"damage":6.0,"enemies":"Cultist","floor":3.0,"turns":3.0},{"damage":0.0,"enemies":"2 Louse","floor":5.0,"turns":2.0},{"damage":10.0,"enemies":"Gremlin Gang","floor":7.0,"turns":3.0},{"damage":37.0,"enemies":"Lagavulin","floor":10.0,"turns":9.0},{"damage":21.0,"enemies":"Exordium Thugs","floor":14.0,"turns":3.0},{"damage":50.0,"enemies":"The Guardian","floor":16.0,"turns":10.0},{"damage":39.0,"enemies":"2 Thieves","floor":18.0,"turns":4.0},{"damage":23.0,"enemies":"Shell Parasite","floor":22.0,"turns":6.0},{"damage":37.0,"enemies":"Centurion and Healer","floor":24.0,"turns":7.0},{"damage":10,"enemies":"Cultist and Chosen","floor":30,"turns":4},{"damage":84,"enemies":"Automaton","floor":33,"turns":7},{"damage":15,"enemies":"Orb Walker","floor":35,"turns":2},{"damage":46,"enemies":"3 Darklings","floor":39,"turns":4}],"seed_played":"633193296058416102","potions_obtained":[{"floor":3.0,"key":"Explosive Potion"},{"floor":7.0,"key":"Weak Potion"},{"floor":16.0,"key":"Dexterity Potion"},{"floor":24.0,"key":"Explosive Potion"}],"is_trial":false,"path_per_floor":["M","?","M","T","M","R","M","R","T","E","$","?","$","M","R","B",null,"M","?","?","$","M","R","M","R","T","R","?","T","M","?","R","B",null,"M","$","?","$","M","R","?","R","T"],"character_chosen":"IRONCLAD","items_purchased":["Apotheosis","Heavy Blade","Magnetism","Blood Vial"],"campfire_rested":3,"item_purchase_floors":[13,21,21,36],"current_hp_per_floor":[80,80,80,80,80,80,76,76,76,45,45,45,45,30,54,36,80,51,51,51,51,34,58,59,80,80,80,80,80,76,76,76,38,80,71,71,61,61,73,73,73,73,73,0],"gold":0,"neow_bonus":"","is_prod":false,"is_daily":true,"chose_seed":false,"campfire_upgraded":6,"win_rate":0,"timestamp":1534993876,"path_taken":["M","?","?","?","?","R","M","R","T","E","$","?","$","M","R","BOSS","M","?","?","$","M","R","M","R","T","R","?","?","M","?","R","BOSS","M","?","?","$","M","R","?","R","T","?"],"build_version":"2018-08-16","purchased_purges":0,"victory":false,"max_hp_per_floor":[80,80,80,80,80,80,80,80,80,80,80,80,80,80,80,80,80,80,80,80,80,80,80,80,80,80,80,80,80,80,80,80,80,80,80,80,80,80,80,80,80,80,80,80],"card_choices":[{"not_picked":["Clash"],"picked":"Flex","floor":1.0},{"not_picked":["Perfected Strike"],"picked":"Fire Breathing","floor":3.0},{"not_picked":["Headbutt"],"picked":"Combust","floor":5.0},{"not_picked":["Shrug It Off"],"picked":"Sword Boomerang","floor":7.0},{"not_picked":["Sword Boomerang"],"picked":"Hemokinesis","floor":10.0},{"not_picked":["Searing Blow"],"picked":"Metallicize","floor":14.0},{"not_picked":["Dark Embrace"],"picked":"Reaper","floor":16.0},{"not_picked":["Body Slam"],"picked":"Pummel","floor":18.0},{"not_picked":["Havoc"],"picked":"Heavy Blade","floor":22.0},{"not_picked":["Searing Blow"],"picked":"Body Slam+1","floor":24.0},{"not_picked":["Headbutt"],"picked":"Pommel Strike","floor":30},{"not_picked":["Brutality"],"picked":"Exhume","floor":33},{"not_picked":["Wild Strike"],"picked":"True Grit+1","floor":35},{"not_picked":["Entrench+1"],"picked":"Cleave+1","floor":39}],"player_experience":432306,"relics_obtained":[{"floor":4.0,"key":"War Paint"},{"floor":9.0,"key":"Juzu Bracelet"},{"floor":10.0,"key":"Dodecahedron"},{"floor":26.0,"key":"Bottled Tornado"},{"floor":29,"key":"Lantern"},{"floor":43,"key":"Question Card"}],"event_choices":[{"event_name":"Upgrade Shrine","player_choice":"Upgraded","floor":2.0,"damage_taken":0.0},{"event_name":"Golden Idol","player_choice":"Ignored","floor":12.0,"damage_taken":0.0},{"event_name":"Back to Basics","player_choice":"Elegance","floor":19.0,"damage_taken":0.0},{"event_name":"Nest","player_choice":"Stole From Cult","floor":20.0,"damage_taken":0.0},{"event_name":"WeMeetAgain","player_choice":"Card","floor":28,"damage_taken":0},{"event_name":"Transmorgrifier","player_choice":"Transform","floor":31,"damage_taken":0},{"event_name":"Winding Halls","player_choice":"Embrace Madness","floor":37,"damage_taken":0},{"event_name":"Tomb of Lord Red Mask","player_choice":"Paid","floor":41,"damage_taken":0},{"event_name":"Mysterious Sphere","player_choice":"Fight","floor":44,"damage_taken":0}],"is_beta":false,"boss_relics":[{"not_picked":["Tiny House","Pandora\u0027s Box"],"picked":"Velvet Choker"},{"not_picked":["Coffee Dripper","Fusion Hammer"],"picked":"Sozu"}],"items_purged_floors":[],"is_endless":false,"potions_floor_spawned":[3,7,16,24,33],"ascension_level":0}