{"gold_per_floor":[119,34,34,53,53,81,81,98,98,131,151,171,171,199,199,199],"floor_reached":16,"playtime":747,"items_purged":[],"score":290,"play_id":"d7c2a615-c047-423d-b74d-11cb8e58d89e","local_time":"20190328205320","is_ascension_mode":true,"campfire_choices":[{"data":"Noxious Fumes","floor":7.0,"key":"SMITH"},{"floor":15,"key":"REST"}],"neow_cost":"NONE","seed_source_timestamp":454377634369287,"circlet_count":0,"master_deck":["AscendersBane","Defend_G","Defend_G","Defend_G","Defend_G","Defend_G+1","Strike_G","Strike_G","Strike_G","Strike_G","Survivor+1","Neutralize","Footwork","Noxious Fumes+1","Dodge and Roll","Deadly Poison+1","Footwork","Backstab"],"special_seed":0,"relics":["Ring of the Snake","NeowsBlessing","Pear","Matryoshka","Darkstone Periapt","Happy Flower"],"potions_floor_usage":[14,16],"damage_taken":[{"damage":0.0,"enemies":"Cultist","floor":1.0,"turns":1.0},{"damage":0.0,"enemies":"2 Louse","floor":4.0,"turns":1.0},{"damage":0.0,"enemies":"Gremlin Nob","floor":6.0,"turns":1.0},{"damage":8.0,"enemies":"Small Slimes","floor":8.0,"turns":5.0},{"damage":10.0,"enemies":"3 Sentries","floor":10.0,"turns":8.0},{"damage":0.0,"enemies":"Exordium Wildlife","floor":11.0,"turns":4.0},{"damage":5.0,"enemies":"2 Fungi Beasts","floor":12.0,"turns":5.0},{"damage":21,"enemies":"Gremlin Nob","floor":14,"turns":4},{"damage":37,"enemies":"Slime Boss","floor":16,"turns":10}],"seed_played":"-8193068716840688729","potions_obtained":[{"floor":1.0,"key":"Poison Potion"},{"floor":12.0,"key":"SteroidPotion"},{"floor":14,"key":"SkillPotion"}],"is_trial":false,"path_per_floor":["M","$","?","M","?","E","R","M","T","E","M","M","?","E","R","B"],"character_chosen":"THE_SILENT","items_purchased":["Noxious Fumes"],"campfire_rested":1,"item_purchase_floors":[2],"current_hp_per_floor":[59,59,59,59,39,49,49,41,41,31,31,26,26,5,27,0],"gold":199,"neow_bonus":"THREE_ENEMY_KILL","is_prod":false,"is_daily":false,"chose_seed":false,"campfire_upgraded":1,"win_rate":0,"timestamp":1553824400,"path_taken":["M","$","?","?","?","E","R","M","T","E","M","M","?","E","R","BOSS"],"build_version":"2019-01-23","purchased_purges":0,"victory":false,"max_hp_per_floor":[66,66,66,66,66,76,76,76,76,76,76,76,76,76,76,76],"card_choices":[{"not_picked":["All Out Attack","Dagger Throw"],"picked":"Footwork","floor":1.0},{"not_picked":["Quick Slash","Predator"],"picked":"Dodge and Roll","floor":4.0},{"not_picked":["Bane","Setup","Flechettes"],"picked":"SKIP","floor":6.0},{"not_picked":["Flying Knee","Underhanded Strike"],"picked":"Deadly Poison","floor":8.0},{"not_picked":["Underhanded Strike","Flying Knee"],"picked":"Footwork","floor":10.0},{"not_picked":["Slice","Dagger Spray"],"picked":"Backstab","floor":11.0},{"not_picked":["Flying Knee","Outmaneuver","Dodge and Roll"],"picked":"SKIP","floor":12.0},{"not_picked":["Masterful Stab","Heel Hook","Finisher"],"picked":"SKIP","floor":14}],"player_experience":802845,"relics_obtained":[{"floor":6.0,"key":"Pear"},{"floor":9.0,"key":"Matryoshka"},{"floor":10.0,"key":"Darkstone Periapt"},{"floor":14,"key":"Happy Flower"}],"event_choices":[{"cards_removed":["Strike_G"],"damage_healed":0.0,"max_hp_gain":0.0,"max_hp_loss":0.0,"gold_gain":0.0,"event_name":"Purifier","player_choice":"Purged","floor":3.0,"gold_loss":0.0,"damage_taken":0.0},{"damage_healed":0.0,"max_hp_gain":0.0,"max_hp_loss":0.0,"gold_gain":0.0,"event_name":"Shining Light","player_choice":"Entered Light","floor":5.0,"gold_loss":0.0,"damage_taken":20.0,"cards_upgraded":["Defend_G","Survivor"]},{"damage_healed":0.0,"max_hp_gain":0.0,"max_hp_loss":0.0,"gold_gain":0.0,"event_name":"Living Wall","player_choice":"Grow","floor":13.0,"gold_loss":0.0,"damage_taken":0.0,"cards_upgraded":["Deadly Poison"]}],"is_beta":false,"boss_relics":[],"items_purged_floors":[],"is_endless":false,"potions_floor_spawned":[1,12,14],"killed_by":"Slime Boss","ascension_level":20}