{"gold_per_floor":[319,319,337,86,86,114,114,140,140,150,50,50,50,70,70,148,148,103,103,116,33,83,113,113,127,127,143,143,143,143,153,153,153],"floor_reached":33,"playtime":1888,"items_purged":["Strike_G","Strike_G"],"score":646,"play_id":"d6e7e495-3a40-49ca-afc7-f5ef4dbe99ee","local_time":"20190203121928","is_ascension_mode":true,"campfire_choices":[{"floor":7.0,"key":"REST"},{"data":"Accuracy","floor":12.0,"key":"SMITH"},{"data":"Malaise","floor":15.0,"key":"SMITH"},{"floor":24.0,"key":"REST"},{"floor":28.0,"key":"REST"},{"data":"Burst","floor":30.0,"key":"SMITH"},{"floor":32.0,"key":"REST"}],"neow_cost":"NO_GOLD","seed_source_timestamp":1710270972671453,"circlet_count":0,"master_deck":["AscendersBane","Defend_G","Defend_G","Defend_G","Defend_G","Defend_G","Strike_G","Strike_G","Strike_G","Survivor","Neutralize","Infinite Blades","Dodge and Roll","Accuracy+1","Blade Dance+1","Dash","Malaise+1","Finisher","Terror","Blade Dance","Burst+1","Footwork+1","Leg Sweep+1","Backflip"],"special_seed":0,"relics":["Ring of the Snake","Old Coin","Question Card","Blue Candle","Singing Bowl","Black Star","Pantograph","Mercury Hourglass","Mummified Hand"],"potions_floor_usage":[],"damage_taken":[{"damage":6.0,"enemies":"2 Louse","floor":1.0,"turns":4.0},{"damage":6.0,"enemies":"Small Slimes","floor":3.0,"turns":6.0},{"damage":15.0,"enemies":"Lagavulin","floor":6.0,"turns":8.0},{"damage":2.0,"enemies":"3 Sentries","floor":8.0,"turns":7.0},{"damage":0.0,"enemies":"Jaw Worm","floor":10.0,"turns":4.0},{"damage":6.0,"enemies":"Exordium Wildlife","floor":14.0,"turns":6.0},{"damage":0.0,"enemies":"Hexaghost","floor":16.0,"turns":8.0},{"damage":22.0,"enemies":"2 Thieves","floor":18.0,"turns":5.0},{"damage":12.0,"enemies":"Spheric Guardian","floor":20.0,"turns":8.0},{"damage":33.0,"enemies":"Book of Stabbing","floor":23.0,"turns":10.0},{"damage":3.0,"enemies":"Snake Plant","floor":25.0,"turns":5.0},{"damage":8.0,"enemies":"Shelled Parasite and Fungi","floor":27.0,"turns":7.0},{"damage":17.0,"enemies":"Sentry and Sphere","floor":31.0,"turns":11.0},{"damage":89,"enemies":"Collector","floor":33,"turns":12}],"seed_played":"2996544795118718432","potions_obtained":[{"floor":1.0,"key":"FairyPotion"},{"floor":3.0,"key":"GhostInAJar"},{"floor":6.0,"key":"AttackPotion"},{"floor":14.0,"key":"LiquidBronze"},{"floor":18.0,"key":"SpeedPotion"},{"floor":27.0,"key":"Block Potion"}],"is_trial":false,"path_per_floor":["M","?","M","$","?","E","R","E","T","M","$","R","$","M","R","B",null,"M","?","M","$","?","E","R","M","T","M","R","?","R","M","R","B"],"character_chosen":"THE_SILENT","items_purchased":["Accuracy","Blade Dance","Dash","Regen Potion"],"campfire_rested":4,"item_purchase_floors":[4,4,4,21],"current_hp_per_floor":[53,53,47,47,47,32,51,49,49,49,49,49,49,43,43,43,60,38,38,26,26,26,10,30,27,27,21,42,42,42,27,48,0],"gold":153,"neow_bonus":"ONE_RARE_RELIC","is_prod":false,"is_daily":false,"chose_seed":false,"campfire_upgraded":3,"win_rate":0,"timestamp":1549217968,"path_taken":["M","?","M","$","?","E","R","E","T","M","?","R","$","M","R","BOSS","M","?","M","$","?","E","R","M","T","M","R","?","R","M","R","BOSS"],"build_version":"2019-01-23","purchased_purges":2,"victory":false,"max_hp_per_floor":[66,66,66,66,66,66,66,66,66,66,66,66,66,66,66,66,66,66,66,66,66,66,68,68,68,68,70,70,70,70,72,72,72],"card_choices":[{"not_picked":["Leg Sweep","Dagger Spray"],"picked":"Infinite Blades","floor":1.0},{"not_picked":["Deflect","Deadly Poison"],"picked":"Dodge and Roll","floor":3.0},{"not_picked":["Dagger Spray","Deflect"],"picked":"Malaise","floor":6.0},{"not_picked":["PiercingWail","Grand Finale","Caltrops"],"picked":"Finisher","floor":8.0},{"not_picked":["Flying Knee","Deadly Poison","Eviscerate"],"picked":"Terror","floor":10.0},{"not_picked":["Deflect","Bane","Sucker Punch"],"picked":"Blade Dance","floor":14.0},{"not_picked":["Night Terror","Die Die Die","Unload"],"picked":"Burst","floor":16.0},{"not_picked":["Dodge and Roll","Dash","Prepared"],"picked":"Footwork+1","floor":18.0},{"not_picked":["Slice","Dagger Throw+1","Blade Dance"],"picked":"Leg Sweep+1","floor":20.0},{"not_picked":["Distraction","Outmaneuver","Venomology","Slice"],"picked":"Singing Bowl","floor":23.0},{"not_picked":["Skewer","Poisoned Stab","Blade Dance"],"picked":"Backflip","floor":25.0},{"not_picked":["Dagger Spray+1","Backflip","Die Die Die","Masterful Stab"],"picked":"Singing Bowl","floor":27.0},{"not_picked":["Caltrops","Flying Knee","Dash","Terror"],"picked":"Singing Bowl","floor":31.0}],"player_experience":694034,"relics_obtained":[{"floor":6.0,"key":"Question Card"},{"floor":8.0,"key":"Blue Candle"},{"floor":9.0,"key":"Singing Bowl"},{"floor":23.0,"key":"Pantograph"},{"floor":23.0,"key":"Mercury Hourglass"},{"floor":26.0,"key":"Mummified Hand"}],"event_choices":[{"damage_healed":0.0,"max_hp_gain":0.0,"max_hp_loss":0.0,"gold_gain":0.0,"event_name":"Golden Idol","player_choice":"Ignored","floor":2.0,"gold_loss":0.0,"damage_taken":0.0},{"damage_healed":0.0,"max_hp_gain":0.0,"max_hp_loss":0.0,"gold_gain":0.0,"event_name":"Living Wall","player_choice":"Grow","floor":5.0,"gold_loss":0.0,"damage_taken":0.0,"cards_upgraded":["Blade Dance"]},{"damage_healed":0.0,"max_hp_gain":0.0,"max_hp_loss":0.0,"gold_gain":0.0,"event_name":"Cursed Tome","player_choice":"Ignored","floor":19.0,"gold_loss":0.0,"damage_taken":0.0},{"damage_healed":0.0,"max_hp_gain":0.0,"max_hp_loss":0.0,"gold_gain":50.0,"event_name":"Nest","player_choice":"Stole From Cult","floor":22.0,"gold_loss":0.0,"damage_taken":0.0},{"damage_healed":0.0,"max_hp_gain":0.0,"max_hp_loss":0.0,"gold_gain":0.0,"event_name":"Vampires","player_choice":"Ignored","floor":29.0,"gold_loss":0.0,"damage_taken":0.0}],"is_beta":false,"boss_relics":[{"not_picked":["Coffee Dripper","Pandora\u0027s Box"],"picked":"Black Star"}],"items_purged_floors":[4,11],"is_endless":false,"potions_floor_spawned":[1,3,6,14,18,27],"killed_by":"Collector","ascension_level":20}