{"gold_per_floor":[118,118,131,306,375,375,394,394,421,421,496,523,536,68,68,173,173,190,205,304,304,318,350,350,384,396,439,464,495,526,548,560,673,685,708,720,269,289,306,306,325,325,325,336,336,369,20,50,50,50],"floor_reached":51,"playtime":4247,"items_purged":["Doubt"],"score":905,"play_id":"44e856d9-b0ad-4367-8841-ff35c8fda886","local_time":"20180808074542","is_ascension_mode":true,"campfire_choices":[{"data":"Inflame","floor":6,"key":"SMITH"},{"data":"Heavy Blade","floor":8,"key":"SMITH"},{"data":"Bash","floor":10,"key":"SMITH"},{"floor":15,"key":"REST"},{"floor":24,"key":"REST"},{"data":"Jack Of All Trades","floor":32,"key":"SMITH"},{"data":"Flex","floor":40,"key":"SMITH"},{"data":"Flex","floor":42,"key":"SMITH"},{"data":"Flex","floor":45,"key":"SMITH"},{"data":"Dual Wield","floor":49,"key":"SMITH"}],"neow_cost":"NONE","seed_source_timestamp":3401931580457826,"circlet_count":0,"master_deck":["Defend_R","Defend_R","Defend_R","Defend_R","Bash+1","Inflame+1","Heavy Blade+1","Headbutt","Pummel","Clash","Jack Of All Trades+1","Seeing Red","Feed","Heavy Blade+1","Bite","Bite","Bite","Bite","Bite","Headbutt","Flex+1","Burning Pact+1","Anger+1","Seeing Red","Anger+1","Flex+1","Intimidate+1","Exhume","Heavy Blade+1","Fire Breathing","Secret Weapon","Anger+1","Flex+1","Dual Wield+1","Flame Barrier+1","Heavy Blade+1","Heavy Blade+1","Blood for Blood+1"],"relics":["Burning Blood","NeowsBlessing","Vajra","Bronze Scales","Art of War","Sling","Black Star","Centennial Puzzle","Anchor","Bag of Marbles","MawBank","Magic Flower","Molten Egg 2","Meat on the Bone","White Beast Statue","Toy Ornithopter","Self Forming Clay","Thread and Needle","Charon\u0027s Ashes","Pen Nib","Gambling Chip","Unceasing Top"],"potions_floor_usage":[13,18,19,23,28,33,33,39,50,50,50],"damage_taken":[{"damage":0,"enemies":"Small Slimes","floor":1,"turns":1},{"damage":1,"enemies":"Jaw Worm","floor":3,"turns":2},{"damage":0,"enemies":"2 Louse","floor":7,"turns":1},{"damage":19,"enemies":"3 Sentries","floor":12,"turns":5},{"damage":1,"enemies":"Exordium Thugs","floor":13,"turns":3},{"damage":8,"enemies":"The Guardian","floor":16,"turns":6},{"damage":20,"enemies":"2 Thieves","floor":18,"turns":3},{"damage":12,"enemies":"Shell Parasite","floor":19,"turns":3},{"damage":24,"enemies":"Centurion and Healer","floor":22,"turns":5},{"damage":31,"enemies":"Gremlin Leader","floor":23,"turns":5},{"damage":13,"enemies":"Book of Stabbing","floor":25,"turns":3},{"damage":0,"enemies":"Gremlin Leader","floor":27,"turns":5},{"damage":3,"enemies":"Snake Plant","floor":28,"turns":2},{"damage":5,"enemies":"Sentry and Sphere","floor":29,"turns":3},{"damage":9,"enemies":"Centurion and Healer","floor":30,"turns":4},{"damage":16,"enemies":"Snake Plant","floor":31,"turns":3},{"damage":71,"enemies":"Collector","floor":33,"turns":8},{"damage":5,"enemies":"Orb Walker","floor":35,"turns":2},{"damage":15,"enemies":"Flame Bruiser 1 Orb","floor":38,"turns":5},{"damage":45,"enemies":"Maw","floor":39,"turns":5},{"damage":19,"enemies":"Transient","floor":41,"turns":5},{"damage":11,"enemies":"Sphere and 2 Shapes","floor":44,"turns":5},{"damage":58,"enemies":"Giant Head","floor":46,"turns":7},{"damage":4,"enemies":"2 Orb Walkers","floor":48,"turns":3},{"damage":76,"enemies":"Time Eater","floor":50,"turns":10}],"seed_played":"-103243627113913295","potions_obtained":[{"floor":7,"key":"SkillPotion"},{"floor":12,"key":"Explosive Potion"},{"floor":16,"key":"Swift Potion"},{"floor":18,"key":"Block Potion"},{"floor":19,"key":"Ancient Potion"},{"floor":22,"key":"Energy Potion"},{"floor":27,"key":"LiquidBronze"},{"floor":31,"key":"SpeedPotion"},{"floor":33,"key":"Swift Potion"},{"floor":35,"key":"Ancient Potion"},{"floor":39,"key":"LiquidBronze"}],"is_trial":false,"path_per_floor":["M","?","M","?","?","R","M","R","T","R","?","E","M","$","R","B",null,"M","M","?","?","M","E","R","E","T","E","M","M","M","M","R","B",null,"M","?","$","M","M","R","M","R","T","M","R","E","$","E","R","B"],"character_chosen":"IRONCLAD","items_purchased":["Sling","Jack Of All Trades","Seeing Red","Toy Ornithopter","Fire Breathing","Secret Weapon","Weak Potion","FearPotion","Pen Nib","Heavy Blade+1","FearPotion"],"campfire_rested":2,"item_purchase_floors":[14,14,14,37,37,37,47,47,47,47,47],"current_hp_per_floor":[80,62,67,67,67,67,73,73,73,73,62,49,54,54,78,76,80,69,70,70,60,52,37,55,52,52,60,60,60,63,63,63,42,66,66,66,66,63,47,47,46,46,46,53,53,43,43,54,54,29],"gold":50,"neow_bonus":"THREE_ENEMY_KILL","is_prod":false,"is_daily":false,"chose_seed":false,"campfire_upgraded":8,"win_rate":0,"timestamp":1533710742,"path_taken":["M","?","M","?","?","R","?","R","T","R","?","E","M","?","R","BOSS","M","?","?","?","M","E","R","E","T","E","M","?","M","?","R","BOSS","M","?","$","M","?","R","M","R","T","M","R","E","$","E","R","BOSS"],"build_version":"2018-08-02","purchased_purges":1,"victory":true,"max_hp_per_floor":[80,80,80,80,80,80,80,80,80,80,80,80,80,80,80,80,80,83,86,86,60,60,60,60,60,60,60,60,60,63,63,63,66,66,66,66,66,66,66,66,66,66,66,66,66,66,66,66,66,66],"card_choices":[{"not_picked":["Perfected Strike","Armaments"],"picked":"Inflame","floor":1},{"not_picked":["Cleave","Sword Boomerang"],"picked":"Heavy Blade","floor":3},{"not_picked":["Clash","Disarm"],"picked":"Headbutt","floor":7},{"not_picked":["Heavy Blade","Shockwave"],"picked":"Pummel","floor":12},{"not_picked":["Clothesline","Second Wind"],"picked":"Clash","floor":13},{"not_picked":["Fiend Fire","Barricade"],"picked":"Feed","floor":16},{"not_picked":["Feel No Pain+1","Headbutt"],"picked":"Heavy Blade+1","floor":18},{"not_picked":["Clash","Juggernaut"],"picked":"Twin Strike+1","floor":19},{"not_picked":["Body Slam+1","Whirlwind"],"picked":"Headbutt","floor":22},{"not_picked":["Disarm","Immolate"],"picked":"Flex","floor":23},{"not_picked":["Reckless Charge","Clothesline"],"picked":"Burning Pact+1","floor":25},{"not_picked":["Entrench","Hemokinesis+1"],"picked":"Anger","floor":27},{"not_picked":["Pommel Strike+1","Perfected Strike+1"],"picked":"Seeing Red","floor":28},{"not_picked":["Shrug It Off","Dropkick+1"],"picked":"Anger+1","floor":29},{"not_picked":["Pommel Strike+1","Body Slam+1"],"picked":"Flex","floor":30},{"not_picked":["Searing Blow+1","Evolve+1"],"picked":"Intimidate+1","floor":31},{"not_picked":["Berserk","Reaper+1"],"picked":"Exhume","floor":33},{"not_picked":["Burning Pact","Twin Strike+1"],"picked":"Heavy Blade+1","floor":35},{"not_picked":["Warcry","Battle Trance+1"],"picked":"Anger+1","floor":38},{"not_picked":["Body Slam+1","Shockwave"],"picked":"Flex","floor":39},{"not_picked":["Warcry+1","Juggernaut"],"picked":"Dual Wield","floor":41},{"not_picked":["Evolve+1","Headbutt+1"],"picked":"Flame Barrier+1","floor":44},{"not_picked":["Second Wind","True Grit"],"picked":"Heavy Blade+1","floor":46},{"not_picked":["Perfected Strike+1","Feed+1"],"picked":"Blood for Blood+1","floor":48}],"player_experience":311586,"relics_obtained":[{"floor":9,"key":"Bronze Scales"},{"floor":12,"key":"Art of War"},{"floor":23,"key":"Centennial Puzzle"},{"floor":23,"key":"Anchor"},{"floor":25,"key":"Bag of Marbles"},{"floor":25,"key":"MawBank"},{"floor":26,"key":"Magic Flower"},{"floor":27,"key":"Molten Egg 2"},{"floor":27,"key":"Meat on the Bone"},{"floor":43,"key":"Self Forming Clay"},{"floor":46,"key":"Thread and Needle"},{"floor":46,"key":"Charon\u0027s Ashes"},{"floor":48,"key":"Gambling Chip"},{"floor":48,"key":"Unceasing Top"}],"event_choices":[{"event_name":"Scrap Ooze","player_choice":"success","floor":2,"damage_taken":18},{"event_name":"Liars Game","player_choice":"agreed","floor":4,"damage_taken":0},{"event_name":"Golden Wing","player_choice":"Gained Gold","floor":5,"damage_taken":0},{"event_name":"World of Goop","player_choice":"Gather Gold","floor":11,"damage_taken":0},{"event_name":"Nest","player_choice":"Stole From Cult","floor":20,"damage_taken":0},{"event_name":"Vampires","player_choice":"Became a vampire","floor":21,"damage_taken":0},{"event_name":"Falling","player_choice":"Removed Attack","floor":36,"damage_taken":0}],"is_beta":false,"boss_relics":[{"not_picked":["Lizard Tail","Mark of Pain"],"picked":"Black Star"},{"not_picked":["Velvet Choker","Runic Cube"],"picked":"White Beast Statue"}],"items_purged_floors":[14],"is_endless":false,"potions_floor_spawned":[7,12,16,18,19,22,27,31,33,35,38,39,41,44,46,48],"ascension_level":1}