{"gold_per_floor":[114,114,114,129,144,144,159,159,159,174,174,107,107,122,122,122],"floor_reached":16,"playtime":901,"items_purged":[],"score":167,"play_id":"635de1d6-2702-4cc3-bb53-50f5df5b0e4a","local_time":"20180727121643","daily_mods":["Specialized","Night Terrors","Hoarder"],"is_ascension_mode":false,"campfire_choices":[{"floor":6,"key":"REST"},{"data":"Corruption","floor":8,"key":"SMITH"},{"data":"Corruption","floor":13,"key":"SMITH"},{"data":"Fire Breathing","floor":15,"key":"SMITH"}],"neow_cost":"","seed_source_timestamp":0,"circlet_count":0,"master_deck":["Strike_R","Strike_R","Strike_R","Strike_R","Strike_R","Defend_R","Defend_R","Defend_R","Defend_R","Bash","Exhume","Exhume","Exhume","Exhume","Exhume","Exhume","Exhume","Exhume","Exhume","Exhume","Exhume","Exhume","Exhume","Exhume","Perfected Strike","Perfected Strike","Perfected Strike","Juggernaut","Juggernaut","Juggernaut","Corruption+1","Corruption+1","Corruption+1","Pommel Strike","Pommel Strike","Pommel Strike","Dual Wield","Dual Wield","Dual Wield","Pommel Strike","Pommel Strike","Pommel Strike","Fire Breathing+1","Fire Breathing","Fire Breathing","Anger","Anger","Anger"],"special_seed":17739,"relics":["Burning Blood","Shuriken"],"potions_floor_usage":[14],"damage_taken":[{"damage":17,"enemies":"2 Louse","floor":1,"turns":5},{"damage":26,"enemies":"Jaw Worm","floor":4,"turns":5},{"damage":24,"enemies":"Small Slimes","floor":5,"turns":6},{"damage":20,"enemies":"Looter","floor":7,"turns":3},{"damage":10,"enemies":"Gremlin Gang","floor":10,"turns":7},{"damage":9,"enemies":"2 Fungi Beasts","floor":14,"turns":3},{"damage":54,"enemies":"The Guardian","floor":16,"turns":6}],"seed_played":"-8062012140041976232","potions_obtained":[{"floor":5,"key":"Poison Potion"},{"floor":10,"key":"AttackPotion"}],"is_trial":false,"path_per_floor":["M","?","?","M","M","R","M","R","T","M","?","$","R","M","R"],"character_chosen":"IRONCLAD","items_purchased":["Fire Breathing"],"campfire_rested":1,"item_purchase_floors":[12],"current_hp_per_floor":[69,69,69,49,31,75,61,61,61,57,57,57,57,54,54,0],"gold":122,"neow_bonus":"","is_prod":false,"is_daily":true,"chose_seed":false,"campfire_upgraded":3,"win_rate":0,"timestamp":1532690203,"path_taken":["M","?","?","M","M","R","M","R","T","M","?","$","R","M","R","BOSS"],"build_version":"2018-07-26","purchased_purges":0,"victory":false,"max_hp_per_floor":[80,80,80,80,80,75,75,75,75,75,75,75,75,75,75,75],"card_choices":[{"not_picked":["Headbutt","Twin Strike"],"picked":"Perfected Strike","floor":1},{"not_picked":["Second Wind","Havoc"],"picked":"Corruption","floor":4},{"not_picked":["Wild Strike","Clash"],"picked":"Pommel Strike","floor":5},{"not_picked":["Feel No Pain","Iron Wave"],"picked":"Dual Wield","floor":7},{"not_picked":["Headbutt","Heavy Blade"],"picked":"Pommel Strike","floor":10},{"not_picked":["Power Through","True Grit"],"picked":"Anger","floor":14}],"player_experience":229108,"relics_obtained":[{"floor":9,"key":"Shuriken"}],"event_choices":[{"event_name":"Living Wall","player_choice":"Change","floor":2,"damage_taken":0},{"event_name":"Accursed Blacksmith","player_choice":"Ignore","floor":3,"damage_taken":0},{"event_name":"Upgrade Shrine","player_choice":"Upgraded","floor":11,"damage_taken":0}],"is_beta":false,"boss_relics":[],"items_purged_floors":[],"is_endless":false,"potions_floor_spawned":[5,10],"killed_by":"The Guardian","ascension_level":0}