{"gold_per_floor":[109,122,138,138,50,50,24,39,65,90,108,108,124,160,160,285,285,303,218,55,55,80,80,95,28,28,49,49,49,49,62,62,193,193,207,54,73,93,117,117,148,148,148,148,148,173,192,192,192,192],"floor_reached":50,"playtime":3460,"items_purged":[],"score":499,"play_id":"0eb81bdb-a056-43e6-b2cc-371168916720","local_time":"20180727213128","is_ascension_mode":false,"campfire_choices":[{"data":"White Noise","floor":6,"key":"SMITH"},{"floor":12,"key":"REST"},{"floor":15,"key":"REST"},{"data":"Creative AI","floor":23,"key":"SMITH"},{"floor":28,"key":"REST"},{"data":"Dualcast","floor":30,"key":"SMITH"},{"floor":32,"key":"REST"},{"floor":40,"key":"REST"},{"floor":42,"key":"REST"},{"data":"White Noise","floor":44,"key":"SMITH"},{"data":"Hologram","floor":49,"key":"SMITH"}],"neow_cost":"NONE","seed_source_timestamp":2415476199379200,"circlet_count":0,"master_deck":["Strike_B+1","Strike_B+1","Strike_B+1","Strike_B+1","Defend_B+1","Defend_B+1","Defend_B+1","Defend_B+1","Zap+1","Dualcast+1","Hologram+1","White Noise+1","Capacitor","Beam Cell+1","Hello World","Static Discharge","Reprogram","BootSequence","Beam Cell","Cold Snap","Electrodynamics","Gash","Creative AI+1","Steam","Cold Snap","Loop","Barrage","Turbo+1","Seek","White Noise+1","Aggregate","All For One","Rebound+1","Self Repair+1","Defragment+1"],"relics":["Cracked Core","Golden Idol","Vajra","Whetstone","Sozu","Turnip","Ornamental Fan","Ginger","Lizard Tail","Anchor","Ancient Tea Set","Kunai","Happy Flower"],"potions_floor_usage":[10,16,16],"damage_taken":[{"damage":0,"enemies":"Cultist","floor":1,"turns":3},{"damage":5,"enemies":"Small Slimes","floor":2,"turns":3},{"damage":0,"enemies":"2 Louse","floor":3,"turns":2},{"damage":10,"enemies":"Large Slime","floor":8,"turns":5},{"damage":0,"enemies":"Exordium Wildlife","floor":10,"turns":4},{"damage":14,"enemies":"Blue Slaver","floor":11,"turns":4},{"damage":13,"enemies":"2 Fungi Beasts","floor":13,"turns":4},{"damage":27,"enemies":"Lagavulin","floor":14,"turns":6},{"damage":15,"enemies":"Slime Boss","floor":16,"turns":8},{"damage":14,"enemies":"Spheric Guardian","floor":18,"turns":4},{"damage":4,"enemies":"2 Thieves","floor":22,"turns":4},{"damage":11,"enemies":"Snake Plant","floor":24,"turns":3},{"damage":20,"enemies":"Centurion and Healer","floor":27,"turns":5},{"damage":7,"enemies":"Slaver and Parasite","floor":31,"turns":5},{"damage":36,"enemies":"Champ","floor":33,"turns":10},{"damage":21,"enemies":"3 Darklings","floor":35,"turns":5},{"damage":23,"enemies":"Orb Walker","floor":37,"turns":6},{"damage":27,"enemies":"Spire Growth","floor":38,"turns":6},{"damage":10,"enemies":"Nemesis","floor":41,"turns":8},{"damage":33,"enemies":"Transient","floor":46,"turns":5},{"damage":16,"enemies":"Sphere and 2 Shapes","floor":47,"turns":5},{"damage":70,"enemies":"Donu and Deca","floor":50,"turns":5}],"seed_played":"-7066347303353609030","potions_obtained":[{"floor":3,"key":"SkillPotion"},{"floor":13,"key":"SteroidPotion"},{"floor":14,"key":"Swift Potion"}],"is_trial":false,"path_per_floor":["M","M","M","?","$","R","?","M","T","M","M","R","M","E","R","B",null,"M","?","$","?","M","R","M","$","T","M","R","T","R","M","R","B",null,"M","$","M","M","T","R","E","R","T","R","?","M","M","?","R"],"character_chosen":"DEFECT","items_purchased":["Beam Cell","Hello World","Creative AI","Loop","Anchor"],"campfire_rested":6,"item_purchase_floors":[5,5,20,25,36],"current_hp_per_floor":[75,70,70,52,52,52,52,42,42,42,28,50,37,10,32,17,75,68,68,68,68,64,64,53,53,53,33,55,55,55,48,70,34,75,54,54,31,4,4,26,23,45,45,45,45,12,35,66,66,0],"gold":192,"neow_bonus":"UPGRADE_CARD","is_prod":false,"is_daily":false,"chose_seed":false,"campfire_upgraded":5,"win_rate":0,"timestamp":1532723488,"path_taken":["M","?","M","?","?","R","?","M","T","M","?","R","M","E","R","BOSS","M","?","$","?","M","R","M","$","T","M","R","?","R","M","R","BOSS","M","$","M","M","?","R","E","R","T","R","?","M","M","?","R","BOSS"],"build_version":"2018-07-26","purchased_purges":0,"victory":false,"max_hp_per_floor":[75,75,75,75,75,75,75,75,75,75,75,75,75,75,75,75,75,75,75,75,75,75,75,75,75,75,75,75,75,75,75,75,75,75,75,75,75,75,75,75,75,75,75,75,75,75,75,66,66,66],"card_choices":[{"not_picked":["Force Field","Steam Power"],"picked":"Hologram","floor":1},{"not_picked":["Stack","Fusion"],"picked":"White Noise","floor":2},{"not_picked":["Fusion","Streamline"],"picked":"Capacitor","floor":3},{"not_picked":["Streamline","Cold Snap"],"picked":"Static Discharge","floor":8},{"not_picked":["Coolheaded","Rebound"],"picked":"Reprogram","floor":10},{"not_picked":["Heatsinks","Tempest"],"picked":"BootSequence","floor":11},{"not_picked":["Compile Driver","Stack"],"picked":"Beam Cell","floor":13},{"not_picked":["Leap","Steam"],"picked":"Cold Snap","floor":14},{"not_picked":["Multi-Cast","Thunder Strike"],"picked":"Electrodynamics","floor":16},{"not_picked":["Go for the Eyes","Sweeping Beam"],"picked":"Gash","floor":18},{"not_picked":["Darkness","Compile Driver"],"picked":"Steam","floor":22},{"not_picked":["Stack","Compile Driver"],"picked":"Cold Snap","floor":24},{"not_picked":["Melter","Hologram"],"picked":"Barrage","floor":27},{"not_picked":["Ball Lightning+1","Barrage"],"picked":"Turbo+1","floor":31},{"not_picked":["Electrodynamics","Multi-Cast"],"picked":"Seek","floor":33},{"not_picked":["Steam+1","Beam Cell+1"],"picked":"White Noise","floor":35},{"not_picked":["Leap+1","Coolheaded"],"picked":"Aggregate","floor":37},{"not_picked":["Compile Driver+1","Skim+1"],"picked":"All For One","floor":38},{"not_picked":["Undo+1","Genetic Algorithm+1"],"picked":"Rebound+1","floor":41},{"not_picked":["Hologram","Leap+1"],"picked":"Self Repair+1","floor":46},{"not_picked":["White Noise","Steam"],"picked":"Defragment+1","floor":47}],"player_experience":242635,"relics_obtained":[{"floor":9,"key":"Vajra"},{"floor":14,"key":"Whetstone"},{"floor":26,"key":"Ornamental Fan"},{"floor":29,"key":"Ginger"},{"floor":39,"key":"Ancient Tea Set"},{"floor":41,"key":"Kunai"},{"floor":43,"key":"Happy Flower"}],"event_choices":[{"event_name":"Golden Idol","player_choice":"Take Damage","floor":4,"damage_taken":0},{"event_name":"World of Goop","player_choice":"Left","floor":7,"damage_taken":0},{"event_name":"Addict","player_choice":"Obtained Relic","floor":19,"damage_taken":0},{"event_name":"Back to Basics","player_choice":"Simplicity","floor":21,"damage_taken":0},{"event_name":"Accursed Blacksmith","player_choice":"Ignore","floor":45,"damage_taken":0},{"event_name":"The Moai Head","player_choice":"Heal","floor":48,"damage_taken":0}],"is_beta":false,"boss_relics":[{"not_picked":["Calling Bell","Snecko Eye"],"picked":"Sozu"},{"not_picked":["Runic Dome","Tiny House"],"picked":"Lizard Tail"}],"items_purged_floors":[],"is_endless":false,"potions_floor_spawned":[3,13,14,18,24,35,37],"killed_by":"Donu and Deca","ascension_level":0}