{"gold_per_floor":[110,127,139,139,150,150,170,187,187,198,198,198,198,198,198,198],"floor_reached":16,"playtime":704,"items_purged":[],"score":94,"play_id":"42f8a5c9-7cb3-4bc8-9c4d-18a21fb01d5d","local_time":"20180721083701","is_ascension_mode":false,"campfire_choices":[{"data":"Defend_B","floor":6,"key":"SMITH"},{"data":"Zap","floor":11,"key":"SMITH"},{"data":"Dualcast","floor":15,"key":"SMITH"}],"neow_cost":"NONE","seed_source_timestamp":1853366479099425,"circlet_count":0,"master_deck":["Strike_B","Strike_B","Strike_B","Strike_B","Defend_B+1","Defend_B","Defend_B","Defend_B","Zap+1","Dualcast+1","Parasite"],"relics":["Cracked Core","NeowsBlessing","Pantograph","Thread and Needle","Golden Idol"],"potions_floor_usage":[],"damage_taken":[{"damage":0,"enemies":"Small Slimes","floor":1,"turns":1},{"damage":0,"enemies":"2 Louse","floor":2,"turns":1},{"damage":0,"enemies":"Cultist","floor":3,"turns":1},{"damage":13,"enemies":"3 Louse","floor":5,"turns":3},{"damage":12,"enemies":"Looter","floor":7,"turns":3},{"damage":4,"enemies":"2 Fungi Beasts","floor":8,"turns":3},{"damage":2,"enemies":"3 Louse","floor":10,"turns":3},{"damage":67,"enemies":"Hexaghost","floor":16,"turns":12}],"seed_played":"1163095436679190450","potions_obtained":[{"floor":3,"key":"Ancient Potion"},{"floor":10,"key":"Swift Potion"}],"is_trial":false,"path_per_floor":["M","M","M","?","M","R","M","M","T","M","R","?","?","?","R"],"character_chosen":"DEFECT","items_purchased":[],"campfire_rested":0,"item_purchase_floors":[],"current_hp_per_floor":[75,75,75,75,62,62,50,46,46,44,44,26,19,37,37,0],"gold":198,"neow_bonus":"THREE_ENEMY_KILL","is_prod":false,"is_daily":false,"chose_seed":false,"campfire_upgraded":3,"win_rate":0,"timestamp":1532158621,"path_taken":["M","M","M","?","M","R","?","M","T","M","R","?","?","?","R","BOSS"],"build_version":"2018-07-19v2","purchased_purges":0,"victory":false,"max_hp_per_floor":[75,75,75,75,75,75,75,75,75,75,75,75,75,75,75,75],"card_choices":[{"not_picked":["Turbo","Tempest","Go for the Eyes"],"picked":"SKIP","floor":1},{"not_picked":["Barrage","Go for the Eyes","Leap"],"picked":"SKIP","floor":2},{"not_picked":["Auto Shields","Sunder","Turbo"],"picked":"SKIP","floor":3},{"not_picked":["Go for the Eyes","Skim","Coolheaded"],"picked":"SKIP","floor":5},{"not_picked":["Conserve Battery","Coolheaded","Steam Power"],"picked":"SKIP","floor":7},{"not_picked":["Fission","Sweeping Beam","Barrage"],"picked":"SKIP","floor":8},{"not_picked":["Conserve Battery","Go for the Eyes","Defragment"],"picked":"SKIP","floor":10}],"player_experience":141145,"relics_obtained":[{"floor":9,"key":"Thread and Needle"}],"event_choices":[{"event_name":"Big Fish","player_choice":"Box","floor":4,"damage_taken":0},{"event_name":"Golden Idol","player_choice":"Take Damage","floor":12,"damage_taken":0},{"event_name":"Golden Wing","player_choice":"Card Removal","floor":13,"damage_taken":0},{"event_name":"Mushrooms","player_choice":"Healed and dodged fight","floor":14,"damage_taken":0}],"is_beta":false,"boss_relics":[],"items_purged_floors":[],"is_endless":false,"potions_floor_spawned":[3,10],"killed_by":"Hexaghost","ascension_level":0}