{"gold_per_floor":[112,127,29,204,214,246,246,263,263,85,104,104,119,132,132,230,230,249,249,230,242,142,142,156,156,206,223,9,9,9,28,28,28],"floor_reached":33,"playtime":1630,"items_purged":["Strike_B","Doubt","Parasite"],"score":301,"play_id":"9c325b39-02a5-488b-b8d4-5ed1aa35c4b2","local_time":"20190317114620","is_ascension_mode":false,"campfire_choices":[{"data":"Gash","floor":12,"key":"SMITH"},{"data":"Rip and Tear","floor":15,"key":"SMITH"},{"floor":23,"key":"RECALL"},{"data":"FTL","floor":25,"key":"SMITH"},{"floor":32,"key":"REST"}],"neow_cost":"NONE","seed_source_timestamp":1942741812316618,"circlet_count":0,"master_deck":["Strike_B","Strike_B","Strike_B","Defend_B","Defend_B","Defend_B","Defend_B","Zap","Dualcast","Blind","Gash+1","Go for the Eyes","Gash+1","Leap","Master of Strategy","Rip and Tear+1","Chill+1","FTL+1","Beam Cell","Swift Strike","Echo Form","Glacier+1"],"relics":["Emotion Chip","Meat on the Bone","Cursed Key","Nloth\u0027s Gift"],"potions_floor_usage":[6,8,16,16,24,27],"damage_taken":[{"damage":0,"enemies":"Cultist","floor":1,"turns":3},{"damage":6,"enemies":"2 Louse","floor":2,"turns":2},{"damage":0,"enemies":"Small Slimes","floor":5,"turns":3},{"damage":44,"enemies":"Lagavulin","floor":6,"turns":8},{"damage":18,"enemies":"Exordium Thugs","floor":8,"turns":6},{"damage":0,"enemies":"Blue Slaver","floor":11,"turns":3},{"damage":7,"enemies":"Gremlin Gang","floor":13,"turns":5},{"damage":0,"enemies":"Large Slime","floor":14,"turns":4},{"damage":0,"enemies":"Slime Boss","floor":16,"turns":8},{"damage":20,"enemies":"Chosen","floor":18,"turns":5},{"damage":1,"enemies":"2 Thieves","floor":20,"turns":4},{"damage":15,"enemies":"3 Cultists","floor":21,"turns":8},{"damage":26,"enemies":"Snecko","floor":24,"turns":7},{"damage":0,"enemies":"Chosen and Byrds","floor":27,"turns":6},{"damage":8,"enemies":"3 Cultists","floor":31,"turns":6},{"damage":62,"enemies":"Collector","floor":33,"turns":7}],"seed_played":"-528783725886418982","potions_obtained":[{"floor":5,"key":"Swift Potion"},{"floor":6,"key":"Swift Potion"},{"floor":11,"key":"Dexterity Potion"},{"floor":14,"key":"PowerPotion"},{"floor":16,"key":"LiquidBronze"},{"floor":21,"key":"SkillPotion"},{"floor":27,"key":"EssenceOfSteel"}],"is_trial":false,"path_per_floor":["M","M","$","?","M","E","?","M","T","$","M","R","M","M","R","B",null,"M","?","M","M","$","R","M","R","T","M","$","?","$","M","R","B"],"character_chosen":"DEFECT","items_purchased":["Go for the Eyes","Master of Strategy","Swift Strike"],"campfire_rested":1,"item_purchase_floors":[3,10,28],"current_hp_per_floor":[75,69,69,69,69,25,25,7,7,7,19,19,24,36,36,48,75,55,55,54,39,39,39,25,25,25,37,37,37,37,41,62,0],"gold":28,"neow_bonus":"RANDOM_COLORLESS","is_prod":false,"is_daily":false,"chose_seed":false,"campfire_upgraded":3,"win_rate":0,"timestamp":1552841180,"path_taken":["M","M","?","?","M","E","?","M","T","$","M","R","?","M","R","BOSS","M","?","M","?","$","R","M","R","T","M","$","?","?","?","R","BOSS"],"build_version":"2019-01-23","purchased_purges":3,"victory":false,"max_hp_per_floor":[75,75,75,75,75,75,75,75,75,75,75,75,75,75,75,75,75,75,75,75,75,75,75,75,75,75,75,72,72,72,72,72,72],"card_choices":[{"not_picked":["Streamline","Hologram"],"picked":"Gash","floor":1},{"not_picked":["Doom and Gloom","Reprogram","Conserve Battery"],"picked":"SKIP","floor":2},{"not_picked":["Sweeping Beam","Hologram"],"picked":"Gash","floor":5},{"not_picked":["Conserve Battery","Go for the Eyes","Force Field"],"picked":"SKIP","floor":6},{"not_picked":["Reprogram","Compile Driver"],"picked":"Leap","floor":8},{"not_picked":["Biased Cognition","Turbo","Defragment"],"picked":"SKIP","floor":11},{"not_picked":["Reprogram","Cold Snap","Compile Driver"],"picked":"SKIP","floor":13},{"not_picked":["Auto Shields","Turbo"],"picked":"Rip and Tear","floor":14},{"not_picked":["Recycle","Go for the Eyes"],"picked":"Chill+1","floor":18},{"not_picked":["Blizzard","Redo","Auto Shields"],"picked":"SKIP","floor":20},{"not_picked":["Leap+1","Streamline"],"picked":"FTL","floor":21},{"not_picked":["Rebound","Conserve Battery","Barrage"],"picked":"SKIP","floor":24},{"not_picked":["Steam Power","Streamline+1"],"picked":"Beam Cell","floor":27},{"not_picked":["Compile Driver+1","Hello World+1"],"picked":"Glacier+1","floor":31}],"player_experience":769435,"relics_obtained":[{"floor":6,"key":"Emotion Chip"},{"floor":9,"key":"Meat on the Bone"}],"event_choices":[{"damage_healed":0,"gold_gain":175,"player_choice":"AGREE","damage_taken":0,"max_hp_gain":0,"max_hp_loss":0,"event_name":"Liars Game","floor":4,"gold_loss":0,"cards_obtained":["Doubt"]},{"damage_healed":0,"gold_gain":0,"player_choice":"Forge","damage_taken":0,"max_hp_gain":0,"max_hp_loss":0,"event_name":"Accursed Blacksmith","floor":7,"gold_loss":0,"cards_upgraded":["Gash"]},{"damage_healed":0,"gold_gain":0,"player_choice":"Traded Relic","damage_taken":0,"relics_obtained":["Nloth\u0027s Gift"],"max_hp_gain":0,"max_hp_loss":0,"event_name":"N\u0027loth","floor":19,"relics_lost":["Cracked Core"],"gold_loss":0},{"damage_healed":0,"gold_gain":0,"player_choice":"1 cards matched","damage_taken":0,"max_hp_gain":0,"max_hp_loss":0,"event_name":"Match and Keep!","floor":29,"gold_loss":0,"cards_obtained":["Echo Form"]}],"is_beta":false,"boss_relics":[{"not_picked":["Pandora\u0027s Box","Tiny House"],"picked":"Cursed Key"}],"items_purged_floors":[3,22,28],"is_endless":false,"potions_floor_spawned":[5,6,11,14,16,21,27],"killed_by":"Collector","ascension_level":0}