{"gold_per_floor":[111,111,123,139,149,149,80,80,80,80,91,91,110,110,110,205,205,223,239,6,0,100,100,18,30,30,49,67,67,42,62,62,166,166,184,199,199,199,211,211,225,242,242,242,342,362,362,379,379,379],"floor_reached":51,"playtime":3175,"items_purged":[],"score":643,"play_id":"6bc656f8-e7dc-4d4b-b949-b753c15ec764","local_time":"20181125110931","is_ascension_mode":false,"campfire_choices":[{"data":"Trip","floor":6,"key":"SMITH"},{"data":"Loop","floor":8,"key":"SMITH"},{"data":"Zap","floor":10,"key":"SMITH"},{"data":"Fusion","floor":15,"key":"SMITH"},{"data":"White Noise","floor":23,"key":"SMITH"},{"floor":29,"key":"REST"},{"floor":32,"key":"REST"},{"data":"Storm","floor":40,"key":"SMITH"},{"data":"Storm","floor":44,"key":"SMITH"},{"floor":49,"key":"REST"}],"neow_cost":"NONE","seed_source_timestamp":1111415070214423,"circlet_count":0,"master_deck":["Strike_B","Strike_B","Strike_B","Defend_B","Defend_B","Defend_B","Defend_B","Zap+1","Dualcast","Trip+1","Conserve Battery","Sweeping Beam","Aggregate","Auto Shields","Loop+1","Fusion+1","Ball Lightning","Amplify+1","Compile Driver","White Noise+1","Capacitor","Core Surge","Storm+1","Cold Snap","FTL","Stack+1","Beam Cell","Stack+1","Storm+1","Fission+1","Barrage+1","Reinforced Body+1","Writhe","Defragment+1","Hologram+1","Heatsinks","Multi-Cast+1","White Noise+1","BootSequence+1"],"relics":["FrozenCore","Gambling Chip","Bird Faced Urn","Nuclear Battery","Toxic Egg 2","Kunai","Girya"],"potions_floor_usage":[28,33,41,48,50,50,50,50,50],"damage_taken":[{"damage":1,"enemies":"Jaw Worm","floor":1,"turns":4},{"damage":0,"enemies":"Cultist","floor":3,"turns":3},{"damage":0,"enemies":"2 Louse","floor":4,"turns":1},{"damage":3,"enemies":"Looter","floor":5,"turns":3},{"damage":1,"enemies":"Red Slaver","floor":11,"turns":3},{"damage":7,"enemies":"Blue Slaver","floor":13,"turns":3},{"damage":57,"enemies":"The Guardian","floor":16,"turns":16},{"damage":17,"enemies":"Spheric Guardian","floor":18,"turns":5},{"damage":11,"enemies":"3 Byrds","floor":19,"turns":4},{"damage":21,"enemies":"Snake Plant","floor":25,"turns":4},{"damage":15,"enemies":"3 Cultists","floor":27,"turns":4},{"damage":30,"enemies":"Snecko","floor":28,"turns":7},{"damage":2,"enemies":"Cultist and Chosen","floor":31,"turns":5},{"damage":66,"enemies":"Automaton","floor":33,"turns":12},{"damage":38,"enemies":"Orb Walker","floor":35,"turns":5},{"damage":8,"enemies":"3 Shapes","floor":36,"turns":5},{"damage":19,"enemies":"Sphere and 2 Shapes","floor":39,"turns":8},{"damage":0,"enemies":"Spire Growth","floor":41,"turns":4},{"damage":27,"enemies":"3 Darklings","floor":42,"turns":4},{"damage":19,"enemies":"Mind Bloom Boss Battle","floor":45,"turns":5},{"damage":20,"enemies":"Sphere and 2 Shapes","floor":46,"turns":4},{"damage":9,"enemies":"Spire Growth","floor":48,"turns":3},{"damage":49,"enemies":"Donu and Deca","floor":50,"turns":9}],"seed_played":"3733820970272859831","potions_obtained":[{"floor":1,"key":"EssenceOfSteel"},{"floor":11,"key":"Energy Potion"},{"floor":16,"key":"GamblersBrew"},{"floor":18,"key":"AttackPotion"},{"floor":33,"key":"EntropicBrew"},{"floor":36,"key":"EssenceOfSteel"},{"floor":42,"key":"Ancient Potion"},{"floor":46,"key":"AttackPotion"},{"floor":48,"key":"AttackPotion"}],"is_trial":false,"path_per_floor":["M","?","M","M","M","R","$","R","T","R","M","?","M","?","R","B",null,"M","M","$","?","?","R","$","M","T","M","M","R","$","M","R","B",null,"M","M","?","?","M","R","M","M","T","R","?","M","?","M","R","B",null],"character_chosen":"DEFECT","items_purchased":["Loop","Capacitor","Core Surge","Storm","Cold Snap","Stack+1"],"campfire_rested":3,"item_purchase_floors":[7,20,20,24,24,30],"current_hp_per_floor":[74,74,74,74,71,71,71,71,71,71,72,72,67,67,67,12,75,58,49,49,49,49,49,49,36,36,29,9,31,31,37,59,3,75,45,47,47,66,57,57,69,56,56,56,53,43,43,50,72,38],"gold":379,"neow_bonus":"RANDOM_COLORLESS","is_prod":false,"is_daily":false,"chose_seed":false,"campfire_upgraded":7,"win_rate":0,"timestamp":1543144171,"path_taken":["M","?","M","M","M","R","$","R","T","R","?","?","M","?","R","BOSS","M","M","?","?","?","R","$","?","T","M","?","R","?","M","R","BOSS","M","M","?","?","M","R","M","M","T","R","?","M","?","M","R","BOSS"],"build_version":"2018-11-15","purchased_purges":0,"victory":true,"max_hp_per_floor":[75,75,75,75,75,75,75,75,75,75,75,75,75,75,75,75,75,75,75,75,75,75,75,75,75,75,75,75,75,75,75,75,75,75,75,75,75,75,75,75,75,75,75,75,75,75,75,75,75,75],"card_choices":[{"not_picked":["Ball Lightning","Tempest"],"picked":"Conserve Battery","floor":1},{"not_picked":["Coolheaded","Go for the Eyes"],"picked":"Sweeping Beam","floor":3},{"not_picked":["Beam Cell","Sweeping Beam"],"picked":"Aggregate","floor":4},{"not_picked":["Redo","Go for the Eyes"],"picked":"Auto Shields","floor":5},{"not_picked":["Barrage","Leap"],"picked":"Fusion","floor":11},{"not_picked":["Stack","Redo"],"picked":"Ball Lightning","floor":13},{"not_picked":["Reboot","Biased Cognition"],"picked":"Amplify","floor":16},{"not_picked":["Leap","Cold Snap"],"picked":"Compile Driver","floor":18},{"not_picked":["Double Energy+1","Beam Cell"],"picked":"White Noise","floor":19},{"not_picked":["Streamline+1","Sweeping Beam"],"picked":"FTL","floor":25},{"not_picked":["Compile Driver","Barrage"],"picked":"Stack+1","floor":27},{"not_picked":["Rip and Tear+1","Fusion+1"],"picked":"Beam Cell","floor":28},{"not_picked":["Redo+1","Leap+1"],"picked":"Storm","floor":31},{"not_picked":["Rainbow+1","Amplify+1"],"picked":"Fission+1","floor":33},{"not_picked":["Steam+1","Skim+1"],"picked":"Barrage+1","floor":35},{"not_picked":["Coolheaded+1","Rebound+1"],"picked":"Reinforced Body+1","floor":36},{"not_picked":["Reprogram+1","Steam+1"],"picked":"Defragment+1","floor":39},{"not_picked":["Streamline","Go for the Eyes+1"],"picked":"Hologram+1","floor":41},{"not_picked":["Darkness+1","Auto Shields+1"],"picked":"Heatsinks","floor":42},{"not_picked":["Chill+1","Redo+1"],"picked":"Multi-Cast+1","floor":45},{"not_picked":["Hologram+1","Sweeping Beam+1"],"picked":"White Noise+1","floor":46},{"not_picked":["Sweeping Beam+1","Gash+1"],"picked":"BootSequence+1","floor":48}],"player_experience":753219,"relics_obtained":[{"floor":9,"key":"Bird Faced Urn"},{"floor":26,"key":"Toxic Egg 2"},{"floor":43,"key":"Kunai"},{"floor":45,"key":"Girya"}],"event_choices":[{"damage_healed":0,"gold_gain":0,"player_choice":"Gave Potion","damage_taken":0,"relics_obtained":["Gambling Chip"],"max_hp_gain":0,"max_hp_loss":0,"event_name":"WeMeetAgain","floor":2,"gold_loss":0},{"damage_healed":0,"gold_gain":0,"player_choice":"Ignored","damage_taken":0,"max_hp_gain":0,"max_hp_loss":0,"event_name":"Golden Idol","floor":12,"gold_loss":0},{"cards_removed":["Strike_B"],"damage_healed":0,"gold_gain":0,"player_choice":"Offered Basic","damage_taken":0,"max_hp_gain":0,"max_hp_loss":0,"event_name":"Bonfire Elementals","floor":14,"gold_loss":0},{"damage_healed":0,"gold_gain":0,"player_choice":"Paid Fearfully","damage_taken":0,"max_hp_gain":0,"max_hp_loss":0,"event_name":"Masked Bandits","floor":21,"gold_loss":6},{"damage_healed":0,"gold_gain":100,"player_choice":"Pray","damage_taken":0,"max_hp_gain":0,"max_hp_loss":0,"event_name":"Golden Shrine","floor":22,"gold_loss":0},{"damage_healed":0,"gold_gain":0,"player_choice":"Ignored","damage_taken":0,"max_hp_gain":0,"max_hp_loss":0,"event_name":"Mysterious Sphere","floor":37,"gold_loss":0},{"damage_healed":19,"gold_gain":0,"player_choice":"Writhe","damage_taken":0,"max_hp_gain":0,"max_hp_loss":0,"event_name":"Winding Halls","floor":38,"gold_loss":0,"cards_obtained":["Writhe"]},{"damage_healed":0,"gold_gain":0,"player_choice":"Fight","damage_taken":0,"max_hp_gain":0,"max_hp_loss":0,"event_name":"MindBloom","floor":45,"gold_loss":0},{"damage_healed":0,"gold_gain":0,"player_choice":"Upgraded","damage_taken":0,"max_hp_gain":0,"max_hp_loss":0,"event_name":"Upgrade Shrine","floor":47,"gold_loss":0,"cards_upgraded":["Amplify"]}],"is_beta":false,"boss_relics":[{"not_picked":["White Beast Statue","Sozu"],"picked":"Nuclear Battery"},{"not_picked":["Velvet Choker","Empty Cage"],"picked":"FrozenCore"}],"items_purged_floors":[],"is_endless":false,"potions_floor_spawned":[1,11,16,18,25,33,36,39,42,46,48],"ascension_level":0}