{"gold_per_floor":[116,116,41,56,56,56,69,86,86,86,99,118,118,18,18,122,122,103,123,138,150,150,150,162,162,162,179,179,193,210,54,54,54],"floor_reached":33,"playtime":2117,"items_purged":["Strike_B","Strike_B"],"score":243,"play_id":"2c5e9f7d-1478-41b3-8912-272073daeeb6","local_time":"20180721103302","is_ascension_mode":false,"campfire_choices":[{"data":"Defend_B","floor":6,"key":"SMITH"},{"data":"Defend_B","floor":10,"key":"SMITH"},{"data":"Zap","floor":13,"key":"SMITH"},{"data":"Defend_B","floor":15,"key":"SMITH"},{"floor":23,"key":"REST"},{"floor":25,"key":"REST"},{"floor":32,"key":"REST"}],"neow_cost":"NONE","seed_source_timestamp":1858914913067503,"circlet_count":0,"master_deck":["Strike_B","Strike_B+1","Defend_B+1","Defend_B+1","Defend_B+1","Defend_B+1","Zap+1","Dualcast+1"],"relics":["Cracked Core","Vajra","Busted Crown","Gremlin Horn","Strawberry","DataDisk"],"potions_floor_usage":[16,16,18,20,21,30],"damage_taken":[{"damage":1,"enemies":"Jaw Worm","floor":1,"turns":3},{"damage":0,"enemies":"Cultist","floor":4,"turns":3},{"damage":3,"enemies":"2 Louse","floor":7,"turns":2},{"damage":0,"enemies":"Red Slaver","floor":8,"turns":3},{"damage":0,"enemies":"2 Fungi Beasts","floor":11,"turns":4},{"damage":1,"enemies":"Large Slime","floor":12,"turns":5},{"damage":4,"enemies":"The Guardian","floor":16,"turns":13},{"damage":4,"enemies":"2 Thieves","floor":18,"turns":4},{"damage":0,"enemies":"Shell Parasite","floor":19,"turns":6},{"damage":45,"enemies":"Chosen and Byrds","floor":20,"turns":8},{"damage":0,"enemies":"Centurion and Healer","floor":21,"turns":10},{"damage":19,"enemies":"Snake Plant","floor":24,"turns":5},{"damage":28,"enemies":"Snecko","floor":27,"turns":7},{"damage":12,"enemies":"Centurion and Healer","floor":29,"turns":11},{"damage":12,"enemies":"Snake Plant","floor":30,"turns":4},{"damage":33,"enemies":"Collector","floor":33,"turns":5}],"seed_played":"-2940613474333142341","potions_obtained":[{"floor":1,"key":"Strength Potion"},{"floor":8,"key":"Block Potion"},{"floor":12,"key":"LiquidBronze"},{"floor":16,"key":"SpeedPotion"},{"floor":19,"key":"Regen Potion"},{"floor":29,"key":"Explosive Potion"}],"is_trial":false,"path_per_floor":["M","?","$","M","$","R","M","M","T","R","M","M","R","$","R","B",null,"M","M","M","M","?","R","M","R","T","M","?","M","M","$","R"],"character_chosen":"DEFECT","items_purchased":["DataDisk"],"campfire_rested":3,"item_purchase_floors":[31],"current_hp_per_floor":[74,59,59,59,59,59,56,56,56,56,56,55,55,55,55,51,75,71,71,26,41,41,63,44,66,73,45,29,17,5,5,31,0],"gold":54,"neow_bonus":"UPGRADE_CARD","is_prod":false,"is_daily":false,"chose_seed":false,"campfire_upgraded":4,"win_rate":0,"timestamp":1532165582,"path_taken":["M","?","$","M","?","R","M","M","T","R","M","M","R","$","R","BOSS","M","M","M","M","?","R","M","R","T","M","?","?","M","$","R","BOSS"],"build_version":"2018-07-19v2","purchased_purges":2,"victory":false,"max_hp_per_floor":[75,75,75,75,75,75,75,75,75,75,75,75,75,75,75,75,75,75,75,75,75,75,75,75,75,82,82,87,87,87,87,87,87],"card_choices":[{"not_picked":["Self Repair","Rebound","Hello World"],"picked":"SKIP","floor":1},{"not_picked":["Hologram","Ball Lightning","Aggregate"],"picked":"SKIP","floor":4},{"not_picked":["Auto Shields","Hologram","Steam"],"picked":"SKIP","floor":7},{"not_picked":["Steam","Sweeping Beam","Ball Lightning"],"picked":"SKIP","floor":8},{"not_picked":["Sweeping Beam","Biased Cognition","Recycle"],"picked":"SKIP","floor":11},{"not_picked":["Hologram","Cold Snap","Gash"],"picked":"SKIP","floor":12},{"not_picked":["Undo"],"picked":"SKIP","floor":18},{"not_picked":["Cold Snap"],"picked":"SKIP","floor":19},{"not_picked":["Defragment"],"picked":"SKIP","floor":20},{"not_picked":["Steam"],"picked":"SKIP","floor":21},{"not_picked":["Sweeping Beam"],"picked":"SKIP","floor":24},{"not_picked":["Compile Driver"],"picked":"SKIP","floor":27},{"not_picked":["Consume+1"],"picked":"SKIP","floor":29},{"not_picked":["Turbo"],"picked":"SKIP","floor":30}],"player_experience":146633,"relics_obtained":[{"floor":9,"key":"Vajra"},{"floor":26,"key":"Strawberry"}],"event_choices":[{"event_name":"Shining Light","player_choice":"Entered Light","floor":2,"damage_taken":0},{"event_name":"The Mausoleum","player_choice":"Yes","floor":22,"damage_taken":0},{"event_name":"Forgotten Altar","player_choice":"Shed Blood","floor":28,"damage_taken":0}],"is_beta":false,"boss_relics":[{"not_picked":["Orrery","Lizard Tail"],"picked":"Busted Crown"}],"items_purged_floors":[3,14],"is_endless":false,"potions_floor_spawned":[1,8,12,16,19,29],"killed_by":"Collector","ascension_level":0}