{"gold_per_floor":[119,44,62,62,74,74,74,94,94,94,94,94,94,110,110,238,238,261,261,261,251,267,267,267,310,364,264,264,285,160,175,175,304,304,327,177,195,195,214,214,239,239,239,283,193,216,15,36,36,36],"floor_reached":51,"playtime":3164,"items_purged":["Defend_R","Demon Form","Juggernaut","Disarm"],"score":812,"play_id":"8f86d7b4-12b3-43b4-9cd6-a717dab9e4db","local_time":"20190206175021","is_ascension_mode":false,"campfire_choices":[{"data":"Bash","floor":6.0,"key":"SMITH"},{"data":"Strike_R","floor":10.0,"key":"SMITH"},{"data":"Shrug It Off","floor":15.0,"key":"SMITH"},{"floor":24.0,"key":"REST"},{"floor":28.0,"key":"REST"},{"data":"Clash","floor":32.0,"key":"SMITH"},{"floor":40.0,"key":"REST"},{"floor":42.0,"key":"REST"},{"floor":49,"key":"REST"}],"neow_cost":"NONE","seed_source_timestamp":0,"circlet_count":0,"master_deck":["Bash+1","Shrug It Off+1","Dropkick+1","Clash+1","Inflame"],"special_seed":0,"relics":["Burning Blood","War Paint","Golden Idol","Pandora\u0027s Box","Pantograph","Blood Vial","Runic Cube","Shovel","Art of War","TheAbacus"],"potions_floor_usage":[48,50,50],"damage_taken":[{"damage":6.0,"enemies":"Cultist","floor":1.0,"turns":3.0},{"damage":3.0,"enemies":"2 Louse","floor":3.0,"turns":2.0},{"damage":2.0,"enemies":"Small Slimes","floor":5.0,"turns":3.0},{"damage":12.0,"enemies":"Gremlin Gang","floor":8.0,"turns":5.0},{"damage":4.0,"enemies":"Blue Slaver","floor":14.0,"turns":3.0},{"damage":64.0,"enemies":"Hexaghost","floor":16.0,"turns":11.0},{"damage":8.0,"enemies":"Shell Parasite","floor":18.0,"turns":6.0},{"damage":25.0,"enemies":"2 Thieves","floor":21.0,"turns":4.0},{"damage":6.0,"enemies":"Snecko","floor":22.0,"turns":3.0},{"damage":41.0,"enemies":"Book of Stabbing","floor":25.0,"turns":8.0},{"damage":10.0,"enemies":"Snake Plant","floor":29.0,"turns":5.0},{"damage":13.0,"enemies":"Centurion and Healer","floor":31.0,"turns":4.0},{"damage":40.0,"enemies":"Champ","floor":33.0,"turns":10.0},{"damage":23.0,"enemies":"3 Shapes","floor":35.0,"turns":4.0},{"damage":24.0,"enemies":"3 Darklings","floor":37.0,"turns":6.0},{"damage":38.0,"enemies":"Jaw Worm Horde","floor":39.0,"turns":5.0},{"damage":21.0,"enemies":"4 Shapes","floor":41.0,"turns":7.0},{"damage":49.0,"enemies":"Giant Head","floor":44.0,"turns":10.0},{"damage":0,"enemies":"3 Darklings","floor":46,"turns":6},{"damage":0,"enemies":"Spire Growth","floor":48,"turns":4},{"damage":62,"enemies":"Time Eater","floor":50,"turns":14}],"seed_played":"1548111295484812922","potions_obtained":[{"floor":0.0,"key":"AttackPotion"},{"floor":0.0,"key":"LiquidBronze"},{"floor":0.0,"key":"FairyPotion"},{"floor":3.0,"key":"Weak Potion"},{"floor":8.0,"key":"LiquidBronze"},{"floor":14.0,"key":"Ancient Potion"},{"floor":22.0,"key":"EssenceOfSteel"},{"floor":25.0,"key":"SkillPotion"},{"floor":31.0,"key":"Strength Potion"},{"floor":35.0,"key":"Swift Potion"},{"floor":37.0,"key":"Weak Potion"},{"floor":44.0,"key":"Block Potion"},{"floor":46,"key":"Ancient Potion"},{"floor":48,"key":"EssenceOfSteel"}],"is_trial":false,"path_per_floor":["M","$","M","?","M","R","?","M","T","R","?","?","?","M","R","B",null,"M","?","?","M","M","?","R","E","T","$","R","M","$","M","R","B",null,"M","$","M","?","M","R","M","R","T","E","?","M","$","M","R","B",null],"character_chosen":"IRONCLAD","items_purchased":["TheAbacus"],"campfire_rested":5,"item_purchase_floors":[47],"current_hp_per_floor":[80,80,80,80,80,80,80,74,74,74,74,74,59,61,61,13,74,72,58,58,39,39,39,62,27,27,27,50,48,48,43,43,36,79,62,62,46,46,16,39,26,49,49,8,8,16,16,24,47,18],"gold":36,"neow_bonus":"THREE_SMALL_POTIONS","is_prod":false,"is_daily":false,"chose_seed":false,"campfire_upgraded":4,"win_rate":0,"timestamp":1549497021,"path_taken":["M","$","M","?","M","R","?","?","T","R","?","?","?","M","R","BOSS","M","?","?","M","?","?","R","E","T","$","R","M","$","M","R","BOSS","M","$","M","?","M","R","M","R","T","E","?","?","$","M","R","BOSS"],"build_version":"2019-01-23","purchased_purges":4,"victory":true,"max_hp_per_floor":[80,80,80,80,80,80,80,80,80,80,80,74,74,74,74,74,74,74,79,79,79,79,79,79,79,79,79,79,79,79,79,79,79,79,79,79,79,79,79,79,79,79,79,79,79,79,79,79,79,79],"card_choices":[{"not_picked":["Perfected Strike","Heavy Blade","Rupture"],"picked":"SKIP","floor":1.0},{"not_picked":["Pummel","Combust","Sword Boomerang"],"picked":"SKIP","floor":3.0},{"not_picked":["Clothesline","Brutality","Fire Breathing"],"picked":"SKIP","floor":5.0},{"not_picked":["Havoc","Wild Strike","Perfected Strike"],"picked":"SKIP","floor":8.0},{"not_picked":["Anger","Flex"],"picked":"Shrug It Off","floor":14.0},{"not_picked":["Thunderclap","Searing Blow","Sword Boomerang+1"],"picked":"SKIP","floor":18.0},{"not_picked":["Rupture","Warcry","Combust+1"],"picked":"SKIP","floor":21.0},{"not_picked":["Headbutt","Power Through","Burning Pact"],"picked":"SKIP","floor":22.0},{"not_picked":["Armaments","Cleave+1","Clash"],"picked":"SKIP","floor":25.0},{"not_picked":["Power Through","Havoc","Sword Boomerang"],"picked":"SKIP","floor":29.0},{"not_picked":["Flex","Seeing Red+1","Sword Boomerang"],"picked":"SKIP","floor":31.0},{"not_picked":["Metallicize+1","Pommel Strike","Shrug It Off+1"],"picked":"SKIP","floor":35.0},{"not_picked":["Sentinel+1","Battle Trance","Armaments+1"],"picked":"SKIP","floor":37.0},{"not_picked":["Pommel Strike+1","Heavy Blade","Flex"],"picked":"SKIP","floor":39.0},{"not_picked":["Burning Pact+1","Twin Strike","Shrug It Off+1"],"picked":"SKIP","floor":41.0},{"not_picked":["Iron Wave","Perfected Strike+1","Dark Embrace"],"picked":"SKIP","floor":44.0},{"not_picked":["Sever Soul+1","Sword Boomerang+1","Headbutt+1"],"picked":"SKIP","floor":46},{"not_picked":["Sever Soul+1","Sword Boomerang+1","Headbutt+1"],"picked":"SKIP","floor":46},{"not_picked":["True Grit+1","Pommel Strike"],"picked":"Inflame","floor":48}],"player_experience":721864,"relics_obtained":[{"floor":9.0,"key":"War Paint"},{"floor":25.0,"key":"Pantograph"},{"floor":26.0,"key":"Blood Vial"},{"floor":43.0,"key":"Shovel"},{"floor":44.0,"key":"Art of War"}],"event_choices":[{"damage_healed":0.0,"max_hp_gain":0.0,"max_hp_loss":0.0,"gold_gain":0.0,"event_name":"Scrap Ooze","player_choice":"Fled","floor":4.0,"gold_loss":0.0,"damage_taken":0.0},{"cards_removed":["Strike_R"],"damage_healed":0.0,"max_hp_gain":0.0,"max_hp_loss":0.0,"gold_gain":0.0,"event_name":"Purifier","player_choice":"Purged","floor":7.0,"gold_loss":0.0,"damage_taken":0.0},{"cards_removed":["Defend_R"],"damage_healed":0.0,"max_hp_gain":0.0,"max_hp_loss":0.0,"gold_gain":0.0,"event_name":"Living Wall","player_choice":"Forget","floor":11.0,"gold_loss":0.0,"damage_taken":0.0},{"damage_healed":0.0,"max_hp_gain":0.0,"max_hp_loss":6.0,"gold_gain":0.0,"event_name":"Golden Idol","player_choice":"Lose Max HP","floor":12.0,"gold_loss":0.0,"damage_taken":0.0,"relics_obtained":["Golden Idol"]},{"damage_healed":0.0,"max_hp_gain":0.0,"max_hp_loss":0.0,"gold_gain":0.0,"event_name":"Shining Light","player_choice":"Entered Light","floor":13.0,"gold_loss":0.0,"damage_taken":15.0,"cards_upgraded":["Strike_R","Strike_R"]},{"damage_healed":0.0,"max_hp_gain":5.0,"max_hp_loss":0.0,"gold_gain":0.0,"event_name":"Forgotten Altar","player_choice":"Shed Blood","floor":19.0,"gold_loss":0.0,"damage_taken":19.0},{"damage_healed":0.0,"max_hp_gain":0.0,"max_hp_loss":0.0,"gold_gain":0.0,"event_name":"The Woman in Blue","player_choice":"Bought 0 Potions","floor":20.0,"gold_loss":0.0,"damage_taken":0.0},{"damage_healed":0.0,"max_hp_gain":0.0,"max_hp_loss":0.0,"gold_gain":0.0,"event_name":"Vampires","player_choice":"Ignored","floor":23.0,"gold_loss":0.0,"damage_taken":0.0},{"damage_healed":0.0,"max_hp_gain":0.0,"max_hp_loss":0.0,"gold_gain":0.0,"event_name":"SensoryStone","player_choice":"Memory 1","floor":38.0,"gold_loss":0.0,"damage_taken":0.0},{"cards_removed":["Fire Breathing"],"damage_healed":0.0,"max_hp_gain":0.0,"max_hp_loss":0.0,"gold_gain":0.0,"event_name":"Designer","player_choice":"Upgrade and Remove","floor":45.0,"gold_loss":90.0,"damage_taken":0.0,"cards_upgraded":["Dropkick"]}],"is_beta":false,"boss_relics":[{"not_picked":["Velvet Choker","Fusion Hammer"],"picked":"Pandora\u0027s Box"},{"not_picked":["Mark of Pain","Astrolabe"],"picked":"Runic Cube"}],"items_purged_floors":[2,27,30,36],"is_endless":false,"potions_floor_spawned":[3,8,14,22,25,31,35,37,44,46,48],"ascension_level":0}