{"gold_per_floor":[114,129,129,129,129,129,144,144,169,184,199,159,174,27,27,127,127,142,48,63,63,63,63,0,15,15,15,30,30,45,60,60,60],"floor_reached":33,"playtime":1511,"items_purged":[],"score":264,"play_id":"65072ed2-68a9-4c97-8ce4-77f7c60080b4","local_time":"20181023180458","daily_mods":["Specialized","Time Dilation","Night Terrors"],"is_ascension_mode":false,"campfire_choices":[{"data":"Fiend Fire","floor":6,"key":"SMITH"},{"data":"Spot Weakness","floor":8,"key":"SMITH"},{"data":"Exhume","floor":15,"key":"SMITH"},{"floor":23,"key":"REST"},{"data":"Fiend Fire","floor":27,"key":"SMITH"},{"data":"Fiend Fire","floor":29,"key":"SMITH"},{"data":"Shrug It Off","floor":32,"key":"SMITH"}],"neow_cost":"","seed_source_timestamp":0,"circlet_count":0,"master_deck":["Strike_R","Strike_R","Strike_R","Strike_R","Strike_R","Defend_R","Defend_R","Defend_R","Defend_R","Bash","Fiend Fire+1","Fiend Fire+1","Fiend Fire+1","Fiend Fire","Fiend Fire","Flex+1","Iron Wave","Spot Weakness+1","Flex","Iron Wave","Evolve","Cleave","Feel No Pain","Exhume+1","Demon Form","Evolve","Iron Wave","Shockwave","Thunderclap","Demon Form","Seeing Red","Shrug It Off+1","Flame Barrier","Anger"],"special_seed":17827,"relics":["Burning Blood","PreservedInsect","Mark of Pain","Self Forming Clay"],"potions_floor_usage":[33,33],"damage_taken":[{"damage":8,"enemies":"Jaw Worm","floor":1,"turns":3},{"damage":1,"enemies":"2 Louse","floor":2,"turns":2},{"damage":0,"enemies":"Small Slimes","floor":7,"turns":2},{"damage":13,"enemies":"2 Fungi Beasts","floor":10,"turns":3},{"damage":0,"enemies":"Large Slime","floor":11,"turns":3},{"damage":10,"enemies":"Lots of Slimes","floor":13,"turns":4},{"damage":50,"enemies":"Hexaghost","floor":16,"turns":8},{"damage":29,"enemies":"2 Thieves","floor":18,"turns":4},{"damage":22,"enemies":"Spheric Guardian","floor":20,"turns":4},{"damage":9,"enemies":"Centurion and Healer","floor":25,"turns":4},{"damage":15,"enemies":"Snake Plant","floor":28,"turns":3},{"damage":10,"enemies":"Snecko","floor":30,"turns":4},{"damage":10,"enemies":"Centurion and Healer","floor":31,"turns":7},{"damage":59,"enemies":"Collector","floor":33,"turns":7}],"seed_played":"6411126748383649417","potions_obtained":[{"floor":1,"key":"Dexterity Potion"},{"floor":7,"key":"Fire Potion"},{"floor":11,"key":"SpeedPotion"},{"floor":31,"key":"PowerPotion"}],"is_trial":false,"path_per_floor":["M","M","?","?","$","R","M","R","T","M","M","$","M","$","R","B",null,"M","$","M","?","?","R","?","M","T","R","M","R","M","M","R"],"character_chosen":"IRONCLAD","items_purchased":["Evolve","Feel No Pain","Exhume","Iron Wave","Shockwave"],"campfire_rested":1,"item_purchase_floors":[12,14,14,19,19],"current_hp_per_floor":[78,80,80,80,80,80,80,80,80,73,79,79,75,75,75,31,80,57,57,41,41,41,75,75,72,72,72,63,63,59,55,55,0],"gold":60,"neow_bonus":"","is_prod":false,"is_daily":true,"chose_seed":false,"campfire_upgraded":6,"win_rate":0,"timestamp":1540314298,"path_taken":["M","M","?","?","$","R","?","R","T","M","M","$","M","?","R","BOSS","M","$","M","?","?","R","?","M","T","R","M","R","M","M","R","BOSS"],"build_version":"2018-10-18","purchased_purges":0,"victory":false,"max_hp_per_floor":[80,80,80,80,80,80,80,80,80,80,80,80,80,80,80,80,80,80,80,80,80,80,75,75,75,75,75,75,75,75,75,75,75],"card_choices":[{"not_picked":["Shrug It Off","Body Slam"],"picked":"Flex","floor":1},{"not_picked":["Rupture","Body Slam"],"picked":"Iron Wave","floor":2},{"not_picked":["Shrug It Off","Metallicize"],"picked":"Spot Weakness","floor":7},{"not_picked":["Thunderclap","Entrench"],"picked":"Flex","floor":10},{"not_picked":["Dropkick","Searing Blow"],"picked":"Iron Wave","floor":11},{"not_picked":["Headbutt","Sword Boomerang"],"picked":"Cleave","floor":13},{"not_picked":["Dark Embrace","Offering"],"picked":"Demon Form","floor":16},{"not_picked":["Uppercut+1","Clothesline"],"picked":"Evolve","floor":18},{"not_picked":["Iron Wave","Havoc+1"],"picked":"Thunderclap","floor":20},{"not_picked":["Anger","Whirlwind+1"],"picked":"Seeing Red","floor":25},{"not_picked":["Double Tap","Rage"],"picked":"Shrug It Off","floor":28},{"not_picked":["Thunderclap+1","Rampage+1"],"picked":"Flame Barrier","floor":30},{"not_picked":["Iron Wave","Second Wind+1"],"picked":"Anger","floor":31}],"player_experience":620168,"relics_obtained":[{"floor":9,"key":"PreservedInsect"},{"floor":26,"key":"Self Forming Clay"}],"event_choices":[{"damage_healed":0,"gold_gain":0,"player_choice":"Grow","damage_taken":0,"max_hp_gain":0,"max_hp_loss":0,"event_name":"Living Wall","floor":3,"gold_loss":0,"cards_upgraded":["Flex"]},{"damage_healed":0,"gold_gain":0,"player_choice":"Ignored","damage_taken":0,"max_hp_gain":0,"max_hp_loss":0,"event_name":"Golden Wing","floor":4,"gold_loss":0},{"damage_healed":0,"gold_gain":0,"player_choice":"Ignored","damage_taken":0,"max_hp_gain":0,"max_hp_loss":0,"event_name":"Ghosts","floor":21,"gold_loss":0},{"damage_healed":0,"gold_gain":0,"player_choice":"Copied","damage_taken":0,"max_hp_gain":0,"max_hp_loss":0,"event_name":"Duplicator","floor":22,"gold_loss":0,"cards_obtained":["Demon Form"]},{"damage_healed":0,"gold_gain":0,"player_choice":"Paid Fearfully","damage_taken":0,"max_hp_gain":0,"max_hp_loss":0,"event_name":"Masked Bandits","floor":24,"gold_loss":63}],"is_beta":false,"boss_relics":[{"not_picked":["Tiny House","Sozu"],"picked":"Mark of Pain"}],"items_purged_floors":[],"is_endless":false,"potions_floor_spawned":[1,7,11,18,31],"killed_by":"Collector","ascension_level":0}