{"gold_per_floor":[111,111,123,88,88,122,122,14,14,32,46,58,90,105,105,207,207,221,130,145,165,165,165,114,114,114,114,133,144,144,160,160,160],"floor_reached":33,"playtime":1323,"items_purged":[],"score":284,"play_id":"eac8991e-6638-420e-9532-3bcb84d61560","local_time":"20190324034333","is_ascension_mode":false,"campfire_choices":[{"data":"Limit Break","floor":15,"key":"SMITH"},{"floor":23,"key":"REST"},{"floor":25,"key":"REST"},{"floor":30,"key":"REST"},{"data":"Flame Barrier","floor":32,"key":"SMITH"}],"neow_cost":"NONE","seed_source_timestamp":937071008955120,"circlet_count":0,"master_deck":["Strike_R","Strike_R+1","Strike_R+1","Strike_R","Strike_R+1","Defend_R+1","Defend_R","Defend_R","Defend_R","Bash","Evolve","Limit Break+1","Inflame","Dropkick","Inflame","Flame Barrier+1","Uppercut","Pummel","Impervious","Offering","Battle Trance","Disarm","Shrug It Off","Heavy Blade"],"relics":["Burning Blood","NeowsBlessing","Pantograph","Whetstone","Mercury Hourglass","Shovel","Lizard Tail","Shuriken","Kunai"],"potions_floor_usage":[13,21,21,28,31,33],"damage_taken":[{"damage":0,"enemies":"Jaw Worm","floor":1,"turns":1},{"damage":0,"enemies":"2 Louse","floor":3,"turns":1},{"damage":0,"enemies":"3 Sentries","floor":6,"turns":2},{"damage":0,"enemies":"Small Slimes","floor":10,"turns":2},{"damage":7,"enemies":"Blue Slaver","floor":11,"turns":3},{"damage":8,"enemies":"Exordium Thugs","floor":12,"turns":3},{"damage":12,"enemies":"Gremlin Nob","floor":13,"turns":3},{"damage":13,"enemies":"Gremlin Gang","floor":14,"turns":3},{"damage":26,"enemies":"The Guardian","floor":16,"turns":12},{"damage":11,"enemies":"Chosen","floor":18,"turns":5},{"damage":40,"enemies":"Spheric Guardian","floor":20,"turns":7},{"damage":20,"enemies":"Cultist and Chosen","floor":21,"turns":7},{"damage":40,"enemies":"Centurion and Healer","floor":28,"turns":9},{"damage":6,"enemies":"Snake Plant","floor":29,"turns":5},{"damage":14,"enemies":"Snecko","floor":31,"turns":6},{"damage":183,"enemies":"Automaton","floor":33,"turns":16}],"seed_played":"-1699231667049386920","potions_obtained":[{"floor":11,"key":"Strength Potion"},{"floor":12,"key":"Poison Potion"},{"floor":14,"key":"Strength Potion"},{"floor":16,"key":"Ancient Potion"},{"floor":20,"key":"Block Potion"},{"floor":29,"key":"Swift Potion"},{"floor":31,"key":"BloodPotion"}],"is_trial":false,"path_per_floor":["M","?","M","?","?","E","$","$","T","M","M","M","E","M","R","B",null,"M","?","M","M","?","R","$","R","T","$","M","M","R","M","R","B"],"character_chosen":"IRONCLAD","items_purchased":["Inflame","Dropkick","Shrug It Off"],"campfire_rested":3,"item_purchase_floors":[8,8,24],"current_hp_per_floor":[80,64,70,80,68,74,74,74,74,80,79,77,71,64,64,60,80,75,75,41,27,27,51,51,75,75,75,41,41,65,57,57,0],"gold":160,"neow_bonus":"THREE_ENEMY_KILL","is_prod":false,"is_daily":false,"chose_seed":false,"campfire_upgraded":2,"win_rate":0,"timestamp":1553408013,"path_taken":["M","?","M","?","?","E","?","$","T","M","?","M","E","M","R","BOSS","M","?","M","?","?","R","$","R","T","$","M","M","R","M","R","BOSS"],"build_version":"2019-03-15","purchased_purges":0,"victory":false,"max_hp_per_floor":[80,80,80,80,80,80,80,80,80,80,80,80,80,80,80,80,80,80,80,80,80,80,80,80,80,80,80,80,80,80,80,80,80],"card_choices":[{"not_picked":["Iron Wave","Armaments","Twin Strike"],"picked":"SKIP","floor":1},{"not_picked":["Metallicize","Warcry"],"picked":"Evolve","floor":3},{"not_picked":["Bloodletting","Flex"],"picked":"Limit Break","floor":6},{"not_picked":["Pummel","Wild Strike"],"picked":"Inflame","floor":10},{"not_picked":["Metallicize","Body Slam"],"picked":"Flame Barrier","floor":11},{"not_picked":["Heavy Blade","Wild Strike"],"picked":"Uppercut","floor":12},{"not_picked":["Clothesline","Anger"],"picked":"Pummel","floor":13},{"not_picked":["Second Wind","Infernal Blade"],"picked":"Impervious","floor":14},{"not_picked":["Dark Embrace","Fiend Fire"],"picked":"Offering","floor":16},{"not_picked":["Headbutt","Warcry"],"picked":"Battle Trance","floor":18},{"not_picked":["Carnage","Flex","Warcry+1"],"picked":"SKIP","floor":20},{"not_picked":["Dual Wield","Perfected Strike"],"picked":"Disarm","floor":21},{"not_picked":["Iron Wave","Warcry+1","Uppercut"],"picked":"SKIP","floor":28},{"not_picked":["Disarm+1","Hemokinesis","Iron Wave"],"picked":"SKIP","floor":29},{"not_picked":["Burning Pact+1","Battle Trance"],"picked":"Heavy Blade","floor":31}],"player_experience":759837,"relics_obtained":[{"floor":6,"key":"Whetstone"},{"floor":9,"key":"Mercury Hourglass"},{"floor":13,"key":"Shovel"},{"floor":26,"key":"Kunai"}],"event_choices":[{"damage_healed":0,"gold_gain":0,"player_choice":"Entered Light","damage_taken":16,"max_hp_gain":0,"max_hp_loss":0,"event_name":"Shining Light","floor":2,"gold_loss":0,"cards_upgraded":["Defend_R","Strike_R"]},{"damage_healed":20,"gold_gain":0,"player_choice":"Healed","damage_taken":0,"max_hp_gain":0,"max_hp_loss":0,"event_name":"The Cleric","floor":4,"gold_loss":35},{"damage_healed":0,"gold_gain":0,"player_choice":"Success","damage_taken":12,"relics_obtained":["Pantograph"],"max_hp_gain":0,"max_hp_loss":0,"event_name":"Scrap Ooze","floor":5,"gold_loss":0},{"damage_healed":0,"gold_gain":0,"player_choice":"Paid Gold","damage_taken":0,"relics_obtained":["Shuriken"],"max_hp_gain":0,"max_hp_loss":0,"event_name":"WeMeetAgain","floor":19,"gold_loss":91},{"damage_healed":0,"gold_gain":0,"player_choice":"Ignored","damage_taken":0,"max_hp_gain":0,"max_hp_loss":0,"event_name":"Ghosts","floor":22,"gold_loss":0}],"is_beta":true,"boss_relics":[{"not_picked":["Runic Dome","Pandora\u0027s Box"],"picked":"Lizard Tail"}],"items_purged_floors":[],"is_endless":false,"potions_floor_spawned":[11,12,14,16,20,29,31],"killed_by":"Automaton","ascension_level":0}