{"gold_per_floor":[117,127,144,6,6,6,6,6,31,19,47,63,63],"floor_reached":13,"playtime":1170,"items_purged":[],"score":85,"play_id":"f87500b1-d2d0-4041-87a5-4307c4782567","local_time":"20190328005016","is_ascension_mode":false,"campfire_choices":[{"data":"Beam Cell","floor":6.0,"key":"SMITH"},{"floor":8.0,"key":"RECALL"}],"neow_cost":"NONE","seed_source_timestamp":0,"circlet_count":0,"master_deck":["Strike_B","Strike_B","Strike_B","Strike_B","Defend_B","Defend_B","Defend_B","Defend_B","Zap","Dualcast","Cold Snap","Thunder Strike","Conserve Battery","Buffer"],"special_seed":0,"relics":["Snecko Eye","Meat on the Bone","Regal Pillow","Omamori","Oddly Smooth Stone"],"potions_floor_usage":[10,13],"damage_taken":[{"damage":4.0,"enemies":"Cultist","floor":1.0,"turns":4.0},{"damage":7.0,"enemies":"2 Louse","floor":2.0,"turns":3.0},{"damage":0.0,"enemies":"Small Slimes","floor":3.0,"turns":3.0},{"damage":18,"enemies":"Exordium Thugs","floor":10,"turns":4},{"damage":19,"enemies":"3 Sentries","floor":11,"turns":9},{"damage":0,"enemies":"Blue Slaver","floor":12,"turns":5},{"damage":41,"enemies":"Gremlin Gang","floor":13,"turns":7}],"seed_played":"-4575971588016624795","potions_obtained":[{"floor":2.0,"key":"EssenceOfSteel"},{"floor":3.0,"key":"GamblersBrew"},{"floor":10,"key":"Ancient Potion"}],"is_trial":false,"path_per_floor":["M","M","M","$","T","R","?","R","T","M","E","M","M"],"character_chosen":"DEFECT","items_purchased":["Thunder Strike"],"campfire_rested":0,"item_purchase_floors":[4],"current_hp_per_floor":[71,64,64,64,64,64,64,64,64,46,39,39,0],"gold":63,"neow_bonus":"BOSS_RELIC","is_prod":false,"is_daily":false,"chose_seed":false,"campfire_upgraded":1,"win_rate":0,"timestamp":1553743216,"path_taken":["M","M","M","$","?","R","?","R","T","M","E","M","M"],"build_version":"2019-03-15","purchased_purges":0,"victory":false,"max_hp_per_floor":[75,75,75,75,75,75,75,75,75,75,75,75,75],"card_choices":[{"not_picked":["Barrage","Sweeping Beam"],"picked":"Cold Snap","floor":1.0},{"not_picked":["Lockon","Capacitor"],"picked":"Beam Cell","floor":2.0},{"not_picked":["Compile Driver","Turbo","White Noise"],"picked":"SKIP","floor":3.0},{"not_picked":["Rebound","Steam"],"picked":"Conserve Battery","floor":10},{"not_picked":["Beam Cell","Chill"],"picked":"Buffer","floor":11},{"not_picked":["Ball Lightning","Barrage","Gash"],"picked":"SKIP","floor":12}],"player_experience":783958,"relics_obtained":[{"floor":5.0,"key":"Meat on the Bone"},{"floor":9.0,"key":"Omamori"},{"floor":11,"key":"Oddly Smooth Stone"}],"event_choices":[{"cards_removed":["Beam Cell"],"damage_healed":0.0,"max_hp_gain":0.0,"max_hp_loss":0.0,"gold_gain":0.0,"event_name":"WeMeetAgain","player_choice":"Gave Card","floor":7.0,"gold_loss":0.0,"damage_taken":0.0,"relics_obtained":["Regal Pillow"]}],"is_beta":true,"boss_relics":[],"items_purged_floors":[],"is_endless":false,"potions_floor_spawned":[2,3,10],"killed_by":"Gremlin Gang","ascension_level":0}