{"gold_per_floor":[117,130,141,141,157,157,232,232,232,232,243,243,152,162,162,267,317,329,329,83,103,103,103,103],"floor_reached":24,"playtime":1264,"items_purged":[],"score":248,"play_id":"6b47a0fc-06ee-467d-86fa-3162364294ea","local_time":"20180819005119","is_ascension_mode":true,"campfire_choices":[{"data":"Heavy Blade","floor":6,"key":"SMITH"},{"data":"Intimidate","floor":8,"key":"SMITH"},{"floor":10,"key":"REST"},{"data":"Enlightenment","floor":15,"key":"SMITH"},{"floor":23,"key":"REST"}],"neow_cost":"NONE","seed_source_timestamp":4330463164696890,"circlet_count":0,"master_deck":["Defend_R","Defend_R","Defend_R","Defend_R","Bash","Headbutt","Dual Wield+1","Headbutt","Intimidate+1","Heavy Blade+1","Dark Embrace","Enlightenment+1","Evolve+1","Barricade","Cleave","Shrug It Off+1","Bite","Bite","Bite","Bite","Bite","Apotheosis","Fire Breathing","Shockwave"],"relics":["Burning Blood","Mercury Hourglass","Pantograph","Tiny House"],"potions_floor_usage":[],"damage_taken":[{"damage":11,"enemies":"Jaw Worm","floor":1,"turns":4},{"damage":1,"enemies":"Cultist","floor":2,"turns":4},{"damage":10,"enemies":"Small Slimes","floor":3,"turns":3},{"damage":12,"enemies":"Looter","floor":5,"turns":4},{"damage":12,"enemies":"Blue Slaver","floor":11,"turns":4},{"damage":0,"enemies":"Exordium Thugs","floor":14,"turns":4},{"damage":39,"enemies":"Slime Boss","floor":16,"turns":9},{"damage":53,"enemies":"3 Byrds","floor":18,"turns":5},{"damage":33,"enemies":"Spheric Guardian","floor":21,"turns":5},{"damage":52,"enemies":"Snecko","floor":24,"turns":5}],"seed_played":"-3139466669870614528","potions_obtained":[{"floor":1,"key":"SteroidPotion"},{"floor":17,"key":"Explosive Potion"},{"floor":22,"key":"EntropicBrew"}],"is_trial":false,"path_per_floor":["M","M","M","?","M","R","?","R","T","R","M","T","$","M","R","B",null,"M","?","$","M","?","R"],"character_chosen":"IRONCLAD","items_purchased":["Enlightenment","Apotheosis","Fire Breathing"],"campfire_rested":2,"item_purchase_floors":[13,20,20],"current_hp_per_floor":[75,80,76,76,70,70,59,59,59,80,74,74,74,80,80,47,85,38,38,38,26,26,43,0],"gold":103,"neow_bonus":"THREE_CARDS","is_prod":false,"is_daily":false,"chose_seed":false,"campfire_upgraded":3,"win_rate":0,"timestamp":1534636279,"path_taken":["M","M","M","?","M","R","?","R","T","R","M","?","?","M","R","BOSS","M","?","$","M","?","R","M"],"build_version":"2018-08-16","purchased_purges":0,"victory":false,"max_hp_per_floor":[80,80,80,80,80,80,80,80,80,80,80,80,80,80,80,80,85,85,59,59,59,59,59,59],"card_choices":[{"not_picked":["Power Through","Warcry"],"picked":"Headbutt","floor":0},{"not_picked":["Intimidate","Flex"],"picked":"Dual Wield","floor":1},{"not_picked":["Havoc","Carnage"],"picked":"Headbutt","floor":2},{"not_picked":["Headbutt","Uppercut"],"picked":"Intimidate","floor":3},{"not_picked":["Sword Boomerang","Searing Blow"],"picked":"Heavy Blade","floor":5},{"not_picked":["Perfected Strike","Body Slam"],"picked":"Dark Embrace","floor":11},{"not_picked":["Cleave","Uppercut"],"picked":"Evolve","floor":14},{"not_picked":["Feed","Limit Break"],"picked":"Barricade","floor":16},{"not_picked":["Carnage","Burning Pact"],"picked":"Cleave","floor":17},{"not_picked":["Wild Strike","Perfected Strike"],"picked":"Shrug It Off+1","floor":18},{"not_picked":["Cleave","Twin Strike+1"],"picked":"Shockwave","floor":21}],"player_experience":403217,"relics_obtained":[{"floor":9,"key":"Mercury Hourglass"},{"floor":12,"key":"Pantograph"}],"event_choices":[{"event_name":"Accursed Blacksmith","player_choice":"Forge","floor":4,"damage_taken":0},{"event_name":"World of Goop","player_choice":"Gather Gold","floor":7,"damage_taken":0},{"event_name":"Vampires","player_choice":"Became a vampire","floor":19,"damage_taken":0},{"event_name":"The Lab","player_choice":"Got Potions","floor":22,"damage_taken":0}],"is_beta":false,"boss_relics":[{"not_picked":["Velvet Choker","Runic Dome"],"picked":"Tiny House"}],"items_purged_floors":[],"is_endless":false,"potions_floor_spawned":[1],"killed_by":"Snecko","ascension_level":4}