{"gold_per_floor":[114,40,40,115,130,130,145,145,220,235,155,155,170,170,170,270,270,285,305,332,48,63,63,93,108,108,123,123,138,138,153,153,253,253,268,268,268,313,328,358,358,408,483,483,114,114,144,159,159,159],"floor_reached":51,"playtime":4688,"items_purged":[],"score":992,"play_id":"3f2dfeaa-10e7-4f2e-8e0c-76bc0cab6645","local_time":"20180721064928","daily_mods":["Insanity","Time Dilation","Vintage"],"is_ascension_mode":false,"campfire_choices":[{"data":"Seek","floor":6,"key":"SMITH"},{"data":"Buffer","floor":8,"key":"SMITH"},{"data":"Storm","floor":12,"key":"SMITH"},{"data":"White Noise","floor":15,"key":"SMITH"},{"data":"Hello World","floor":23,"key":"SMITH"},{"data":"Amplify","floor":28,"key":"SMITH"},{"data":"Secret Weapon","floor":30,"key":"SMITH"},{"data":"Creative AI","floor":32,"key":"SMITH"},{"data":"Electrodynamics","floor":41,"key":"SMITH"},{"data":"Purity","floor":49,"key":"SMITH"}],"neow_cost":"","seed_source_timestamp":0,"circlet_count":0,"master_deck":["Leap+1","Undo+1","Auto Shields+1","Creative AI+1","Conserve Battery+1","Ball Lightning+1","Leap+1","Seek+1","All For One+1","Buffer+1","BootSequence+1","Sunder+1","White Noise+1","Rip and Tear+1","Aggregate+1","Redo+1","Scrape+1","Barrage+1","Aggregate+1","Steam Power+1","Steam+1","Chill+1","Capacitor+1","Biased Cognition+1","Stack+1","Chill+1","Chill+1","Sweeping Beam+1","Turbo+1","Heatsinks+1","Multi-Cast+1","Steam Power+1","Cold Snap+1","Meteor Strike+1","Hyperbeam+1","Machine Learning+1","Leap+1","Auto Shields+1","Chill+1","Sweeping Beam+1","Doom and Gloom+1","Echo Form+1","Fission+1","Sunder+1","Aggregate+1","Self Repair+1","Zap+1","Amplify+1","Darkness+1","Loop+1","Storm+1","Buffer+1","Steam+1","Secret Weapon+1","BootSequence+1","Hello World+1","Storm+1","Electrodynamics+1","Magnetism+1","Mind Blast+1","Mind Blast+1","Madness+1","Madness+1","Beam Cell+1","Steam","Purity+1","Dramatic Entrance+1","Streamline+1"],"special_seed":17733,"relics":["Cracked Core","Smiling Mask","Letter Opener","Centennial Puzzle","Bird Faced Urn","Symbiotic Virus","Potion Belt","Ornamental Fan","Gremlin Horn","Bag of Marbles","Runic Dome","MawBank","Red Mask","Matryoshka","Art of War","DataDisk","The Courier","Ancient Tea Set","Dream Catcher","Bottled Tornado","Oddly Smooth Stone","Blood Vial","Molten Egg 2","Coffee Dripper","Whetstone","Tiny Chest","Happy Flower","War Paint","Orichalcum","Vajra","Darkstone Periapt","Mark of the Bloom","Frozen Eye","Bronze Scales","Calipers"],"potions_floor_usage":[20,24,24,33,33,50,50],"damage_taken":[{"damage":3,"enemies":"Jaw Worm","floor":1,"turns":4},{"damage":0,"enemies":"2 Louse","floor":5,"turns":1},{"damage":0,"enemies":"Small Slimes","floor":7,"turns":1},{"damage":2,"enemies":"Blue Slaver","floor":10,"turns":2},{"damage":3,"enemies":"Red Slaver","floor":13,"turns":2},{"damage":13,"enemies":"The Guardian","floor":16,"turns":6},{"damage":0,"enemies":"Spheric Guardian","floor":18,"turns":3},{"damage":29,"floor":19,"turns":3},{"damage":0,"enemies":"Shell Parasite","floor":20,"turns":2},{"damage":0,"enemies":"Cultist and Chosen","floor":22,"turns":4},{"damage":0,"enemies":"Slavers","floor":24,"turns":2},{"damage":0,"enemies":"Centurion and Healer","floor":25,"turns":3},{"damage":0,"enemies":"Snecko","floor":27,"turns":2},{"damage":0,"enemies":"3 Cultists","floor":29,"turns":3},{"damage":0,"enemies":"Chosen and Byrds","floor":31,"turns":2},{"damage":0,"enemies":"Collector","floor":33,"turns":4},{"damage":0,"enemies":"3 Shapes","floor":35,"turns":2},{"damage":0,"enemies":"Flame Bruiser 1 Orb","floor":38,"turns":1},{"damage":0,"enemies":"Sphere and 2 Shapes","floor":39,"turns":1},{"damage":0,"enemies":"2 Orb Walkers","floor":40,"turns":1},{"damage":0,"enemies":"Nemesis","floor":47,"turns":1},{"damage":0,"enemies":"Maw","floor":48,"turns":2},{"damage":0,"enemies":"Donu and Deca","floor":50,"turns":4}],"seed_played":"5511659171679018982","potions_obtained":[{"floor":5,"key":"GamblersBrew"},{"floor":7,"key":"Explosive Potion"},{"floor":13,"key":"Dexterity Potion"},{"floor":16,"key":"AttackPotion"},{"floor":19,"key":"Explosive Potion"},{"floor":22,"key":"SpeedPotion"},{"floor":24,"key":"SpeedPotion"},{"floor":25,"key":"Poison Potion"},{"floor":38,"key":"Ancient Potion"},{"floor":47,"key":"SteroidPotion"}],"is_trial":false,"path_per_floor":["M","$","?","?","M","R","M","R","T","M","$","R","M","T","R","B",null,"M","?","M","$","M","R","E","M","T","M","R","M","R","M","R","B",null,"M","?","?","M","M","E","R","T","T","?","$","?","E","M","R","B"],"character_chosen":"DEFECT","items_purchased":["Loop","Storm","Secret Weapon","BootSequence","Hello World","Beam Cell+1","Steam","Frozen Eye","Purity","Dramatic Entrance+1"],"campfire_rested":0,"item_purchase_floors":[2,11,21,21,21,45,45,45,45,45],"current_hp_per_floor":[72,72,54,54,54,54,54,54,54,56,56,56,70,70,70,72,75,75,54,68,68,75,75,75,75,75,75,75,75,75,75,75,75,75,75,65,56,64,74,75,75,75,75,75,75,75,75,75,75,75],"gold":159,"neow_bonus":"","is_prod":false,"is_daily":true,"chose_seed":false,"campfire_upgraded":10,"win_rate":0,"timestamp":1532152168,"path_taken":["M","$","?","?","M","R","M","R","T","?","$","R","M","?","R","BOSS","M","?","?","$","M","R","E","M","T","M","R","M","R","M","R","BOSS","M","?","?","?","M","E","R","?","T","?","$","?","E","M","R","BOSS"],"build_version":"2018-07-19v2","purchased_purges":0,"victory":true,"max_hp_per_floor":[75,75,75,75,75,75,75,75,75,75,75,75,75,75,75,75,75,75,75,75,75,75,75,75,75,75,75,75,75,75,75,75,75,75,75,75,75,75,75,75,75,75,75,75,75,75,75,75,75,75],"card_choices":[{"not_picked":["Core Surge","Creative AI"],"picked":"Buffer","floor":16},{"not_picked":["Conserve Battery","Scrape+1"],"picked":"Steam+1","floor":19},{"not_picked":["Compile Driver+1","Steam"],"picked":"Storm+1","floor":24},{"not_picked":["Rainbow","Hyperbeam"],"picked":"Electrodynamics","floor":33},{"not_picked":["Swift Strike+1","Dark Shackles"],"picked":"Magnetism","floor":36},{"not_picked":["Panache","Secret Technique"],"picked":"Mind Blast+1","floor":36},{"not_picked":["Flash of Steel+1","Madness"],"picked":"Mind Blast+1","floor":36},{"not_picked":["Cold Snap+1","Sweeping Beam+1","Scrape+1"],"picked":"SKIP","floor":40},{"not_picked":["Stack+1","Glacier+1"],"picked":"Streamline+1","floor":47}],"player_experience":136457,"relics_obtained":[{"floor":1,"key":"Smiling Mask"},{"floor":5,"key":"Centennial Puzzle"},{"floor":7,"key":"Bird Faced Urn"},{"floor":9,"key":"Symbiotic Virus"},{"floor":10,"key":"Potion Belt"},{"floor":13,"key":"Ornamental Fan"},{"floor":14,"key":"Gremlin Horn"},{"floor":16,"key":"Bag of Marbles"},{"floor":18,"key":"MawBank"},{"floor":19,"key":"Red Mask"},{"floor":20,"key":"Matryoshka"},{"floor":22,"key":"Art of War"},{"floor":24,"key":"DataDisk"},{"floor":25,"key":"The Courier"},{"floor":26,"key":"Ancient Tea Set"},{"floor":26,"key":"Dream Catcher"},{"floor":27,"key":"Bottled Tornado"},{"floor":29,"key":"Oddly Smooth Stone"},{"floor":31,"key":"Blood Vial"},{"floor":33,"key":"Molten Egg 2"},{"floor":35,"key":"Whetstone"},{"floor":38,"key":"Tiny Chest"},{"floor":39,"key":"Happy Flower"},{"floor":40,"key":"War Paint"},{"floor":42,"key":"Orichalcum"},{"floor":42,"key":"Vajra"},{"floor":43,"key":"Darkstone Periapt"},{"floor":47,"key":"Bronze Scales"},{"floor":48,"key":"Calipers"}],"event_choices":[{"event_name":"Scrap Ooze","player_choice":"success","floor":3,"damage_taken":18},{"event_name":"Golden Wing","player_choice":"Gained Gold","floor":4,"damage_taken":0},{"event_name":"Masked Bandits","player_choice":"Fought over 297 gold","floor":19,"damage_taken":0},{"event_name":"SensoryStone","player_choice":"Memory 3","floor":36,"damage_taken":0},{"event_name":"Winding Halls","player_choice":"Embrace Madness","floor":37,"damage_taken":0},{"event_name":"MindBloom","player_choice":"Upgrade","floor":44,"damage_taken":0},{"event_name":"Falling","player_choice":"Removed Attack","floor":46,"damage_taken":0}],"is_beta":false,"boss_relics":[{"not_picked":["FrozenCore","Empty Cage"],"picked":"Runic Dome"},{"not_picked":["Astrolabe","Velvet Choker"],"picked":"Coffee Dripper"}],"items_purged_floors":[],"is_endless":false,"potions_floor_spawned":[5,7,13,16,19,22,24,25,38,47],"ascension_level":0}