{"gold_per_floor":[112,112,112,122,136,167,167,193,219,233,253,272,305,315,315,388,388,388,348,72,72,72,72,72,72,72,72,72,72,72,72,72,72,72,72,72,72,72,72,72,72,72,72,72],"floor_reached":44,"playtime":4417,"items_purged":[],"score":1161,"play_id":"8b007209-e959-4d42-b36b-fd5e2b3d4c00","local_time":"20190325200757","is_ascension_mode":true,"campfire_choices":[{"data":"Static Discharge","floor":7.0,"key":"SMITH"},{"data":"Sunder","floor":15.0,"key":"SMITH"},{"data":"Hyperbeam","floor":23.0,"key":"SMITH"},{"floor":29.0,"key":"REST"},{"floor":32.0,"key":"REST"},{"floor":41.0,"key":"RECALL"}],"neow_cost":"NONE","seed_source_timestamp":1041521432119586,"circlet_count":0,"master_deck":["AscendersBane","Strike_B","Strike_B+1","Defend_B","Defend_B","Defend_B","Defend_B","Zap+1","Dualcast","Compile Driver+1","Ball Lightning","Ball Lightning","Chill","Static Discharge+1","Stack","Loop","Sunder+1","Machine Learning","Undo","Turbo","Self Repair","Hyperbeam+1","Leap","Stack","Creative AI","Stack","Rebound","Reinforced Body+1","Writhe","Conserve Battery+1","Seek+1","Capacitor","Glacier+1","Coolheaded+1","Hello World","Compile Driver+1","Darkness+1","Hologram+1","Skim+1","Chill+1","Hologram+1"],"special_seed":0,"relics":["Cracked Core","Oddly Smooth Stone","Bag of Marbles","Lantern","Question Card","Ectoplasm","Mercury Hourglass","Tiny Chest","Toxic Egg 2","Smiling Mask","Vajra","Whetstone","Orrery","Bird Faced Urn","Meat on the Bone"],"potions_floor_usage":[],"damage_taken":[{"damage":7.0,"enemies":"Jaw Worm","floor":1.0,"turns":3.0},{"damage":3.0,"enemies":"2 Louse","floor":4.0,"turns":3.0},{"damage":0.0,"enemies":"Cultist","floor":5.0,"turns":2.0},{"damage":13.0,"enemies":"3 Sentries","floor":6.0,"turns":6.0},{"damage":6.0,"enemies":"Gremlin Nob","floor":8.0,"turns":3.0},{"damage":2.0,"enemies":"Gremlin Gang","floor":10.0,"turns":4.0},{"damage":1.0,"enemies":"Large Slime","floor":11.0,"turns":3.0},{"damage":0.0,"enemies":"Looter","floor":12.0,"turns":3.0},{"damage":1.0,"enemies":"Lagavulin","floor":13.0,"turns":5.0},{"damage":6.0,"enemies":"Lots of Slimes","floor":14.0,"turns":2.0},{"damage":22.0,"enemies":"Slime Boss","floor":16.0,"turns":9.0},{"damage":2.0,"enemies":"3 Byrds","floor":18.0,"turns":6.0},{"damage":15.0,"enemies":"2 Thieves","floor":19.0,"turns":3.0},{"damage":22.0,"enemies":"Shelled Parasite and Fungi","floor":24.0,"turns":4.0},{"damage":24.0,"enemies":"Slavers","floor":25.0,"turns":4.0},{"damage":29.0,"enemies":"Book of Stabbing","floor":27.0,"turns":5.0},{"damage":0.0,"enemies":"Slavers","floor":31.0,"turns":1.0},{"damage":18.0,"enemies":"Champ","floor":33.0,"turns":16.0},{"damage":0.0,"enemies":"3 Shapes","floor":35.0,"turns":5.0},{"damage":12.0,"enemies":"3 Darklings","floor":36.0,"turns":6.0},{"damage":0.0,"enemies":"Mind Bloom Boss Battle","floor":38.0,"turns":8.0},{"damage":0.0,"enemies":"4 Shapes","floor":39.0,"turns":8.0},{"damage":0.0,"enemies":"Nemesis","floor":40.0,"turns":9.0},{"damage":11.0,"enemies":"Spire Growth","floor":42.0,"turns":9.0},{"damage":82,"enemies":"Giant Head","floor":44,"turns":8}],"seed_played":"-1948108702574799046","potions_obtained":[{"floor":5.0,"key":"Swift Potion"},{"floor":6.0,"key":"SteroidPotion"},{"floor":8.0,"key":"FearPotion"},{"floor":14.0,"key":"Energy Potion"},{"floor":16.0,"key":"SkillPotion"},{"floor":19.0,"key":"Explosive Potion"},{"floor":35.0,"key":"Poison Potion"}],"is_trial":false,"path_per_floor":["M","?","?","M","M","E","R","E","T","M","M","M","E","M","R","B",null,"M","M","$","?","?","R","M","E","T","E","?","R","?","E","R","B",null,"M","M","$","?","M","E","R","M","T","E"],"character_chosen":"DEFECT","items_purchased":["Mercury Hourglass"],"campfire_rested":2,"item_purchase_floors":[20],"current_hp_per_floor":[57,57,57,54,54,41,41,35,35,33,32,32,31,25,25,3,54,59,51,51,65,65,65,50,33,33,11,11,32,32,32,53,42,64,71,66,66,71,71,71,71,71,71,0],"gold":72,"neow_bonus":"UPGRADE_CARD","is_prod":false,"is_daily":false,"chose_seed":false,"campfire_upgraded":3,"win_rate":0,"timestamp":1553562477,"path_taken":["M","?","?","M","?","E","R","E","T","?","M","M","E","M","R","BOSS","M","M","$","?","?","R","?","E","T","E","?","R","?","E","R","BOSS","M","M","$","?","M","E","R","M","T","E"],"build_version":"2019-01-23","purchased_purges":0,"victory":false,"max_hp_per_floor":[71,71,71,71,71,71,71,71,71,71,71,71,71,71,71,71,71,71,71,71,71,71,71,71,71,71,71,71,71,71,71,71,71,71,71,71,71,71,71,71,71,71,71,71],"card_choices":[{"not_picked":["Double Energy","Hologram"],"picked":"Compile Driver","floor":1.0},{"not_picked":["Coolheaded","Conserve Battery"],"picked":"Chill","floor":4.0},{"not_picked":["Static Discharge","Heatsinks","Force Field"],"picked":"SKIP","floor":5.0},{"not_picked":["Heatsinks","Force Field"],"picked":"Static Discharge","floor":5.0},{"not_picked":["BootSequence","Barrage"],"picked":"Stack","floor":6.0},{"not_picked":["FTL","BootSequence"],"picked":"Loop","floor":8.0},{"not_picked":["Leap","Undo"],"picked":"Sunder","floor":10.0},{"not_picked":["Storm","Beam Cell"],"picked":"Machine Learning","floor":11.0},{"not_picked":["Barrage","Cold Snap"],"picked":"Undo","floor":12.0},{"not_picked":["Blizzard","Streamline"],"picked":"Turbo","floor":13.0},{"not_picked":["Tempest","Cold Snap","Chaos"],"picked":"Self Repair","floor":14.0},{"not_picked":["Thunder Strike","Core Surge","Meteor Strike"],"picked":"Hyperbeam","floor":16.0},{"not_picked":["Coolheaded","Turbo","Steam Power"],"picked":"Leap","floor":18.0},{"not_picked":["Coolheaded","FTL","Gash"],"picked":"Stack","floor":19.0},{"not_picked":["Cold Snap+1","Barrage","Beam Cell+1"],"picked":"Stack","floor":24.0},{"not_picked":["All For One","Streamline","Cold Snap"],"picked":"Rebound","floor":25.0},{"not_picked":["Sweeping Beam","Fusion+1","Melter"],"picked":"Reinforced Body+1","floor":27.0},{"not_picked":["Cold Snap+1","Gash","Thunder Strike"],"picked":"Conserve Battery+1","floor":31.0},{"not_picked":["Multi-Cast+1","Amplify+1","Thunder Strike"],"picked":"Seek+1","floor":33.0},{"not_picked":["Rebound","Reprogram+1","Darkness+1"],"picked":"Capacitor","floor":34.0},{"not_picked":["Tempest+1","Double Energy+1","Heatsinks"],"picked":"Glacier+1","floor":34.0},{"not_picked":["Glacier+1","Go for the Eyes","Streamline"],"picked":"Coolheaded+1","floor":34.0},{"not_picked":["Streamline","Go for the Eyes","Redo+1"],"picked":"Hello World","floor":34.0},{"not_picked":["Aggregate+1","Ball Lightning","Chaos+1"],"picked":"Compile Driver+1","floor":34.0},{"not_picked":["Turbo+1","Streamline+1","Loop","White Noise+1"],"picked":"SKIP","floor":35.0},{"not_picked":["FTL","Aggregate+1","Static Discharge"],"picked":"Darkness+1","floor":36.0},{"not_picked":["Tempest+1","Stack+1","Compile Driver+1"],"picked":"Hologram+1","floor":38.0},{"not_picked":["All For One","Darkness+1","Turbo+1"],"picked":"Skim+1","floor":39.0},{"not_picked":["Beam Cell+1","BootSequence+1","Go for the Eyes"],"picked":"Chill+1","floor":40.0},{"not_picked":["Coolheaded+1","Redo+1","Compile Driver"],"picked":"Hologram+1","floor":42.0}],"player_experience":928909,"relics_obtained":[{"floor":6.0,"key":"Oddly Smooth Stone"},{"floor":8.0,"key":"Bag of Marbles"},{"floor":9.0,"key":"Lantern"},{"floor":13.0,"key":"Question Card"},{"floor":25.0,"key":"Tiny Chest"},{"floor":26.0,"key":"Toxic Egg 2"},{"floor":27.0,"key":"Smiling Mask"},{"floor":31.0,"key":"Whetstone"},{"floor":38.0,"key":"Bird Faced Urn"},{"floor":40.0,"key":"Meat on the Bone"}],"event_choices":[{"damage_healed":0.0,"max_hp_gain":0.0,"max_hp_loss":0.0,"gold_gain":0.0,"cards_transformed":["Strike_B"],"event_name":"Living Wall","player_choice":"Change","floor":2.0,"gold_loss":0.0,"damage_taken":0.0,"cards_obtained":["Ball Lightning"]},{"damage_healed":0.0,"max_hp_gain":0.0,"max_hp_loss":0.0,"gold_gain":0.0,"event_name":"Match and Keep!","player_choice":"1 cards matched","floor":3.0,"gold_loss":0.0,"damage_taken":0.0,"cards_obtained":["Ball Lightning"]},{"damage_healed":14.0,"max_hp_gain":0.0,"max_hp_loss":0.0,"gold_gain":0.0,"event_name":"The Library","player_choice":"Heal","floor":21.0,"gold_loss":0.0,"damage_taken":0.0},{"damage_healed":0.0,"max_hp_gain":0.0,"max_hp_loss":0.0,"gold_gain":0.0,"cards_transformed":["Strike_B"],"event_name":"Transmorgrifier","player_choice":"Transformed","floor":22.0,"gold_loss":0.0,"damage_taken":0.0,"cards_obtained":["Creative AI"]},{"damage_healed":0.0,"max_hp_gain":0.0,"max_hp_loss":0.0,"gold_gain":0.0,"event_name":"Cursed Tome","player_choice":"Ignored","floor":28.0,"gold_loss":0.0,"damage_taken":0.0},{"damage_healed":0.0,"max_hp_gain":0.0,"max_hp_loss":0.0,"gold_gain":0.0,"event_name":"The Mausoleum","player_choice":"Opened","floor":30.0,"gold_loss":0.0,"damage_taken":0.0,"relics_obtained":["Vajra"],"cards_obtained":["Writhe"]},{"damage_healed":0.0,"max_hp_gain":0.0,"max_hp_loss":0.0,"gold_gain":0.0,"event_name":"MindBloom","player_choice":"Fight","floor":38.0,"gold_loss":0.0,"damage_taken":0.0}],"is_beta":false,"boss_relics":[{"not_picked":["Lizard Tail","Sozu"],"picked":"Ectoplasm"},{"not_picked":["Snecko Eye","Runic Dome"],"picked":"Orrery"}],"items_purged_floors":[],"is_endless":false,"potions_floor_spawned":[5,6,8,12,14,16,19,31,33,35,36],"killed_by":"Giant Head","ascension_level":20}