{"gold_per_floor":[144,144,194,239,239,239,89,134,134,89,114,159,204,249,249,549,549,594,509,509,509,509,509,599,599,599,644,689,99,99,0,0,0],"floor_reached":33,"playtime":2815,"items_purged":[],"score":278,"play_id":"41429b94-0610-4306-9f41-7e0640e22542","local_time":"20180722024526","daily_mods":["Allstar","Midas","Lethality"],"is_ascension_mode":false,"campfire_choices":[{"floor":6,"key":"REST"},{"floor":15,"key":"REST"},{"floor":23,"key":"REST"},{"floor":30,"key":"REST"},{"floor":32,"key":"REST"}],"neow_cost":"","seed_source_timestamp":1914100819645304,"circlet_count":0,"master_deck":["Defend_G","Defend_G","Defend_G","Defend_G","Defend_G","Strike_G","Strike_G","Strike_G","Strike_G","Strike_G","Survivor","Neutralize","Secret Technique","Secret Weapon","Apotheosis+1","Finesse","Secret Weapon","Catalyst","Bouncing Flask","Underhanded Strike","Neutralize","Footwork","Deadly Poison","Deadly Poison","Slice","Dagger Spray","Venomology","Prepared","Bouncing Flask","Sucker Punch+1","Terror","Dash","Catalyst","Poisoned Stab+1","Riddle With Holes"],"special_seed":17734,"relics":["Ring of the Snake","Pen Nib","Juzu Bracelet","Blood Vial","Bronze Scales","Philosopher\u0027s Stone","Omamori","Dream Catcher","Regal Pillow","Calipers","DollysMirror"],"potions_floor_usage":[18,24,24,24,27,33,33,33,33],"damage_taken":[{"damage":0,"enemies":"Jaw Worm","floor":1,"turns":3},{"damage":2,"enemies":"2 Louse","floor":4,"turns":4},{"damage":0,"enemies":"Cultist","floor":8,"turns":2},{"damage":0,"enemies":"2 Fungi Beasts","floor":12,"turns":3},{"damage":8,"enemies":"Lots of Slimes","floor":13,"turns":2},{"damage":0,"enemies":"Exordium Wildlife","floor":14,"turns":2},{"damage":16,"enemies":"The Guardian","floor":16,"turns":6},{"damage":28,"enemies":"Shell Parasite","floor":18,"turns":3},{"damage":28,"enemies":"Gremlin Leader","floor":24,"turns":7},{"damage":18,"enemies":"3 Byrds","floor":27,"turns":3},{"damage":6,"enemies":"3 Cultists","floor":28,"turns":4},{"damage":126,"enemies":"Automaton","floor":33,"turns":6}],"seed_played":"-8213505433300872967","potions_obtained":[{"floor":4,"key":"Weak Potion"},{"floor":13,"key":"GamblersBrew"},{"floor":16,"key":"LiquidBronze"},{"floor":18,"key":"Dexterity Potion"},{"floor":24,"key":"Poison Potion"}],"is_trial":false,"path_per_floor":["M","?","T","M","?","R","$","M","T","$","T","M","M","M","R","B",null,"M","?","?","?","?","R","E","?","T","M","M","$","R","?","R"],"character_chosen":"THE_SILENT","items_purchased":["Juzu Bracelet","Deadly Poison","Calipers","Strength Potion","Dash","DollysMirror"],"campfire_rested":5,"item_purchase_floors":[7,10,29,29,29,29],"current_hp_per_floor":[70,70,70,68,68,70,70,70,70,70,70,70,62,64,70,54,70,42,42,42,29,29,51,25,25,25,9,5,5,42,42,75,0],"gold":0,"neow_bonus":"","is_prod":false,"is_daily":true,"chose_seed":false,"campfire_upgraded":0,"win_rate":0,"timestamp":1532223926,"path_taken":["M","?","?","?","?","R","$","M","T","$","?","M","M","M","R","BOSS","M","?","?","?","?","R","E","?","T","M","M","?","R","?","R","BOSS"],"build_version":"2018-07-19v2","purchased_purges":0,"victory":false,"max_hp_per_floor":[70,70,70,70,70,70,70,70,70,70,70,70,70,70,70,70,70,70,70,70,75,75,75,75,75,75,75,75,75,75,75,75,75],"card_choices":[{"not_picked":["Dagger Throw","Dodge and Roll"],"picked":"Catalyst","floor":1},{"not_picked":["Outmaneuver","Underhanded Strike"],"picked":"Bouncing Flask","floor":4},{"not_picked":["Blur","Terror"],"picked":"Footwork","floor":8},{"not_picked":["Underhanded Strike","Reflex"],"picked":"Deadly Poison","floor":12},{"not_picked":["Well Laid Plans","Underhanded Strike"],"picked":"Slice","floor":13},{"not_picked":["Doppelganger","Underhanded Strike"],"picked":"Dagger Spray","floor":14},{"not_picked":["Unload","Doppelganger"],"picked":"Venomology","floor":16},{"not_picked":["Masterful Stab+1","Accuracy"],"picked":"Prepared","floor":18},{"not_picked":["Dagger Throw","Caltrops"],"picked":"Bouncing Flask","floor":24},{"not_picked":["Flying Knee","Underhanded Strike"],"picked":"Sucker Punch+1","floor":27},{"not_picked":["Predator","Reflex+1"],"picked":"Terror","floor":28},{"not_picked":["Acrobatics","Slice"],"picked":"Poisoned Stab+1","floor":30},{"not_picked":["Eviscerate","Dagger Throw"],"picked":"Riddle With Holes","floor":32}],"player_experience":157425,"relics_obtained":[{"floor":3,"key":"Pen Nib"},{"floor":9,"key":"Blood Vial"},{"floor":11,"key":"Bronze Scales"},{"floor":24,"key":"Dream Catcher"},{"floor":26,"key":"Regal Pillow"}],"event_choices":[{"event_name":"Living Wall","player_choice":"Grow","floor":2,"damage_taken":0},{"event_name":"Match and Keep!","player_choice":"2 cards matched","floor":5,"damage_taken":0},{"event_name":"Addict","player_choice":"Obtained Relic","floor":19,"damage_taken":0},{"event_name":"Ghosts","player_choice":"Ignored","floor":20,"damage_taken":0},{"event_name":"Forgotten Altar","player_choice":"Shed Blood","floor":21,"damage_taken":0},{"event_name":"Cursed Tome","player_choice":"Ignored","floor":22,"damage_taken":0},{"event_name":"Vampires","player_choice":"Ignored","floor":25,"damage_taken":0},{"event_name":"Masked Bandits","player_choice":"Paid Bandits 99 gold","floor":31,"damage_taken":0}],"is_beta":false,"boss_relics":[{"not_picked":["Calling Bell","Empty Cage"],"picked":"Philosopher\u0027s Stone"}],"items_purged_floors":[],"is_endless":false,"potions_floor_spawned":[4,13,16,18,24],"killed_by":"Automaton","ascension_level":0}