{"gold_per_floor":[111,128,152,152,152,187,204,36,36,36,52,52,79,79,79,173,173,196,121,86,86,86,100,121,154,180,34,34,34,34,58,58,157,157,171,171,111,111,134,134,175,225,302,318,341,379,394,31,31,31],"floor_reached":51,"playtime":2767,"items_purged":["Strike_R+1","Strike_R+1"],"score":1321,"play_id":"df762552-40bc-4f7c-b703-97b0058d2d53","local_time":"20190324122947","is_ascension_mode":true,"campfire_choices":[{"data":"Pommel Strike","floor":10,"key":"SMITH"},{"data":"Bash","floor":12,"key":"SMITH"},{"floor":15,"key":"REST"},{"floor":28,"key":"REST"},{"data":"Apotheosis","floor":30,"key":"SMITH"},{"floor":32,"key":"REST"},{"data":"Spot Weakness","floor":40,"key":"SMITH"},{"data":"Metallicize","floor":49,"key":"SMITH"}],"neow_cost":"NONE","seed_source_timestamp":6476717522688,"circlet_count":0,"master_deck":["AscendersBane","Strike_R+1","Strike_R+1","Defend_R+1","Defend_R+1","Defend_R+1","Bash+1","Ghostly Armor","Pommel Strike+1","Ghostly Armor","Shrug It Off","Immolate","Body Slam+1","Disarm","Spot Weakness+1","Apotheosis+1","Shrug It Off","Offering","Disarm","Entrench+1","Metallicize+1","Entrench"],"relics":["Burning Blood","NeowsBlessing","Art of War","The Courier","Lantern","ClockworkSouvenir","Question Card","Pantograph","Golden Idol","Velvet Choker","Sundial","Ginger","Bronze Scales","Sozu","Anchor","Meat on the Bone","Vajra","Letter Opener"],"potions_floor_usage":[13,16,24,25,50],"damage_taken":[{"damage":0,"enemies":"Cultist","floor":1,"turns":1},{"damage":0,"enemies":"2 Louse","floor":2,"turns":1},{"damage":0,"enemies":"Lagavulin","floor":6,"turns":1},{"damage":7,"enemies":"Small Slimes","floor":7,"turns":4},{"damage":10,"enemies":"Exordium Wildlife","floor":11,"turns":5},{"damage":29,"enemies":"Gremlin Nob","floor":13,"turns":5},{"damage":46,"enemies":"The Guardian","floor":16,"turns":16},{"damage":19,"enemies":"3 Byrds","floor":18,"turns":6},{"damage":24,"enemies":"2 Thieves","floor":23,"turns":5},{"damage":10,"enemies":"3 Cultists","floor":24,"turns":5},{"damage":27,"enemies":"Slavers","floor":25,"turns":8},{"damage":1,"enemies":"Centurion and Healer","floor":31,"turns":5},{"damage":41,"enemies":"Collector","floor":33,"turns":11},{"damage":3,"enemies":"3 Darklings","floor":35,"turns":4},{"damage":6,"enemies":"3 Shapes","floor":39,"turns":2},{"damage":23,"enemies":"Giant Head","floor":41,"turns":7},{"damage":8,"enemies":"Transient","floor":44,"turns":5},{"damage":6,"enemies":"Maw","floor":45,"turns":6},{"damage":40,"enemies":"Reptomancer","floor":46,"turns":8},{"damage":0,"enemies":"Jaw Worm Horde","floor":47,"turns":5},{"damage":28,"enemies":"Time Eater","floor":50,"turns":13}],"seed_played":"5964809740402137736","potions_obtained":[{"floor":6,"key":"SkillPotion"},{"floor":11,"key":"LiquidBronze"},{"floor":16,"key":"EssenceOfSteel"},{"floor":23,"key":"SpeedPotion"},{"floor":33,"key":"PowerPotion"}],"is_trial":false,"path_per_floor":["M","M","T","?","?","E","M","$","T","R","M","R","E","?","R","B",null,"M","?","$","?","?","M","M","E","T","$","R","?","R","M","R","B",null,"M","?","$","?","M","R","E","?","T","M","M","E","M","$","R","B",null],"character_chosen":"IRONCLAD","items_purchased":["ClockworkSouvenir","Disarm","Apotheosis","Entrench","Letter Opener"],"campfire_rested":3,"item_purchase_floors":[8,20,27,48,48],"current_hp_per_floor":[74,75,75,75,68,74,73,73,73,73,69,69,46,20,42,27,63,50,50,50,50,50,32,28,7,7,7,29,29,29,34,56,40,66,69,69,69,69,69,69,52,52,52,50,50,28,46,46,46,49],"gold":31,"neow_bonus":"THREE_ENEMY_KILL","is_prod":false,"is_daily":false,"chose_seed":false,"campfire_upgraded":5,"win_rate":0,"timestamp":1553426987,"path_taken":["M","?","?","?","?","E","M","$","T","R","?","R","E","?","R","BOSS","M","?","$","?","?","M","?","E","T","$","R","?","R","M","R","BOSS","M","?","$","?","M","R","E","?","T","M","?","E","?","?","R","BOSS"],"build_version":"2019-01-23","purchased_purges":2,"victory":true,"max_hp_per_floor":[75,75,75,75,75,75,75,75,75,75,75,75,75,75,75,75,75,75,75,75,75,75,75,75,75,75,75,75,75,75,75,75,75,75,75,75,75,71,71,71,71,71,71,71,71,71,71,71,71,71],"card_choices":[{"not_picked":["Warcry","Corruption","Searing Blow"],"picked":"SKIP","floor":1},{"not_picked":["True Grit","Entrench"],"picked":"Ghostly Armor","floor":2},{"not_picked":["Armaments","Barricade","True Grit"],"picked":"SKIP","floor":6},{"not_picked":["Clothesline","True Grit"],"picked":"Pommel Strike","floor":7},{"not_picked":["Anger","Feel No Pain","Heavy Blade"],"picked":"Ghostly Armor","floor":11},{"not_picked":["Heavy Blade","Entrench","Sword Boomerang"],"picked":"Shrug It Off","floor":13},{"not_picked":["Limit Break","Feed","Double Tap"],"picked":"Immolate","floor":16},{"not_picked":["Pommel Strike+1","Shrug It Off","Anger"],"picked":"Body Slam+1","floor":18},{"not_picked":["Warcry","Cleave","Rage","Sword Boomerang"],"picked":"SKIP","floor":23},{"not_picked":["Rupture","Feel No Pain","Havoc","Armaments"],"picked":"SKIP","floor":24},{"not_picked":["Headbutt","Twin Strike","Limit Break"],"picked":"Spot Weakness","floor":25},{"not_picked":["Combust","Infernal Blade","Heavy Blade"],"picked":"Shrug It Off","floor":31},{"not_picked":["Brutality","Fiend Fire","Feed"],"picked":"Offering","floor":33},{"not_picked":["Anger","Hemokinesis","Sever Soul","Havoc"],"picked":"SKIP","floor":35},{"not_picked":["Pommel Strike","Armaments+1","Battle Trance","Twin Strike+1"],"picked":"SKIP","floor":39},{"not_picked":["Cleave","Shrug It Off","Sever Soul"],"picked":"Disarm","floor":41},{"not_picked":["Feel No Pain","Iron Wave","Thunderclap"],"picked":"Entrench+1","floor":44},{"not_picked":["Twin Strike","Clash","Havoc+1","Entrench"],"picked":"SKIP","floor":45},{"not_picked":["Fire Breathing","Dual Wield+1","Thunderclap+1"],"picked":"Metallicize","floor":46},{"not_picked":["Anger","Corruption","Rupture","Warcry"],"picked":"SKIP","floor":47}],"player_experience":751194,"relics_obtained":[{"floor":3,"key":"Art of War"},{"floor":6,"key":"Lantern"},{"floor":9,"key":"Question Card"},{"floor":13,"key":"Pantograph"},{"floor":25,"key":"Ginger"},{"floor":26,"key":"Bronze Scales"},{"floor":41,"key":"Anchor"},{"floor":43,"key":"Meat on the Bone"},{"floor":46,"key":"Vajra"}],"event_choices":[{"damage_healed":0,"gold_gain":0,"player_choice":"Box","damage_taken":0,"relics_obtained":["The Courier"],"max_hp_gain":0,"max_hp_loss":0,"event_name":"Big Fish","floor":4,"gold_loss":0,"cards_obtained":["Regret"]},{"cards_removed":["Regret"],"damage_healed":0,"gold_gain":0,"player_choice":"Card Removal","damage_taken":7,"max_hp_gain":0,"max_hp_loss":0,"event_name":"Golden Wing","floor":5,"gold_loss":0},{"damage_healed":0,"gold_gain":0,"player_choice":"Take Damage","damage_taken":26,"relics_obtained":["Golden Idol"],"max_hp_gain":0,"max_hp_loss":0,"event_name":"Golden Idol","floor":14,"gold_loss":0},{"cards_removed":["Strike_R"],"damage_healed":0,"gold_gain":0,"player_choice":"Gave Gold","damage_taken":0,"max_hp_gain":0,"max_hp_loss":0,"event_name":"Beggar","floor":19,"gold_loss":75},{"damage_healed":0,"gold_gain":0,"player_choice":"Opened","damage_taken":0,"relics_obtained":["Sundial"],"max_hp_gain":0,"max_hp_loss":0,"event_name":"The Mausoleum","floor":21,"gold_loss":0,"cards_obtained":["Writhe"]},{"cards_removed":["Writhe"],"damage_healed":0,"gold_gain":0,"player_choice":"Purged","damage_taken":0,"max_hp_gain":0,"max_hp_loss":0,"event_name":"Purifier","floor":22,"gold_loss":0},{"damage_healed":0,"gold_gain":0,"player_choice":"Simplicity","damage_taken":0,"max_hp_gain":0,"max_hp_loss":0,"event_name":"Back to Basics","floor":29,"gold_loss":0,"cards_upgraded":["Strike_R","Strike_R","Strike_R","Strike_R","Defend_R","Defend_R","Defend_R","Defend_R"]},{"cards_removed":["Defend_R"],"damage_healed":0,"gold_gain":0,"player_choice":"Removed Skill","damage_taken":0,"max_hp_gain":0,"max_hp_loss":0,"event_name":"Falling","floor":36,"gold_loss":0},{"damage_healed":0,"gold_gain":0,"player_choice":"Max HP","damage_taken":0,"max_hp_gain":0,"max_hp_loss":4,"event_name":"Winding Halls","floor":38,"gold_loss":0},{"damage_healed":0,"gold_gain":50,"player_choice":"Pray","damage_taken":0,"max_hp_gain":0,"max_hp_loss":0,"event_name":"Golden Shrine","floor":42,"gold_loss":0}],"is_beta":false,"boss_relics":[{"not_picked":["Coffee Dripper","Runic Pyramid"],"picked":"Velvet Choker"},{"not_picked":["Tiny House","Runic Dome"],"picked":"Sozu"}],"items_purged_floors":[37,48],"is_endless":false,"potions_floor_spawned":[6,11,16,23,33,45,46,47],"ascension_level":16}