{"gold_per_floor":[110,110,35,53,65,65,65,124,124,199,199,209,209,227,227,330,330,342,357,58,58,58,58,58,58],"floor_reached":25,"playtime":991,"items_purged":["Strike_B"],"score":189,"play_id":"d46e1e14-b4ea-432a-af37-6d8014227b73","local_time":"20190204204108","is_ascension_mode":false,"campfire_choices":[{"data":"FTL","floor":6,"key":"SMITH"},{"data":"Double Energy","floor":13,"key":"SMITH"},{"floor":15,"key":"REST"},{"data":"Turbo","floor":23,"key":"SMITH"}],"neow_cost":"NONE","seed_source_timestamp":1827867335287358,"circlet_count":0,"master_deck":["Strike_B","Strike_B","Defend_B","Defend_B","Defend_B+1","Zap","Dualcast+1","Redo","Hologram","FTL+1","Machine Learning","Double Energy+1","Coolheaded","Meteor Strike","Turbo+1","Conserve Battery","Meteor Strike"],"relics":["Cracked Core","NeowsBlessing","Singing Bowl","Gremlin Horn","Sozu","Bottled Flame"],"potions_floor_usage":[14,19],"damage_taken":[{"damage":0,"enemies":"Jaw Worm","floor":1,"turns":1},{"damage":0,"enemies":"Cultist","floor":4,"turns":1},{"damage":0,"enemies":"Small Slimes","floor":5,"turns":1},{"damage":20,"enemies":"Gremlin Nob","floor":8,"turns":3},{"damage":0,"enemies":"2 Fungi Beasts","floor":12,"turns":2},{"damage":0,"enemies":"Lots of Slimes","floor":14,"turns":1},{"damage":36,"enemies":"Slime Boss","floor":16,"turns":15},{"damage":7,"enemies":"Chosen","floor":18,"turns":3},{"damage":2,"enemies":"3 Byrds","floor":19,"turns":6},{"damage":70,"enemies":"Book of Stabbing","floor":25,"turns":6}],"seed_played":"6318068062856864770","potions_obtained":[{"floor":5,"key":"Weak Potion"},{"floor":8,"key":"SkillPotion"},{"floor":16,"key":"Weak Potion"}],"is_trial":false,"path_per_floor":["M","?","$","M","M","R","?","?","T","?","?","M","R","M","R","B",null,"M","M","$","?","$","R","$","E"],"character_chosen":"DEFECT","items_purchased":["Bottled Flame","Conserve Battery"],"campfire_rested":1,"item_purchase_floors":[20,20],"current_hp_per_floor":[75,75,75,75,75,75,60,42,42,31,31,31,31,31,54,18,77,72,70,70,70,70,70,70,0],"gold":58,"neow_bonus":"THREE_ENEMY_KILL","is_prod":false,"is_daily":false,"chose_seed":false,"campfire_upgraded":3,"win_rate":0,"timestamp":1549334468,"path_taken":["M","?","$","M","?","R","?","?","T","?","?","M","R","M","R","BOSS","M","?","$","?","$","R","?","E"],"build_version":"2019-01-23","purchased_purges":1,"victory":false,"max_hp_per_floor":[75,75,75,75,75,75,75,77,77,77,77,77,77,77,77,77,77,79,79,79,79,79,79,79,79],"card_choices":[{"not_picked":["Cold Snap","Compile Driver"],"picked":"Redo","floor":1},{"not_picked":["FTL","Aggregate"],"picked":"Hologram","floor":4},{"not_picked":["Conserve Battery","Steam"],"picked":"FTL","floor":5},{"not_picked":["Undo","Barrage","Loop"],"picked":"Singing Bowl","floor":8},{"not_picked":["Ball Lightning","Rebound"],"picked":"Double Energy","floor":12},{"not_picked":["Reinforced Body","Doom and Gloom"],"picked":"Coolheaded","floor":14},{"not_picked":["Reboot","All For One"],"picked":"Meteor Strike","floor":16},{"not_picked":["Steam","Go for the Eyes","Doom and Gloom"],"picked":"Singing Bowl","floor":18},{"not_picked":["Defragment","Steam Power"],"picked":"Turbo","floor":19}],"player_experience":715524,"relics_obtained":[{"floor":8,"key":"Singing Bowl"},{"floor":9,"key":"Gremlin Horn"}],"event_choices":[{"cards_removed":["Strike_B"],"damage_healed":0,"gold_gain":0,"player_choice":"Purged","damage_taken":0,"max_hp_gain":0,"max_hp_loss":0,"event_name":"Purifier","floor":2,"gold_loss":0},{"damage_healed":0,"gold_gain":0,"player_choice":"Entered Light","damage_taken":15,"max_hp_gain":0,"max_hp_loss":0,"event_name":"Shining Light","floor":7,"gold_loss":0,"cards_upgraded":["Dualcast","Defend_B"]},{"damage_healed":0,"gold_gain":30,"player_choice":"Searched \u00272\u0027 times","damage_taken":0,"max_hp_gain":0,"max_hp_loss":0,"event_name":"Dead Adventurer","floor":8,"gold_loss":0},{"damage_healed":0,"gold_gain":75,"player_choice":"Gather Gold","damage_taken":11,"max_hp_gain":0,"max_hp_loss":0,"event_name":"World of Goop","floor":10,"gold_loss":0},{"cards_removed":["Defend_B"],"damage_healed":0,"gold_gain":0,"player_choice":"Took Card","damage_taken":0,"max_hp_gain":0,"max_hp_loss":0,"event_name":"NoteForYourself","floor":11,"gold_loss":0,"cards_obtained":["Machine Learning"]},{"damage_healed":0,"gold_gain":0,"player_choice":"Copied","damage_taken":0,"max_hp_gain":0,"max_hp_loss":0,"event_name":"Duplicator","floor":21,"gold_loss":0,"cards_obtained":["Meteor Strike"]}],"is_beta":false,"boss_relics":[{"not_picked":["Pandora\u0027s Box","Black Star"],"picked":"Sozu"}],"items_purged_floors":[3],"is_endless":false,"potions_floor_spawned":[5,8,16,19],"killed_by":"Book of Stabbing","ascension_level":0}