{"gold_per_floor":[114,189,189,204,204,204,219,249,274,274,304,364,364,379,379,479,479,494,509,524,539,539,539,21,21,71,71,86,116,146,161,161,261,261,276,276,310,325,29,29,59,59,84,84,99,114,114,129,129,129],"floor_reached":51,"playtime":4900,"items_purged":[],"score":885,"play_id":"d18feb28-2ce6-411d-ae6f-f7352aaf15d0","local_time":"20181024173903","daily_mods":["Shiny","ControlledChaos","DeadlyEvents"],"is_ascension_mode":false,"campfire_choices":[{"data":"Barricade","floor":6,"key":"SMITH"},{"data":"Berserk","floor":10,"key":"SMITH"},{"data":"Exhume","floor":13,"key":"SMITH"},{"data":"Exhume","floor":15,"key":"SMITH"},{"data":"Armaments","floor":23,"key":"SMITH"},{"data":"Deep Breath","floor":25,"key":"SMITH"},{"data":"Master of Strategy","floor":27,"key":"SMITH"},{"data":"Rupture","floor":32,"key":"SMITH"},{"data":"Apotheosis","floor":40,"key":"SMITH"},{"data":"Impervious","floor":42,"key":"SMITH"},{"data":"Disarm","floor":44,"key":"SMITH"},{"data":"Fiend Fire","floor":47,"key":"SMITH"},{"floor":49,"key":"REST"}],"neow_cost":"","seed_source_timestamp":0,"circlet_count":0,"master_deck":["Double Tap","Demon Form","Bludgeon","Feed","Limit Break","Barricade+1","Fiend Fire+1","Dark Embrace","Berserk+1","Impervious+1","Juggernaut","Reaper+1","Exhume+1","Offering","Immolate+1","Entrench","Flex","Body Slam","Armaments+1","Exhume+1","Demon Form","Feel No Pain","Impervious","Disarm+1","Heavy Blade","Sword Boomerang","Iron Wave+1","Rupture+1","Master of Strategy+1","Deep Breath+1","True Grit","Whirlwind","Exhume","Pummel+1","Apotheosis+1","Inflame","Shrug It Off","Flex","Body Slam"],"special_seed":17828,"relics":["Burning Blood","Frozen Eye","PreservedInsect","Oddly Smooth Stone","Whetstone","Tiny Chest","Busted Crown","Toy Ornithopter","Boot","Champion Belt","Red Skull","White Beast Statue","Nunchaku","Bag of Preparation","Blood Vial"],"potions_floor_usage":[16,18,20,28,30,30,37,37,37,41,45],"damage_taken":[{"damage":11,"enemies":"Jaw Worm","floor":1,"turns":3},{"damage":6,"enemies":"Small Slimes","floor":4,"turns":2},{"damage":6,"enemies":"Cultist","floor":7,"turns":3},{"damage":24,"enemies":"3 Sentries","floor":8,"turns":5},{"damage":12,"enemies":"Gremlin Nob","floor":11,"turns":3},{"damage":0,"enemies":"Lagavulin","floor":12,"turns":5},{"damage":0,"enemies":"Exordium Wildlife","floor":14,"turns":1},{"damage":50,"enemies":"Hexaghost","floor":16,"turns":9},{"damage":31,"enemies":"2 Thieves","floor":18,"turns":4},{"damage":21,"enemies":"Shell Parasite","floor":19,"turns":4},{"damage":21,"enemies":"Snake Plant","floor":20,"turns":5},{"damage":17,"enemies":"Shelled Parasite and Fungi","floor":21,"turns":5},{"damage":0,"enemies":"Snecko","floor":28,"turns":6},{"damage":35,"enemies":"Book of Stabbing","floor":29,"turns":5},{"damage":26,"enemies":"Slavers","floor":30,"turns":6},{"damage":9,"enemies":"Chosen and Byrds","floor":31,"turns":4},{"damage":12,"enemies":"Champ","floor":33,"turns":6},{"damage":10,"enemies":"Orb Walker","floor":35,"turns":5},{"damage":95,"enemies":"2 Orb Walkers","floor":37,"turns":6},{"damage":0,"enemies":"3 Shapes","floor":38,"turns":1},{"damage":47,"enemies":"Giant Head","floor":41,"turns":7},{"damage":6,"enemies":"Jaw Worm Horde","floor":45,"turns":3},{"damage":19,"enemies":"Sphere and 2 Shapes","floor":46,"turns":6},{"damage":18,"enemies":"Spire Growth","floor":48,"turns":3},{"damage":6,"enemies":"Time Eater","floor":50,"turns":11}],"seed_played":"1393091193090415519","potions_obtained":[{"floor":4,"key":"SpeedPotion"},{"floor":7,"key":"Strength Potion"},{"floor":11,"key":"PowerPotion"},{"floor":14,"key":"Swift Potion"},{"floor":19,"key":"Fire Potion"},{"floor":21,"key":"EssenceOfSteel"},{"floor":29,"key":"Weak Potion"},{"floor":30,"key":"BloodPotion"},{"floor":33,"key":"LiquidBronze"},{"floor":35,"key":"PowerPotion"},{"floor":37,"key":"Weak Potion"},{"floor":38,"key":"FearPotion"},{"floor":41,"key":"Poison Potion"},{"floor":45,"key":"Weak Potion"},{"floor":46,"key":"SteroidPotion"}],"is_trial":false,"path_per_floor":["M","?","?","M","?","R","M","E","T","R","E","E","R","M","R","B",null,"M","M","M","M","?","R","$","R","T","R","M","E","E","M","R","B",null,"M","?","?","M","$","R","E","R","T","R","M","M","R","M","R","B"],"character_chosen":"IRONCLAD","items_purchased":["Rupture","Master of Strategy","Toy Ornithopter","Deep Breath","Apotheosis","Inflame","Shrug It Off"],"campfire_rested":1,"item_purchase_floors":[24,24,24,24,39,39,39],"current_hp_per_floor":[78,67,93,93,93,93,93,78,78,78,88,96,96,99,99,60,99,99,99,87,76,76,76,76,76,76,76,87,63,105,105,105,99,105,101,101,70,76,76,76,48,48,48,48,85,74,74,74,106,108],"gold":129,"neow_bonus":"","is_prod":false,"is_daily":true,"chose_seed":false,"campfire_upgraded":12,"win_rate":0,"timestamp":1540399143,"path_taken":["M","?","?","M","?","R","?","?","T","R","E","?","R","M","R","BOSS","M","M","M","M","?","R","?","R","T","R","M","E","?","M","R","BOSS","M","?","?","?","$","R","E","R","T","R","M","M","R","M","R","BOSS"],"build_version":"2018-10-18","purchased_purges":0,"victory":true,"max_hp_per_floor":[83,83,93,93,93,93,93,96,96,96,96,96,96,99,99,99,99,99,99,102,102,102,102,102,102,102,102,102,102,105,105,105,105,105,105,105,105,105,105,105,105,105,105,105,105,105,105,109,109,109],"card_choices":[{"not_picked":["Disarm","Battle Trance"],"picked":"Entrench","floor":1},{"not_picked":["Evolve","Power Through"],"picked":"Flex","floor":4},{"not_picked":["Uppercut","Intimidate"],"picked":"Body Slam","floor":7},{"not_picked":["Second Wind","Battle Trance"],"picked":"Armaments","floor":8},{"not_picked":["Reckless Charge","Wild Strike"],"picked":"Exhume","floor":11},{"not_picked":["Heavy Blade","Dark Embrace"],"picked":"Demon Form","floor":12},{"not_picked":["Spot Weakness","Pommel Strike"],"picked":"Feel No Pain","floor":14},{"not_picked":["Immolate","Brutality"],"picked":"Impervious","floor":16},{"not_picked":[],"picked":"Disarm","floor":18},{"not_picked":[],"picked":"Heavy Blade","floor":19},{"not_picked":[],"picked":"Sword Boomerang","floor":20},{"not_picked":[],"picked":"Iron Wave+1","floor":21},{"not_picked":["Uppercut"],"picked":"SKIP","floor":28},{"not_picked":[],"picked":"True Grit","floor":29},{"not_picked":[],"picked":"Whirlwind","floor":30},{"not_picked":["Searing Blow"],"picked":"SKIP","floor":31},{"not_picked":[],"picked":"Exhume","floor":33},{"not_picked":["Clothesline+1"],"picked":"SKIP","floor":35},{"not_picked":[],"picked":"Pummel+1","floor":38},{"not_picked":[],"picked":"Flex","floor":41},{"not_picked":["Armaments"],"picked":"SKIP","floor":45},{"not_picked":["Thunderclap+1"],"picked":"SKIP","floor":46},{"not_picked":[],"picked":"Body Slam","floor":48}],"player_experience":621679,"relics_obtained":[{"floor":8,"key":"PreservedInsect"},{"floor":9,"key":"Oddly Smooth Stone"},{"floor":11,"key":"Whetstone"},{"floor":12,"key":"Tiny Chest"},{"floor":26,"key":"Boot"},{"floor":29,"key":"Champion Belt"},{"floor":30,"key":"Red Skull"},{"floor":37,"key":"Nunchaku"},{"floor":41,"key":"Bag of Preparation"},{"floor":43,"key":"Blood Vial"}],"event_choices":[{"damage_healed":0,"gold_gain":75,"player_choice":"Gather Gold","damage_taken":11,"max_hp_gain":0,"max_hp_loss":0,"event_name":"World of Goop","floor":2,"gold_loss":0},{"cards_removed":["Brutality"],"damage_healed":16,"gold_gain":0,"player_choice":"Offered Rare","damage_taken":0,"max_hp_gain":10,"max_hp_loss":0,"event_name":"Bonfire Elementals","floor":3,"gold_loss":0},{"damage_healed":0,"gold_gain":0,"player_choice":"Leave","damage_taken":0,"max_hp_gain":0,"max_hp_loss":0,"event_name":"The Cleric","floor":5,"gold_loss":0},{"damage_healed":0,"gold_gain":0,"player_choice":"Ignored","damage_taken":0,"max_hp_gain":0,"max_hp_loss":0,"event_name":"Vampires","floor":22,"gold_loss":0},{"damage_healed":0,"gold_gain":0,"player_choice":"Ignored","damage_taken":0,"max_hp_gain":0,"max_hp_loss":0,"event_name":"Transmorgrifier","floor":36,"gold_loss":0},{"damage_healed":0,"gold_gain":0,"player_choice":"Fight","damage_taken":0,"max_hp_gain":0,"max_hp_loss":0,"event_name":"Mysterious Sphere","floor":37,"gold_loss":0}],"is_beta":false,"boss_relics":[{"not_picked":["Snecko Eye","Calling Bell"],"picked":"Busted Crown"},{"not_picked":["Runic Dome","Black Blood"],"picked":"White Beast Statue"}],"items_purged_floors":[],"is_endless":false,"potions_floor_spawned":[4,7,11,14,19,21,29,30,33,35,37,38,41,45,46,48],"ascension_level":0}