{"gold_per_floor":[215,235,235,13,13,13,53,53,101,116,216,249,274,21,21,146,146,170,189,212,137,137,137,168,168,168,193,468,468,468,111,111,111],"floor_reached":33,"playtime":911,"items_purged":["Pain","Strike_R","Regret"],"score":321,"play_id":"e795060d-2e9f-4171-a4a7-c23489c5e032","local_time":"20190327182302","is_ascension_mode":false,"campfire_choices":[{"data":"Armaments","floor":6.0,"key":"SMITH"},{"data":"Flame Barrier","floor":8.0,"key":"SMITH"},{"data":"Inflame","floor":15.0,"key":"SMITH"},{"data":"Bash","floor":23.0,"key":"SMITH"},{"data":"Disarm","floor":30.0,"key":"SMITH"},{"data":"Shrug It Off","floor":32.0,"key":"SMITH"}],"neow_cost":"NONE","seed_source_timestamp":4876272556891,"circlet_count":0,"master_deck":["Strike_R","Strike_R","Strike_R","Defend_R","Defend_R","Defend_R","Defend_R","Bash+1","Flame Barrier+1","Armaments+1","Shrug It Off+1","Inflame+1","Disarm+1","Carnage+1","Feed+1","Twin Strike+1","Burning Pact+1","Metallicize+1","Headbutt+1","Sword Boomerang+1"],"special_seed":0,"relics":["Burning Blood","WarpedTongs","Juzu Bracelet","Golden Idol","Molten Egg 2","Potion Belt","FossilizedHelix","Runic Dome","Turnip","Unceasing Top","Question Card","Enchiridion","Bag of Preparation"],"potions_floor_usage":[33,33,33],"damage_taken":[{"damage":11.0,"enemies":"Jaw Worm","floor":1.0,"turns":4.0},{"damage":1.0,"enemies":"Cultist","floor":2.0,"turns":4.0},{"damage":11.0,"enemies":"3 Sentries","floor":7.0,"turns":10.0},{"damage":0.0,"enemies":"2 Louse","floor":10.0,"turns":4.0},{"damage":11.0,"enemies":"Lagavulin","floor":12.0,"turns":9.0},{"damage":0.0,"enemies":"Exordium Wildlife","floor":13.0,"turns":3.0},{"damage":0.0,"enemies":"The Guardian","floor":16.0,"turns":16.0},{"damage":15.0,"enemies":"Spheric Guardian","floor":18.0,"turns":6.0},{"damage":0.0,"enemies":"Chosen","floor":19.0,"turns":3.0},{"damage":0.0,"enemies":"Snecko","floor":20.0,"turns":4.0},{"damage":24.0,"enemies":"Slavers","floor":24.0,"turns":7.0},{"damage":0.0,"enemies":"Centurion and Healer","floor":27.0,"turns":5.0},{"damage":67,"enemies":"Automaton","floor":33,"turns":10}],"seed_played":"443048682411034320","potions_obtained":[{"floor":2.0,"key":"Energy Potion"},{"floor":12.0,"key":"SpeedPotion"},{"floor":13.0,"key":"BloodPotion"},{"floor":18.0,"key":"Strength Potion"},{"floor":20.0,"key":"EssenceOfSteel"}],"is_trial":false,"path_per_floor":["M","M","?","$","?","R","E","R","T","M","?","E","M","$","R","B",null,"M","M","M","?","?","R","E","?","T","M","?","?","R","$","R","B"],"character_chosen":"IRONCLAD","items_purchased":["Juzu Bracelet","Carnage+1","LiquidBronze","Sword Boomerang+1","Bag of Preparation","Strength Potion"],"campfire_rested":0,"item_purchase_floors":[4,14,14,31,31,31],"current_hp_per_floor":[75,80,80,80,60,60,55,55,55,61,61,56,62,62,62,68,80,71,81,84,84,84,84,70,70,70,80,80,64,64,64,64,0],"gold":111,"neow_bonus":"HUNDRED_GOLD","is_prod":false,"is_daily":false,"chose_seed":false,"campfire_upgraded":6,"win_rate":0,"timestamp":1553732582,"path_taken":["M","M","?","$","?","R","E","R","T","M","?","E","M","?","R","BOSS","M","M","M","?","?","R","E","?","T","M","?","?","R","$","R","BOSS"],"build_version":"2019-01-23","purchased_purges":3,"victory":false,"max_hp_per_floor":[80,80,80,80,80,80,80,80,80,80,80,80,80,80,80,80,80,80,84,84,84,84,84,88,88,88,92,92,92,92,92,92,92],"card_choices":[{"not_picked":["Havoc","Feel No Pain"],"picked":"Flame Barrier","floor":1.0},{"not_picked":["Intimidate","Iron Wave"],"picked":"Armaments","floor":2.0},{"not_picked":["Evolve","Power Through"],"picked":"Shrug It Off","floor":7.0},{"not_picked":["Rage","Fire Breathing","Havoc"],"picked":"SKIP","floor":10.0},{"not_picked":["Twin Strike+1","Shrug It Off"],"picked":"Inflame","floor":12.0},{"not_picked":["Iron Wave+1","Headbutt+1"],"picked":"Disarm","floor":13.0},{"not_picked":["Exhume","Barricade"],"picked":"Feed+1","floor":16.0},{"not_picked":["Combust","Warcry+1"],"picked":"Twin Strike+1","floor":18.0},{"not_picked":["Clash+1","Anger+1","Dark Embrace"],"picked":"SKIP","floor":19.0},{"not_picked":["Flex","Pommel Strike+1"],"picked":"Burning Pact+1","floor":20.0},{"not_picked":["Reaper+1","Perfected Strike+1"],"picked":"Metallicize+1","floor":24.0},{"not_picked":["Anger+1","Clothesline+1","Clash+1"],"picked":"Headbutt+1","floor":27.0}],"player_experience":1131210,"relics_obtained":[{"floor":7.0,"key":"Molten Egg 2"},{"floor":9.0,"key":"Potion Belt"},{"floor":12.0,"key":"FossilizedHelix"},{"floor":24.0,"key":"Unceasing Top"},{"floor":26.0,"key":"Question Card"},{"floor":29.0,"key":"Enchiridion"}],"event_choices":[{"damage_healed":0.0,"max_hp_gain":0.0,"max_hp_loss":0.0,"gold_gain":0.0,"event_name":"Accursed Blacksmith","player_choice":"Rummage","floor":3.0,"gold_loss":0.0,"damage_taken":0.0,"relics_obtained":["WarpedTongs"],"cards_obtained":["Pain"]},{"damage_healed":0.0,"max_hp_gain":0.0,"max_hp_loss":0.0,"gold_gain":0.0,"event_name":"Golden Idol","player_choice":"Take Damage","floor":5.0,"gold_loss":0.0,"damage_taken":20.0,"relics_obtained":["Golden Idol"]},{"damage_healed":0.0,"max_hp_gain":0.0,"max_hp_loss":0.0,"gold_gain":100.0,"event_name":"Golden Shrine","player_choice":"Pray","floor":11.0,"gold_loss":0.0,"damage_taken":0.0},{"cards_removed":["Strike_R"],"damage_healed":0.0,"max_hp_gain":0.0,"max_hp_loss":0.0,"gold_gain":0.0,"event_name":"Beggar","player_choice":"Gave Gold","floor":21.0,"gold_loss":75.0,"damage_taken":0.0},{"damage_healed":0.0,"max_hp_gain":0.0,"max_hp_loss":0.0,"gold_gain":0.0,"event_name":"The Mausoleum","player_choice":"Opened","floor":22.0,"gold_loss":0.0,"damage_taken":0.0,"relics_obtained":["Turnip"]},{"damage_healed":0.0,"max_hp_gain":0.0,"max_hp_loss":0.0,"gold_gain":0.0,"event_name":"Vampires","player_choice":"Ignored","floor":25.0,"gold_loss":0.0,"damage_taken":0.0},{"damage_healed":0.0,"max_hp_gain":0.0,"max_hp_loss":0.0,"gold_gain":275.0,"event_name":"Golden Shrine","player_choice":"Desecrate","floor":28.0,"gold_loss":0.0,"damage_taken":0.0,"cards_obtained":["Regret"]},{"damage_healed":0.0,"max_hp_gain":0.0,"max_hp_loss":0.0,"gold_gain":0.0,"event_name":"Cursed Tome","player_choice":"Obtained Book","floor":29.0,"gold_loss":0.0,"damage_taken":16.0}],"is_beta":false,"boss_relics":[{"not_picked":["Empty Cage","Orrery"],"picked":"Runic Dome"}],"items_purged_floors":[4,14,31],"is_endless":false,"potions_floor_spawned":[2,12,13,18,20],"killed_by":"Automaton","ascension_level":0}