{"gold_per_floor":[117,67,67,242,258,301,322,70,70,88,88,132,157,157,157,281,281,299,322,338,30,51,51,76,76,102,102,123,123,23,37,37,166,166,180,180,196,196,196,214,239,264,264,264,282,72,96,109,109,109,109,109,39,83,83],"floor_reached":56,"playtime":5473,"items_purged":["Doubt","Shame","Decay"],"score":1115,"play_id":"88640878-1126-4f5d-b70f-13959e10cd1b","local_time":"20190325215246","is_ascension_mode":false,"campfire_choices":[{"data":"Blizzard","floor":15.0,"key":"SMITH"},{"data":"Echo Form","floor":23.0,"key":"SMITH"},{"floor":27.0,"key":"DIG"},{"floor":32.0,"key":"REST"},{"floor":44.0,"key":"DIG"},{"floor":49.0,"key":"RECALL"},{"floor":52.0,"key":"DIG"}],"neow_cost":"TEN_PERCENT_HP_LOSS","seed_source_timestamp":193137407578713,"circlet_count":0,"master_deck":["Strike_B","Strike_B","Strike_B","Defend_B","Defend_B","Defend_B","Zap","Dualcast","Coolheaded","Hologram","Cold Snap","Ball Lightning","Coolheaded","Seek","Blizzard+1","Echo Form+1","Tempest","Double Energy+1","Coolheaded+1","Creative AI","Heatsinks+1","Cold Snap","Panacea","Chill","Loop","Reinforced Body+1"],"special_seed":0,"relics":["Cracked Core","Thread and Needle","Golden Idol","Bag of Preparation","DataDisk","Cables","Meat on the Bone","Eternal Feather","Shovel","Mummified Hand","Bottled Lightning","Sozu","Juzu Bracelet","Orichalcum","Lantern","Dodecahedron","Dead Branch"],"potions_floor_usage":[],"damage_taken":[{"damage":1.0,"enemies":"Small Slimes","floor":1.0,"turns":3.0},{"damage":0.0,"enemies":"2 Louse","floor":5.0,"turns":2.0},{"damage":13.0,"enemies":"3 Sentries","floor":6.0,"turns":12.0},{"damage":0.0,"enemies":"Jaw Worm","floor":7.0,"turns":4.0},{"damage":0.0,"enemies":"2 Fungi Beasts","floor":10.0,"turns":2.0},{"damage":4.0,"enemies":"Lagavulin","floor":12.0,"turns":5.0},{"damage":0.0,"enemies":"3 Louse","floor":13.0,"turns":3.0},{"damage":17.0,"enemies":"Slime Boss","floor":16.0,"turns":8.0},{"damage":0.0,"enemies":"Chosen","floor":18.0,"turns":4.0},{"damage":4.0,"enemies":"3 Byrds","floor":19.0,"turns":4.0},{"damage":6.0,"enemies":"Snake Plant","floor":20.0,"turns":4.0},{"damage":13.0,"enemies":"Centurion and Healer","floor":22.0,"turns":5.0},{"damage":21.0,"enemies":"3 Cultists","floor":24.0,"turns":6.0},{"damage":16.0,"enemies":"Cultist and Chosen","floor":28.0,"turns":5.0},{"damage":13.0,"enemies":"Centurion and Healer","floor":31.0,"turns":6.0},{"damage":52.0,"enemies":"Collector","floor":33.0,"turns":8.0},{"damage":0.0,"enemies":"3 Shapes","floor":35.0,"turns":4.0},{"damage":14.0,"enemies":"Orb Walker","floor":37.0,"turns":4.0},{"damage":0.0,"enemies":"Transient","floor":40.0,"turns":5.0},{"damage":0.0,"enemies":"4 Shapes","floor":41.0,"turns":4.0},{"damage":7.0,"enemies":"3 Darklings","floor":42.0,"turns":4.0},{"damage":0.0,"enemies":"Maw","floor":45.0,"turns":7.0},{"damage":10.0,"enemies":"Transient","floor":47.0,"turns":5.0},{"damage":12.0,"enemies":"Spire Growth","floor":48.0,"turns":6.0},{"damage":35.0,"enemies":"Awakened One","floor":50.0,"turns":9.0},{"damage":55.0,"enemies":"Shield and Spear","floor":54.0,"turns":8.0},{"damage":20,"enemies":"The Heart","floor":55,"turns":10}],"seed_played":"2084575462255862745","potions_obtained":[{"floor":5.0,"key":"Fire Potion"},{"floor":10.0,"key":"Weak Potion"},{"floor":13.0,"key":"GamblersBrew"},{"floor":19.0,"key":"Swift Potion"},{"floor":28.0,"key":"PowerPotion"},{"floor":31.0,"key":"FearPotion"}],"is_trial":false,"path_per_floor":["M","?","?","?","M","E","M","$","T","M","$","E","M","?","R","B",null,"M","M","M","$","M","R","M","?","T","R","M","?","$","M","R","B",null,"M","?","M","?","?","M","M","M","T","R","M","$","M","M","R","B",null,"R","$","E","B",null],"character_chosen":"DEFECT","items_purchased":["DataDisk","Ball Lightning","Shovel","Panacea","Loop"],"campfire_rested":1,"item_purchase_floors":[8,8,21,46,53],"current_hp_per_floor":[67,67,50,50,50,37,37,37,37,37,37,33,45,38,38,33,68,68,64,58,58,45,54,45,45,45,57,41,41,41,40,68,28,68,68,68,54,54,54,54,54,47,47,59,59,59,49,37,49,26,65,65,65,22,14],"gold":83,"neow_bonus":"ONE_RARE_RELIC","is_prod":false,"is_daily":false,"chose_seed":false,"campfire_upgraded":2,"win_rate":0,"timestamp":1553568766,"path_taken":["M","?","?","?","M","E","M","$","T","?","$","E","M","?","R","BOSS","M","M","M","$","M","R","M","?","T","R","M","?","$","?","R","BOSS","M","?","?","?","?","M","M","M","T","R","M","$","M","M","R","BOSS","R","$","E","BOSS"],"build_version":"2019-01-23","purchased_purges":3,"victory":true,"max_hp_per_floor":[68,68,68,68,68,68,68,68,68,68,68,68,68,68,68,68,68,68,68,68,68,68,68,68,68,68,68,68,68,68,68,68,68,68,68,68,68,68,65,65,65,65,65,65,65,65,65,65,65,65,65,65,65,65,65],"card_choices":[{"not_picked":["Go for the Eyes","Rebound"],"picked":"Coolheaded","floor":1.0},{"not_picked":["Reinforced Body","Rebound"],"picked":"Hologram","floor":5.0},{"not_picked":["All For One","Leap"],"picked":"Cold Snap","floor":6.0},{"not_picked":["Auto Shields","Beam Cell","Streamline"],"picked":"SKIP","floor":7.0},{"not_picked":["Compile Driver","Streamline"],"picked":"Coolheaded","floor":10.0},{"not_picked":["Fusion","Stack"],"picked":"Seek","floor":12.0},{"not_picked":["Conserve Battery","Lockon"],"picked":"Blizzard","floor":13.0},{"not_picked":["Seek","Amplify"],"picked":"Echo Form","floor":16.0},{"not_picked":["Stack+1","Gash+1"],"picked":"Tempest","floor":18.0},{"not_picked":["Turbo+1","Redo+1"],"picked":"Double Energy","floor":19.0},{"not_picked":["Scrape","Streamline","Beam Cell"],"picked":"SKIP","floor":20.0},{"not_picked":["Aggregate","Sweeping Beam","Doom and Gloom"],"picked":"SKIP","floor":22.0},{"not_picked":["Turbo+1","Compile Driver"],"picked":"Coolheaded+1","floor":24.0},{"not_picked":["Stack","Creative AI","Ball Lightning+1"],"picked":"SKIP","floor":28.0},{"not_picked":["Reprogram","Coolheaded","Double Energy"],"picked":"SKIP","floor":31.0},{"not_picked":["Reboot","Echo Form"],"picked":"Creative AI","floor":33.0},{"not_picked":["Auto Shields+1","Conserve Battery+1"],"picked":"Heatsinks+1","floor":35.0},{"not_picked":["Conserve Battery","Lockon","Steam Power+1"],"picked":"SKIP","floor":37.0},{"not_picked":["Aggregate+1","Gash"],"picked":"Cold Snap","floor":40.0},{"not_picked":["Scrape","Conserve Battery+1","Cold Snap+1"],"picked":"SKIP","floor":41.0},{"not_picked":["Reinforced Body+1","Scrape+1","Streamline"],"picked":"SKIP","floor":42.0},{"not_picked":["Doom and Gloom+1","Redo","Core Surge"],"picked":"SKIP","floor":45.0},{"not_picked":["Auto Shields","Beam Cell"],"picked":"Chill","floor":47.0},{"not_picked":["Ball Lightning","Leap","Coolheaded"],"picked":"SKIP","floor":48.0},{"not_picked":["Sweeping Beam+1","Ball Lightning+1"],"picked":"Reinforced Body+1","floor":54.0}],"player_experience":779120,"relics_obtained":[{"floor":6.0,"key":"Bag of Preparation"},{"floor":9.0,"key":"Cables"},{"floor":12.0,"key":"Meat on the Bone"},{"floor":27.0,"key":"Bottled Lightning"},{"floor":43.0,"key":"Orichalcum"},{"floor":44.0,"key":"Lantern"},{"floor":52.0,"key":"Dodecahedron"},{"floor":54.0,"key":"Dead Branch"}],"event_choices":[{"cards_removed":["Strike_B"],"damage_healed":0.0,"max_hp_gain":0.0,"max_hp_loss":0.0,"gold_gain":0.0,"event_name":"The Cleric","player_choice":"Card Removal","floor":2.0,"gold_loss":50.0,"damage_taken":0.0},{"damage_healed":0.0,"max_hp_gain":0.0,"max_hp_loss":0.0,"gold_gain":0.0,"event_name":"Golden Idol","player_choice":"Take Damage","floor":3.0,"gold_loss":0.0,"damage_taken":17.0,"relics_obtained":["Golden Idol"]},{"damage_healed":0.0,"max_hp_gain":0.0,"max_hp_loss":0.0,"gold_gain":175.0,"event_name":"Liars Game","player_choice":"AGREE","floor":4.0,"gold_loss":0.0,"damage_taken":0.0,"cards_obtained":["Doubt"]},{"cards_removed":["Defend_B"],"damage_healed":0.0,"max_hp_gain":0.0,"max_hp_loss":0.0,"gold_gain":0.0,"event_name":"Golden Wing","player_choice":"Card Removal","floor":14.0,"gold_loss":0.0,"damage_taken":7.0},{"damage_healed":0.0,"max_hp_gain":0.0,"max_hp_loss":0.0,"gold_gain":0.0,"event_name":"Addict","player_choice":"Stole Relic","floor":25.0,"gold_loss":0.0,"damage_taken":0.0,"relics_obtained":["Mummified Hand"],"cards_obtained":["Shame"]},{"damage_healed":0.0,"max_hp_gain":0.0,"max_hp_loss":0.0,"gold_gain":0.0,"event_name":"Accursed Blacksmith","player_choice":"Forge","floor":29.0,"gold_loss":0.0,"damage_taken":0.0,"cards_upgraded":["Double Energy"]},{"damage_healed":0.0,"max_hp_gain":0.0,"max_hp_loss":0.0,"gold_gain":0.0,"event_name":"Wheel of Change","player_choice":"Cursed","floor":36.0,"gold_loss":0.0,"damage_taken":0.0,"cards_obtained":["Decay"]},{"damage_healed":0.0,"max_hp_gain":0.0,"max_hp_loss":0.0,"gold_gain":0.0,"event_name":"WeMeetAgain","player_choice":"Gave Potion","floor":38.0,"gold_loss":0.0,"damage_taken":0.0,"relics_obtained":["Juzu Bracelet"]},{"damage_healed":0.0,"max_hp_gain":0.0,"max_hp_loss":3.0,"gold_gain":0.0,"event_name":"Winding Halls","player_choice":"Max HP","floor":39.0,"gold_loss":0.0,"damage_taken":0.0}],"is_beta":false,"boss_relics":[{"not_picked":["Runic Dome","Tiny House"],"picked":"Eternal Feather"},{"not_picked":["Busted Crown","Fusion Hammer"],"picked":"Sozu"}],"items_purged_floors":[8,30,46],"is_endless":false,"potions_floor_spawned":[5,10,13,19,28,31,35,40,42,47],"ascension_level":0}