{"gold_per_floor":[111,111,129,2,2,2,34,34,115,115,147,147,69,83,83,160,160,176,192,192,202,202,202,202],"floor_reached":24,"playtime":1303,"items_purged":["Normality"],"score":404,"play_id":"145618be-81dc-425f-bd06-d7a90ba044e7","local_time":"20190309133227","is_ascension_mode":true,"campfire_choices":[{"data":"Neutralize","floor":6.0,"key":"SMITH"},{"floor":12.0,"key":"REST"},{"data":"Catalyst","floor":15.0,"key":"SMITH"},{"floor":23.0,"key":"REST"}],"neow_cost":"CURSE","seed_source_timestamp":624105542610319,"circlet_count":0,"master_deck":["AscendersBane","Defend_G","Defend_G","Defend_G","Defend_G","Defend_G","Strike_G","Strike_G","Strike_G","Strike_G","Survivor","Neutralize+1","Cloak And Dagger","Poisoned Stab","Poisoned Stab","Deflect","Catalyst+1","Deadly Poison","After Image","Noxious Fumes","Cloak And Dagger"],"special_seed":0,"relics":["Ring of the Snake","Ginger","Happy Flower","Singing Bowl","Cursed Key"],"potions_floor_usage":[24],"damage_taken":[{"damage":14.0,"enemies":"Cultist","floor":1.0,"turns":5.0},{"damage":2.0,"enemies":"Small Slimes","floor":3.0,"turns":4.0},{"damage":35.0,"enemies":"Lagavulin","floor":7.0,"turns":7.0},{"damage":36.0,"enemies":"3 Sentries","floor":11.0,"turns":15.0},{"damage":0.0,"enemies":"Jaw Worm","floor":14.0,"turns":3.0},{"damage":20.0,"enemies":"The Guardian","floor":16.0,"turns":11.0},{"damage":7.0,"enemies":"3 Byrds","floor":18.0,"turns":6.0},{"damage":15.0,"enemies":"Spheric Guardian","floor":19.0,"turns":5.0},{"damage":17.0,"enemies":"3 Cultists","floor":21.0,"turns":6.0},{"damage":24.0,"enemies":"Colosseum Slavers","floor":22.0,"turns":5.0},{"damage":34,"enemies":"Gremlin Leader","floor":24,"turns":4}],"seed_played":"-7247701177403298845","potions_obtained":[{"floor":1.0,"key":"Regen Potion"},{"floor":11.0,"key":"LiquidBronze"},{"floor":21.0,"key":"LiquidBronze"}],"is_trial":false,"path_per_floor":["M","?","M","$","?","R","E","$","T","?","E","R","$","M","R","B",null,"M","M","?","M","?","R","E"],"character_chosen":"THE_SILENT","items_purchased":["Poisoned Stab","Deadly Poison","Dexterity Potion"],"campfire_rested":2,"item_purchase_floors":[4,13,13],"current_hp_per_floor":[45,45,43,43,36,36,16,16,16,38,2,21,21,23,23,3,52,45,30,44,29,5,26,0],"gold":202,"neow_bonus":"ONE_RARE_RELIC","is_prod":false,"is_daily":false,"chose_seed":false,"campfire_upgraded":2,"win_rate":0,"timestamp":1552159947,"path_taken":["M","?","M","$","?","R","E","?","T","?","E","R","$","M","R","BOSS","M","M","?","M","?","R","E"],"build_version":"2019-01-23","purchased_purges":1,"victory":false,"max_hp_per_floor":[66,66,66,66,66,66,66,66,66,66,66,66,66,68,68,68,68,68,68,68,70,70,70,70],"card_choices":[{"not_picked":["Acrobatics","Dodge and Roll"],"picked":"Cloak And Dagger","floor":1.0},{"not_picked":["Expertise","Backflip"],"picked":"Poisoned Stab","floor":3.0},{"not_picked":["Deadly Poison","Concentrate"],"picked":"Deflect","floor":7.0},{"not_picked":["Sucker Punch","Quick Slash"],"picked":"Catalyst","floor":11.0},{"not_picked":["Distraction","Backflip","Choke"],"picked":"Singing Bowl","floor":14.0},{"not_picked":["Tools of the Trade","Envenom"],"picked":"After Image","floor":16.0},{"not_picked":["Well Laid Plans","Outmaneuver"],"picked":"Noxious Fumes","floor":18.0},{"not_picked":["Bane","Quick Slash"],"picked":"Cloak And Dagger","floor":19.0},{"not_picked":["Slice+1","Poisoned Stab","Backflip"],"picked":"Singing Bowl","floor":21.0}],"player_experience":721542,"relics_obtained":[{"floor":7.0,"key":"Happy Flower"},{"floor":11.0,"key":"Singing Bowl"}],"event_choices":[{"damage_healed":0.0,"max_hp_gain":0.0,"max_hp_loss":0.0,"gold_gain":0.0,"event_name":"Golden Idol","player_choice":"Ignored","floor":2.0,"gold_loss":0.0,"damage_taken":0.0},{"cards_removed":["Strike_G"],"damage_healed":0.0,"max_hp_gain":0.0,"max_hp_loss":0.0,"gold_gain":0.0,"event_name":"Golden Wing","player_choice":"Card Removal","floor":5.0,"gold_loss":0.0,"damage_taken":7.0},{"damage_healed":22.0,"max_hp_gain":0.0,"max_hp_loss":0.0,"gold_gain":0.0,"event_name":"Big Fish","player_choice":"Banana","floor":10.0,"gold_loss":0.0,"damage_taken":0.0},{"damage_healed":14.0,"max_hp_gain":0.0,"max_hp_loss":0.0,"gold_gain":0.0,"event_name":"The Library","player_choice":"Heal","floor":20.0,"gold_loss":0.0,"damage_taken":0.0},{"damage_healed":0.0,"max_hp_gain":0.0,"max_hp_loss":0.0,"gold_gain":0.0,"event_name":"Colosseum","player_choice":"Fight","floor":22.0,"gold_loss":0.0,"damage_taken":0.0},{"damage_healed":0.0,"max_hp_gain":0.0,"max_hp_loss":0.0,"gold_gain":0.0,"event_name":"Colosseum","player_choice":"Fled From Nobs","floor":22.0,"gold_loss":0.0,"damage_taken":0.0}],"is_beta":false,"boss_relics":[{"not_picked":["Philosopher\u0027s Stone","Busted Crown"],"picked":"Cursed Key"}],"items_purged_floors":[4],"is_endless":false,"potions_floor_spawned":[1,11,14,16,18,21,22],"killed_by":"Gremlin Leader","ascension_level":20}