{"gold_per_floor":[115,131,142,158,79,79,112,112,112,137,137,162,312,48,48,119,119,134,134,146,36,36,36,36,36,36,54,54,4,4,16,16,87,87,102,120,70,88,104,104,104,104,104,104,123,123,73,88,88,88],"floor_reached":50,"playtime":2937,"items_purged":["Doubt","Strike_B","Strike_B","Decay","Parasite"],"score":966,"play_id":"877139b7-77dc-4624-857b-76b49311fd65","local_time":"20190317230901","is_ascension_mode":true,"campfire_choices":[{"data":"Doom and Gloom","floor":6.0,"key":"SMITH"},{"data":"Compile Driver","floor":8.0,"key":"SMITH"},{"floor":11.0,"key":"REST"},{"data":"Darkness","floor":15.0,"key":"SMITH"},{"floor":23.0,"key":"REST"},{"data":"Self Repair","floor":25.0,"key":"SMITH"},{"data":"Darkness","floor":28.0,"key":"SMITH"},{"data":"Dualcast","floor":30.0,"key":"SMITH"},{"floor":32.0,"key":"REST"},{"data":"Biased Cognition","floor":40,"key":"SMITH"},{"data":"Coolheaded","floor":42,"key":"SMITH"},{"data":"Coolheaded","floor":44,"key":"SMITH"},{"data":"Reinforced Body","floor":46,"key":"SMITH"},{"floor":49,"key":"RECALL"}],"neow_cost":"NONE","seed_source_timestamp":363951207381087,"circlet_count":0,"master_deck":["AscendersBane","Defend_B","Defend_B","Defend_B","Defend_B","Zap+1","Dualcast+1","Cold Snap","Steam","Doom and Gloom+1","Conserve Battery","FTL","Compile Driver+1","Echo Form","Darkness+1","Electrodynamics","Turbo","Heatsinks","Darkness+1","Conserve Battery","Self Repair+1","Biased Cognition+1","Coolheaded+1","Core Surge","Conserve Battery","Cold Snap+1","Reinforced Body+1","Coolheaded+1"],"special_seed":0,"relics":["Cracked Core","Bottled Lightning","The Courier","Vajra","Smiling Mask","Cables","Inserter","Torii","Coffee Dripper"],"potions_floor_usage":[45,50],"damage_taken":[{"damage":1.0,"enemies":"Cultist","floor":1.0,"turns":3.0},{"damage":2.0,"enemies":"Jaw Worm","floor":2.0,"turns":3.0},{"damage":4.0,"enemies":"2 Louse","floor":3.0,"turns":3.0},{"damage":0.0,"enemies":"Large Slime","floor":4.0,"turns":4.0},{"damage":12.0,"enemies":"3 Sentries","floor":7.0,"turns":5.0},{"damage":7.0,"enemies":"Gremlin Nob","floor":10.0,"turns":3.0},{"damage":0.0,"enemies":"Lagavulin","floor":12.0,"turns":5.0},{"damage":43.0,"enemies":"Slime Boss","floor":16.0,"turns":7.0},{"damage":3.0,"enemies":"Spheric Guardian","floor":18.0,"turns":4.0},{"damage":26.0,"enemies":"2 Thieves","floor":20.0,"turns":3.0},{"damage":27.0,"enemies":"Colosseum Slavers","floor":22.0,"turns":2.0},{"damage":18.0,"enemies":"Sentry and Sphere","floor":27.0,"turns":5.0},{"damage":18.0,"enemies":"Centurion and Healer","floor":31.0,"turns":6.0},{"damage":28.0,"enemies":"Champ","floor":33.0,"turns":11.0},{"damage":35.0,"enemies":"3 Darklings","floor":35.0,"turns":4.0},{"damage":1.0,"enemies":"3 Shapes","floor":36.0,"turns":4.0},{"damage":12,"enemies":"Writhing Mass","floor":38,"turns":7},{"damage":33,"enemies":"3 Darklings","floor":39,"turns":5},{"damage":20,"enemies":"Maw","floor":45,"turns":7},{"damage":50,"enemies":"Jaw Worm Horde","floor":48,"turns":5},{"damage":14,"enemies":"Donu and Deca","floor":50,"turns":2}],"seed_played":"-42205534598182367","potions_obtained":[{"floor":2.0,"key":"SkillPotion"},{"floor":3.0,"key":"FocusPotion"},{"floor":10.0,"key":"Ancient Potion"},{"floor":20.0,"key":"SpeedPotion"},{"floor":31.0,"key":"Swift Potion"},{"floor":38,"key":"Fruit Juice"},{"floor":39,"key":"Poison Potion"},{"floor":45,"key":"SteroidPotion"}],"is_trial":false,"path_per_floor":["M","M","M","M","$","R","E","R","T","E","R","E","?","$","R","B",null,"M","?","M","$","?","R","?","R","T","M","R","$","R","M","R","B",null,"M","M","$","M","M","R","?","R","T","R","M","R","$","M","R","B"],"character_chosen":"DEFECT","items_purchased":["FTL","Cables","Self Repair"],"campfire_rested":3,"item_purchase_floors":[5,14,21],"current_hp_per_floor":[63,61,57,57,57,57,45,45,45,38,59,59,59,59,59,16,57,54,54,28,28,1,22,22,22,22,24,24,24,24,26,47,29,61,46,55,55,63,50,50,50,50,50,50,55,55,55,5,5,0],"gold":88,"neow_bonus":"UPGRADE_CARD","is_prod":false,"is_daily":false,"chose_seed":false,"campfire_upgraded":10,"win_rate":0,"timestamp":1552882141,"path_taken":["M","M","M","M","?","R","E","R","T","E","R","E","?","$","R","BOSS","M","?","M","$","?","R","?","R","T","M","R","$","R","M","R","BOSS","M","M","$","M","M","R","?","R","T","R","M","R","$","M","R","BOSS"],"build_version":"2019-01-23","purchased_purges":5,"victory":false,"max_hp_per_floor":[71,71,71,71,71,71,71,71,71,71,71,71,71,71,71,71,71,71,71,71,71,71,71,71,71,71,71,71,71,71,71,71,71,71,71,71,71,71,71,71,71,71,71,71,76,76,73,73,73,73],"card_choices":[{"not_picked":["Barrage","Hello World"],"picked":"Cold Snap","floor":1.0},{"not_picked":["Streamline","Coolheaded"],"picked":"Steam","floor":2.0},{"not_picked":["Recycle","Redo"],"picked":"Doom and Gloom","floor":3.0},{"not_picked":["Doom and Gloom","Steam"],"picked":"Conserve Battery","floor":4.0},{"not_picked":["Recycle","Hologram"],"picked":"Compile Driver","floor":7.0},{"not_picked":["Hologram","Tempest"],"picked":"Echo Form","floor":10.0},{"not_picked":["Steam","Loop"],"picked":"Darkness","floor":12.0},{"not_picked":["Seek","Biased Cognition"],"picked":"Electrodynamics","floor":16.0},{"not_picked":["Streamline","Gash"],"picked":"Turbo","floor":18.0},{"not_picked":["Stack","Coolheaded"],"picked":"Conserve Battery","floor":20.0},{"not_picked":["Static Discharge","Chaos"],"picked":"Biased Cognition","floor":27.0},{"not_picked":["Aggregate","Hologram"],"picked":"Coolheaded","floor":31.0},{"not_picked":["Buffer","Meteor Strike"],"picked":"Core Surge","floor":33.0},{"not_picked":["Gash","Genetic Algorithm"],"picked":"Conserve Battery","floor":35.0},{"not_picked":["Leap","Barrage"],"picked":"Cold Snap+1","floor":36.0},{"not_picked":["Rebound","Hello World"],"picked":"Reinforced Body","floor":38},{"not_picked":["Barrage","Rip and Tear"],"picked":"Coolheaded","floor":39},{"not_picked":["Chaos","Gash","Turbo"],"picked":"SKIP","floor":45},{"not_picked":["All For One","Steam+1","Go for the Eyes"],"picked":"SKIP","floor":48}],"player_experience":817206,"relics_obtained":[{"floor":7.0,"key":"Bottled Lightning"},{"floor":9.0,"key":"The Courier"},{"floor":10.0,"key":"Vajra"},{"floor":12.0,"key":"Smiling Mask"},{"floor":26.0,"key":"Torii"}],"event_choices":[{"damage_healed":0.0,"max_hp_gain":0.0,"max_hp_loss":0.0,"gold_gain":150.0,"event_name":"Liars Game","player_choice":"AGREE","floor":13.0,"gold_loss":0.0,"damage_taken":0.0,"cards_obtained":["Doubt"]},{"damage_healed":0.0,"max_hp_gain":0.0,"max_hp_loss":0.0,"gold_gain":0.0,"cards_transformed":["Strike_B","Strike_B"],"event_name":"Drug Dealer","player_choice":"Became Test Subject","floor":19.0,"gold_loss":0.0,"damage_taken":0.0,"cards_obtained":["Heatsinks","Darkness"]},{"damage_healed":0.0,"max_hp_gain":0.0,"max_hp_loss":0.0,"gold_gain":0.0,"event_name":"Colosseum","player_choice":"Fight","floor":22.0,"gold_loss":0.0,"damage_taken":0.0},{"damage_healed":0.0,"max_hp_gain":0.0,"max_hp_loss":0.0,"gold_gain":0.0,"event_name":"Colosseum","player_choice":"Fled From Nobs","floor":22.0,"gold_loss":0.0,"damage_taken":0.0},{"damage_healed":0.0,"max_hp_gain":0.0,"max_hp_loss":0.0,"gold_gain":0.0,"event_name":"Forgotten Altar","player_choice":"Smashed Altar","floor":24.0,"gold_loss":0.0,"damage_taken":0.0,"cards_obtained":["Decay"]},{"damage_healed":0,"gold_gain":0,"player_choice":"Ignored","damage_taken":0,"max_hp_gain":0,"max_hp_loss":0,"event_name":"Tomb of Lord Red Mask","floor":41,"gold_loss":0}],"is_beta":false,"boss_relics":[{"not_picked":["Calling Bell","Empty Cage"],"picked":"Inserter"},{"not_picked":["Orrery","Astrolabe"],"picked":"Coffee Dripper"}],"items_purged_floors":[14,21,29,37,47],"is_endless":false,"potions_floor_spawned":[2,3,10,20,31,38,39,45],"killed_by":"Donu and Deca","ascension_level":20}