{"gold_per_floor":[99,99,99,22,22,22,22,22,22,22,22,22,22,22,22,22,22,22,22,22,22,22,22,22,22,22,22,22,22,22,22,22,22],"floor_reached":33,"playtime":1780,"items_purged":[],"score":514,"play_id":"e84091a1-1a11-49d7-8358-790e13519a9c","local_time":"20190328171914","is_ascension_mode":true,"campfire_choices":[{"data":"Footwork","floor":6.0,"key":"SMITH"},{"data":"Dagger Throw","floor":10.0,"key":"SMITH"},{"data":"Backflip","floor":15.0,"key":"SMITH"},{"floor":25.0,"key":"REST"},{"data":"Catalyst","floor":29,"key":"SMITH"},{"floor":32,"key":"REST"}],"neow_cost":"NONE","seed_source_timestamp":440491827598239,"circlet_count":0,"master_deck":["AscendersBane","Defend_G+1","Defend_G+1","Defend_G+1","Defend_G+1","Defend_G+1","Strike_G+1","Strike_G+1","Strike_G+1","Strike_G+1","Strike_G+1","Survivor","Neutralize+1","PiercingWail","Dagger Throw+1","Footwork+1","Backflip+1","Noxious Fumes+1","Corpse Explosion","Catalyst+1","Backstab","Dodge and Roll","Backflip","Envenom+1","Backstab+1","Leg Sweep"],"special_seed":0,"relics":["Ectoplasm","Mercury Hourglass","Anchor","Ice Cream","Frozen Egg 2","Nloth\u0027s Gift","Happy Flower","Letter Opener"],"potions_floor_usage":[33],"damage_taken":[{"damage":0.0,"enemies":"2 Louse","floor":1.0,"turns":4.0},{"damage":0.0,"enemies":"Cultist","floor":3.0,"turns":5.0},{"damage":0.0,"enemies":"Small Slimes","floor":5.0,"turns":4.0},{"damage":8.0,"enemies":"2 Fungi Beasts","floor":12.0,"turns":4.0},{"damage":2.0,"enemies":"Exordium Thugs","floor":13.0,"turns":5.0},{"damage":9.0,"enemies":"The Guardian","floor":16.0,"turns":13.0},{"damage":0.0,"enemies":"3 Byrds","floor":18.0,"turns":3.0},{"damage":0.0,"enemies":"Colosseum Slavers","floor":20.0,"turns":3.0},{"damage":18.0,"enemies":"Colosseum Nobs","floor":20.0,"turns":3.0},{"damage":2.0,"enemies":"Chosen","floor":21.0,"turns":5.0},{"damage":5.0,"enemies":"Snake Plant","floor":22.0,"turns":5.0},{"damage":0.0,"enemies":"3 Cultists","floor":24.0,"turns":2.0},{"damage":20.0,"enemies":"Sentry and Sphere","floor":27.0,"turns":4.0},{"damage":12,"enemies":"Gremlin Leader","floor":28,"turns":7},{"damage":2,"enemies":"Snake Plant","floor":30,"turns":4},{"damage":53,"enemies":"Champ","floor":33,"turns":12}],"seed_played":"-2319035514817460163","potions_obtained":[{"floor":3.0,"key":"SmokeBomb"},{"floor":5.0,"key":"SteroidPotion"},{"floor":13.0,"key":"AttackPotion"},{"floor":18.0,"key":"SkillPotion"},{"floor":20.0,"key":"Explosive Potion"},{"floor":27.0,"key":"FearPotion"},{"floor":30,"key":"Poison Potion"}],"is_trial":false,"path_per_floor":["M","?","M","$","M","R","$","?","T","R","?","M","M","?","R","B",null,"M","?","?","M","M","?","M","R","T","M","E","R","M","$","R","B"],"character_chosen":"THE_SILENT","items_purchased":["Footwork"],"campfire_rested":2,"item_purchase_floors":[4],"current_hp_per_floor":[59,59,59,59,59,59,59,64,64,64,64,56,54,54,54,45,65,65,65,47,45,40,40,40,61,61,41,29,29,27,27,48,0],"gold":22,"neow_bonus":"BOSS_RELIC","is_prod":false,"is_daily":false,"chose_seed":false,"campfire_upgraded":4,"win_rate":0,"timestamp":1553811554,"path_taken":["M","?","M","$","M","R","?","?","T","R","?","?","M","?","R","BOSS","M","?","?","M","M","?","M","R","T","?","E","R","M","?","R","BOSS"],"build_version":"2019-01-23","purchased_purges":0,"victory":false,"max_hp_per_floor":[66,66,66,66,66,66,66,71,71,71,71,71,71,71,71,71,71,71,71,71,71,71,71,71,71,71,71,71,71,71,71,71,71],"card_choices":[{"not_picked":["Flying Knee","Underhanded Strike"],"picked":"PiercingWail","floor":1.0},{"not_picked":["Deflect","Distraction"],"picked":"Dagger Throw","floor":3.0},{"not_picked":["Acrobatics","Dagger Throw"],"picked":"Backflip","floor":5.0},{"not_picked":["Quick Slash","All Out Attack","Accuracy"],"picked":"SKIP","floor":12.0},{"not_picked":["Dagger Throw","Blade Dance"],"picked":"Noxious Fumes","floor":13.0},{"not_picked":["Unload","Night Terror"],"picked":"Corpse Explosion","floor":16.0},{"not_picked":["Deflect","Poisoned Stab"],"picked":"Catalyst","floor":18.0},{"not_picked":["Dagger Spray","Blade Dance"],"picked":"Backstab","floor":20.0},{"not_picked":["Blade Dance","Acrobatics","Underhanded Strike"],"picked":"SKIP","floor":21.0},{"not_picked":["Outmaneuver","All Out Attack"],"picked":"Dodge and Roll","floor":22.0},{"not_picked":["Bullet Time","Reflex+1"],"picked":"Backflip","floor":24.0},{"not_picked":["Deadly Poison","Flying Knee"],"picked":"Envenom+1","floor":27.0},{"not_picked":["Bane","Prepared"],"picked":"Backstab+1","floor":28},{"not_picked":["Flying Knee","Calculated Gamble"],"picked":"Leg Sweep","floor":30}],"player_experience":797738,"relics_obtained":[{"floor":9.0,"key":"Mercury Hourglass"},{"floor":11.0,"key":"Anchor"},{"floor":20.0,"key":"Ice Cream"},{"floor":20.0,"key":"Frozen Egg 2"},{"floor":26.0,"key":"Happy Flower"},{"floor":28,"key":"Letter Opener"}],"event_choices":[{"damage_healed":0.0,"max_hp_gain":0.0,"max_hp_loss":0.0,"gold_gain":0.0,"event_name":"Accursed Blacksmith","player_choice":"Forge","floor":2.0,"gold_loss":0.0,"damage_taken":0.0,"cards_upgraded":["Neutralize"]},{"damage_healed":0.0,"max_hp_gain":5.0,"max_hp_loss":0.0,"gold_gain":0.0,"event_name":"Big Fish","player_choice":"Donut","floor":8.0,"gold_loss":0.0,"damage_taken":0.0},{"damage_healed":0.0,"max_hp_gain":0.0,"max_hp_loss":0.0,"gold_gain":0.0,"event_name":"Wheel of Change","player_choice":"Relic","floor":11.0,"gold_loss":0.0,"damage_taken":0.0},{"damage_healed":0.0,"max_hp_gain":0.0,"max_hp_loss":0.0,"gold_gain":0.0,"event_name":"Living Wall","player_choice":"Grow","floor":14.0,"gold_loss":0.0,"damage_taken":0.0,"cards_upgraded":["Noxious Fumes"]},{"damage_healed":0.0,"max_hp_gain":0.0,"max_hp_loss":0.0,"gold_gain":0.0,"event_name":"Back to Basics","player_choice":"Simplicity","floor":19.0,"gold_loss":0.0,"damage_taken":0.0,"cards_upgraded":["Defend_G","Defend_G","Defend_G","Defend_G","Defend_G","Strike_G","Strike_G","Strike_G","Strike_G","Strike_G"]},{"damage_healed":0.0,"max_hp_gain":0.0,"max_hp_loss":0.0,"gold_gain":0.0,"event_name":"Colosseum","player_choice":"Fight","floor":20.0,"gold_loss":0.0,"damage_taken":0.0},{"damage_healed":0.0,"max_hp_gain":0.0,"max_hp_loss":0.0,"gold_gain":0.0,"event_name":"Colosseum","player_choice":"Fought Nobs","floor":20.0,"gold_loss":0.0,"damage_taken":0.0},{"damage_healed":0.0,"max_hp_gain":0.0,"max_hp_loss":0.0,"gold_gain":0.0,"event_name":"N\u0027loth","player_choice":"Traded Relic","floor":23.0,"relics_lost":["Runic Pyramid"],"gold_loss":0.0,"damage_taken":0.0,"relics_obtained":["Nloth\u0027s Gift"]}],"is_beta":false,"boss_relics":[{"not_picked":["Velvet Choker","Calling Bell"],"picked":"Runic Pyramid"}],"items_purged_floors":[],"is_endless":false,"potions_floor_spawned":[3,5,13,18,20,27,30],"killed_by":"Champ","ascension_level":20}