{"gold_per_floor":[144,71,71,116,161,161,251,296,296,341,15,15,60,105,105,105],"floor_reached":16,"playtime":962,"items_purged":[],"score":104,"play_id":"cfd4597c-d944-4bed-832f-82f4b1a8ea31","local_time":"20180724070733","daily_mods":["Diverse","Midas","Uncertain Future"],"is_ascension_mode":false,"campfire_choices":[{"floor":6,"key":"REST"},{"floor":15,"key":"REST"}],"neow_cost":"","seed_source_timestamp":0,"circlet_count":0,"master_deck":["Strike_R","Strike_R","Strike_R","Strike_R","Strike_R","Defend_R","Defend_R","Defend_R","Defend_R","Bash","Body Slam","Riddle With Holes","Expertise","Beam Cell","All For One","Poisoned Stab","Self Repair","Leap","Sweeping Beam"],"special_seed":17736,"relics":["Burning Blood","Potion Belt","Nunchaku","Bag of Preparation"],"potions_floor_usage":[7,8,11,16],"damage_taken":[{"damage":0,"enemies":"2 Louse","floor":1,"turns":3},{"damage":6,"enemies":"Jaw Worm","floor":4,"turns":3},{"damage":5,"enemies":"Cultist","floor":5,"turns":4},{"damage":20,"enemies":"3 Sentries","floor":7,"turns":7},{"damage":36,"enemies":"Exordium Thugs","floor":8,"turns":4},{"damage":0,"enemies":"Large Slime","floor":10,"turns":4},{"damage":15,"enemies":"Looter","floor":13,"turns":3},{"damage":1,"enemies":"3 Louse","floor":14,"turns":3},{"damage":78,"enemies":"Hexaghost","floor":16,"turns":12}],"seed_played":"-218002140433653239","potions_obtained":[{"floor":4,"key":"SteroidPotion"},{"floor":7,"key":"PowerPotion"},{"floor":8,"key":"Block Potion"}],"is_trial":false,"path_per_floor":["M","$","?","M","M","R","E","M","T","M","$","?","M","M","R"],"character_chosen":"IRONCLAD","items_purchased":["Riddle With Holes","Self Repair","Bag of Preparation","Fruit Juice"],"campfire_rested":2,"item_purchase_floors":[2,11,11,11],"current_hp_per_floor":[80,80,80,80,80,80,66,36,36,42,47,47,45,50,75,0],"gold":105,"neow_bonus":"","is_prod":false,"is_daily":true,"chose_seed":false,"campfire_upgraded":0,"win_rate":0,"timestamp":1532412453,"path_taken":["M","$","?","M","M","R","E","M","T","M","?","?","M","M","R","BOSS"],"build_version":"2018-07-19v2","purchased_purges":0,"victory":false,"max_hp_per_floor":[80,80,80,80,80,80,80,80,80,80,85,85,85,85,85,85],"card_choices":[{"not_picked":["Underhanded Strike","Warcry"],"picked":"Body Slam","floor":1},{"not_picked":["Static Discharge","Disarm"],"picked":"Expertise","floor":4},{"not_picked":["Lockon","Dodge and Roll"],"picked":"Beam Cell","floor":5},{"not_picked":["Offering","Calculated Gamble"],"picked":"All For One","floor":7},{"not_picked":["True Grit","Concentrate","Blizzard"],"picked":"SKIP","floor":8},{"not_picked":["Combust","Deflect"],"picked":"Poisoned Stab","floor":10},{"not_picked":["Cold Snap","Stack"],"picked":"Leap","floor":13},{"not_picked":["Outmaneuver","Clash"],"picked":"Sweeping Beam","floor":14}],"player_experience":190616,"relics_obtained":[{"floor":7,"key":"Potion Belt"},{"floor":9,"key":"Nunchaku"}],"event_choices":[{"event_name":"Liars Game","player_choice":"disagreed","floor":3,"damage_taken":0},{"event_name":"Golden Idol","player_choice":"Ignored","floor":12,"damage_taken":0}],"is_beta":false,"boss_relics":[],"items_purged_floors":[],"is_endless":false,"potions_floor_spawned":[4,7,8],"killed_by":"Hexaghost","ascension_level":0}