{"gold_per_floor":[109,122,122,35,35,35,55,55,123,134,134,134,134,149,149,247,247,260,270,283,283,302,302,39,39,39,39],"floor_reached":27,"playtime":2144,"items_purged":[],"score":228,"play_id":"6bdc64f6-294a-4240-8d12-3fe7f179ef95","local_time":"20180720051440","is_ascension_mode":false,"campfire_choices":[{"data":"Accuracy","floor":6,"key":"SMITH"},{"data":"Crippling Poison","floor":8,"key":"SMITH"},{"data":"Bullet Time","floor":13,"key":"SMITH"},{"data":"Caltrops","floor":15,"key":"SMITH"},{"floor":23,"key":"REST"}],"neow_cost":"NONE","seed_source_timestamp":1753385384997008,"circlet_count":0,"master_deck":["Defend_G+1","Defend_G","Defend_G+1","Defend_G","Strike_G","Strike_G","Strike_G","Strike_G","Survivor","Neutralize","Deflect","Slice","Flying Knee","Slice","Accuracy+1","Bullet Time+1","Crippling Poison+1","Caltrops+1","Footwork+1","Venomology","Deadly Poison","Infinite Blades+1","Cloak And Dagger+1","Deflect+1","Crippling Poison","Caltrops+1","Backflip","Finesse"],"relics":["Ring of the Serpent","Bottled Lightning","War Paint","Frozen Egg 2","Pear","Snake Skull"],"potions_floor_usage":[10,16,18,19,22,27,27],"damage_taken":[{"damage":0,"enemies":"Jaw Worm","floor":1,"turns":4},{"damage":0,"enemies":"2 Louse","floor":2,"turns":2},{"damage":0,"enemies":"Cultist","floor":7,"turns":3},{"damage":0,"enemies":"Blue Slaver","floor":10,"turns":1},{"damage":0,"enemies":"Lots of Slimes","floor":14,"turns":2},{"damage":54,"enemies":"Slime Boss","floor":16,"turns":19},{"damage":8,"enemies":"Chosen","floor":18,"turns":6},{"damage":7,"enemies":"Shell Parasite","floor":19,"turns":6},{"damage":30,"enemies":"Sentry and Sphere","floor":20,"turns":8},{"damage":22,"enemies":"Snake Plant","floor":22,"turns":3},{"damage":23,"enemies":"Slavers","floor":27,"turns":3}],"seed_played":"-4466413784570785042","potions_obtained":[{"floor":2,"key":"Fire Potion"},{"floor":10,"key":"GamblersBrew"},{"floor":20,"key":"PowerPotion"}],"is_trial":false,"path_per_floor":["M","M","?","$","?","R","M","R","T","M","?","T","R","M","R","B",null,"M","M","M","T","M","R","$","?","T"],"character_chosen":"THE_SILENT","items_purchased":["Slice","Accuracy","Crippling Poison","Caltrops+1","Backflip","Finesse"],"campfire_rested":1,"item_purchase_floors":[4,4,24,24,24,24],"current_hp_per_floor":[70,70,70,70,70,70,70,70,70,70,67,67,67,67,67,13,70,62,55,25,35,13,37,37,22,22,0],"gold":39,"neow_bonus":"TRANSFORM_CARD","is_prod":false,"is_daily":false,"chose_seed":false,"campfire_upgraded":4,"win_rate":0,"timestamp":1532060080,"path_taken":["M","M","?","$","?","R","M","R","T","M","?","?","R","M","R","BOSS","M","M","?","?","M","R","$","?","T","E"],"build_version":"2018-07-19","purchased_purges":0,"victory":false,"max_hp_per_floor":[70,70,70,70,70,70,70,70,70,70,70,70,70,70,70,70,70,70,70,70,80,80,80,80,85,85,85],"card_choices":[{"not_picked":["Dodge and Roll","Bane"],"picked":"Slice","floor":1},{"not_picked":["Blur","Deflect"],"picked":"Flying Knee","floor":2},{"not_picked":["Predator","Dagger Throw"],"picked":"Crippling Poison","floor":7},{"not_picked":["Dagger Throw","Outmaneuver"],"picked":"Caltrops","floor":10},{"not_picked":["Dodge and Roll","Heel Hook"],"picked":"Footwork+1","floor":14},{"not_picked":["Adrenaline","Storm of Steel"],"picked":"Venomology","floor":16},{"not_picked":["Dodge and Roll","Outmaneuver"],"picked":"Deadly Poison","floor":18},{"not_picked":["Sucker Punch+1","Underhanded Strike+1"],"picked":"Infinite Blades+1","floor":19},{"not_picked":["Backstab","Reflex"],"picked":"Cloak And Dagger+1","floor":20},{"not_picked":["Calculated Gamble","Dagger Spray"],"picked":"Deflect+1","floor":22}],"player_experience":120686,"relics_obtained":[{"floor":9,"key":"Bottled Lightning"},{"floor":12,"key":"Frozen Egg 2"},{"floor":21,"key":"Pear"},{"floor":26,"key":"Snake Skull"}],"event_choices":[{"event_name":"Golden Wing","player_choice":"Ignored","floor":3,"damage_taken":0},{"event_name":"Transmorgrifier","player_choice":"Transform","floor":5,"damage_taken":0},{"event_name":"Scrap Ooze","player_choice":"success","floor":11,"damage_taken":3},{"event_name":"Forgotten Altar","player_choice":"Shed Blood","floor":25,"damage_taken":0}],"is_beta":false,"boss_relics":[{"not_picked":["Velvet Choker","HoveringKite"],"picked":"Ring of the Serpent"}],"items_purged_floors":[],"is_endless":false,"potions_floor_spawned":[2,10,20],"killed_by":"Slavers","ascension_level":0}