{"gold_per_floor":[114,130,4,4,4,4,32,32,55,67,19,19,35,47,47,148,148,165,185,198,212,17,17,36,36,62,81,81,93,93,105,105,201,201,212,263,243,255,255],"floor_reached":39,"playtime":6700,"items_purged":[],"score":385,"play_id":"2f4b6ae1-8cd5-4e47-b755-f79c64aa193b","local_time":"20181113192043","is_ascension_mode":false,"campfire_choices":[{"data":"Storm","floor":6,"key":"SMITH"},{"floor":12,"key":"REST"},{"data":"Lockon","floor":15,"key":"SMITH"},{"floor":23,"key":"REST"},{"floor":28,"key":"REST"},{"floor":30,"key":"REST"},{"data":"Static Discharge","floor":32,"key":"SMITH"}],"neow_cost":"NONE","seed_source_timestamp":100581478922582,"circlet_count":0,"master_deck":["Strike_B","Strike_B","Defend_B","Defend_B","Defend_B","Zap+1","Dualcast","Finesse","Fusion+1","Heatsinks","Storm+1","Conserve Battery","Lockon+1","Glacier+1","Hologram+1","Hologram+1","Sweeping Beam","Rainbow+1","Static Discharge+1","Hologram+1","Rainbow+1","Stack+1","Steam Power+1","Redo+1","Static Discharge+1","Magnetism","Rebound+1","Core Surge","Compile Driver","Redo+1","Creative AI","Conserve Battery+1","Cold Snap+1","Skim+1"],"relics":["Cracked Core","Toxic Egg 2","Bag of Marbles","Nloth\u0027s Gift","Bronze Scales","Busted Crown","StoneCalendar"],"potions_floor_usage":[7,13,16,31,31,31,38,38,38,38,38],"damage_taken":[{"damage":0,"enemies":"Small Slimes","floor":1,"turns":2},{"damage":8,"enemies":"2 Louse","floor":2,"turns":4},{"damage":26,"enemies":"3 Sentries","floor":7,"turns":8},{"damage":6,"enemies":"Jaw Worm","floor":10,"turns":3},{"damage":0,"enemies":"Lots of Slimes","floor":13,"turns":2},{"damage":8,"enemies":"Large Slime","floor":14,"turns":6},{"damage":30,"enemies":"Hexaghost","floor":16,"turns":17},{"damage":14,"enemies":"Spheric Guardian","floor":18,"turns":5},{"damage":0,"enemies":"Chosen","floor":19,"turns":5},{"damage":16,"enemies":"Snake Plant","floor":20,"turns":2},{"damage":13,"enemies":"Shelled Parasite and Fungi","floor":21,"turns":8},{"damage":9,"enemies":"Sentry and Sphere","floor":24,"turns":9},{"damage":14,"enemies":"Snake Plant","floor":27,"turns":2},{"damage":12,"enemies":"Cultist and Chosen","floor":29,"turns":5},{"damage":0,"enemies":"3 Cultists","floor":31,"turns":5},{"damage":52,"enemies":"Automaton","floor":33,"turns":10},{"damage":23,"enemies":"3 Darklings","floor":35,"turns":4},{"damage":45,"enemies":"2 Orb Walkers","floor":36,"turns":5},{"damage":3,"enemies":"3 Shapes","floor":38,"turns":4},{"damage":11,"enemies":"Writhing Mass","floor":39,"turns":1}],"seed_played":"-6741875335236931588","potions_obtained":[{"floor":2,"key":"Fire Potion"},{"floor":7,"key":"LiquidBronze"},{"floor":10,"key":"Explosive Potion"},{"floor":13,"key":"Block Potion"},{"floor":19,"key":"Dexterity Potion"},{"floor":21,"key":"Energy Potion"},{"floor":33,"key":"Ancient Potion"},{"floor":35,"key":"AttackPotion"},{"floor":37,"key":"EntropicBrew"}],"is_trial":false,"path_per_floor":["M","M","$","?","?","R","E","$","T","M","$","R","M","M","R","B",null,"M","M","M","M","$","R","M","?","T","M","R","M","R","M","R","B",null,"M","?","?","M","M"],"character_chosen":"DEFECT","items_purchased":["Storm","Conserve Battery","Hologram+1","Magnetism"],"campfire_rested":4,"item_purchase_floors":[3,3,11,22],"current_hp_per_floor":[75,67,67,52,75,75,49,49,49,43,43,65,65,57,57,27,75,61,61,45,32,32,54,45,45,45,31,53,41,63,63,63,11,75,52,7,7,4,0],"gold":255,"neow_bonus":"RANDOM_COLORLESS","is_prod":false,"is_daily":false,"chose_seed":false,"campfire_upgraded":3,"win_rate":0,"timestamp":1542136843,"path_taken":["M","M","$","?","?","R","E","$","T","M","?","R","M","M","R","BOSS","M","?","M","M","$","R","M","?","T","M","R","M","R","?","R","BOSS","M","?","?","M","M"],"build_version":"2018-11-08","purchased_purges":0,"victory":false,"max_hp_per_floor":[75,75,75,75,75,75,75,75,75,75,75,75,75,75,75,75,75,75,75,75,75,75,75,75,75,75,75,75,75,75,75,75,75,75,75,75,75,75,75],"card_choices":[{"not_picked":["Auto Shields","Streamline"],"picked":"Fusion","floor":1},{"not_picked":["Stack","Conserve Battery"],"picked":"Heatsinks","floor":2},{"not_picked":["Reinforced Body","Gash"],"picked":"Lockon","floor":7},{"not_picked":["Coolheaded+1","Steam+1"],"picked":"Glacier+1","floor":10},{"not_picked":["Leap+1","Ball Lightning"],"picked":"Hologram+1","floor":13},{"not_picked":["Gash","Coolheaded+1"],"picked":"Sweeping Beam","floor":14},{"not_picked":["Reboot+1","Biased Cognition"],"picked":"Rainbow+1","floor":16},{"not_picked":["Streamline+1","Scrape+1"],"picked":"Stack+1","floor":18},{"not_picked":["Leap+1","Beam Cell"],"picked":"Steam Power+1","floor":19},{"not_picked":["Streamline","Steam+1"],"picked":"Redo+1","floor":20},{"not_picked":["Blizzard","Conserve Battery+1"],"picked":"Static Discharge","floor":21},{"not_picked":["Tempest+1","Ball Lightning+1"],"picked":"Rebound+1","floor":24},{"not_picked":["Streamline","Glacier+1"],"picked":"Core Surge","floor":27},{"not_picked":["Stack+1","Leap+1"],"picked":"Compile Driver","floor":29},{"not_picked":["Compile Driver","Fusion+1"],"picked":"Redo+1","floor":31},{"not_picked":["Echo Form","Reboot+1"],"picked":"Creative AI","floor":33},{"not_picked":[],"picked":"Conserve Battery+1","floor":35},{"not_picked":[],"picked":"Cold Snap+1","floor":36},{"not_picked":[],"picked":"Skim+1","floor":38}],"player_experience":713829,"relics_obtained":[{"floor":7,"key":"Toxic Egg 2"},{"floor":9,"key":"Bag of Marbles"},{"floor":26,"key":"Bronze Scales"},{"floor":36,"key":"StoneCalendar"}],"event_choices":[{"damage_healed":0,"gold_gain":0,"player_choice":"Entered Light","damage_taken":15,"max_hp_gain":0,"max_hp_loss":0,"event_name":"Shining Light","floor":4,"gold_loss":0,"cards_upgraded":["Fusion","Zap"]},{"damage_healed":25,"gold_gain":0,"player_choice":"Banana","damage_taken":0,"max_hp_gain":0,"max_hp_loss":0,"event_name":"Big Fish","floor":5,"gold_loss":0},{"damage_healed":0,"gold_gain":0,"player_choice":"Traded Relic","damage_taken":0,"relics_obtained":["Nloth\u0027s Gift"],"max_hp_gain":0,"max_hp_loss":0,"event_name":"N\u0027loth","floor":25,"relics_lost":["Astrolabe"],"gold_loss":0},{"damage_healed":0,"gold_gain":0,"player_choice":"Fight","damage_taken":0,"max_hp_gain":0,"max_hp_loss":0,"event_name":"Mysterious Sphere","floor":36,"gold_loss":0},{"damage_healed":0,"gold_gain":0,"player_choice":"Bought 1 Potion","damage_taken":0,"max_hp_gain":0,"max_hp_loss":0,"event_name":"The Woman in Blue","floor":37,"gold_loss":0}],"is_beta":false,"boss_relics":[{"not_picked":["Snecko Eye","Philosopher\u0027s Stone"],"picked":"Astrolabe"},{"not_picked":["Inserter","Pandora\u0027s Box"],"picked":"Busted Crown"}],"items_purged_floors":[],"is_endless":false,"potions_floor_spawned":[2,7,10,13,19,21,27,33,35],"killed_by":"Writhing Mass","ascension_level":0}