{"gold_per_floor":[114,129,129,129,144,174,174,174,249,279,279,309,324,354,354,454,454,454,454,454,32,32,32,32,32,32,32,32,32,32,32,32,32,32,32,32,32,32,32,32,32,32,32,32,32,32,32,32,32,32],"floor_reached":51,"playtime":4554,"items_purged":[],"score":782,"play_id":"dccab31b-ab56-41b7-805d-56d1d26bb0d0","local_time":"20180910203529","daily_mods":["Specialized","Elite Swarm","Binary"],"is_ascension_mode":false,"campfire_choices":[{"data":"Burst","floor":7,"key":"SMITH"},{"floor":11,"key":"REST"},{"floor":15,"key":"REST"},{"data":"Catalyst","floor":23,"key":"SMITH"},{"data":"Envenom","floor":25,"key":"SMITH"},{"data":"Night Terror","floor":28,"key":"SMITH"},{"data":"Venomology","floor":32,"key":"SMITH"},{"data":"Well Laid Plans","floor":40,"key":"SMITH"},{"data":"Chrysalis","floor":42,"key":"SMITH"},{"data":"Noxious Fumes","floor":45,"key":"SMITH"},{"data":"Adrenaline","floor":49,"key":"SMITH"}],"neow_cost":"","seed_source_timestamp":0,"circlet_count":0,"master_deck":["Defend_G","Defend_G","Defend_G","Defend_G","Defend_G","Strike_G","Strike_G","Strike_G","Strike_G","Strike_G","Survivor","Neutralize","Venomology","Venomology","Venomology","Venomology","Venomology+1","Deadly Poison","Crippling Poison","Deflect","Burst+1","Corpse Explosion","Night Terror+1","Bane","Envenom+1","Adrenaline+1","Catalyst+1","Well Laid Plans+1","Chrysalis+1","Deflect","Crippling Poison","Dash+1","Noxious Fumes+1","Corpse Explosion","Blade Dance","Leg Sweep+1","Footwork","Malaise+1","Madness+1","Madness+1","Night Terror+1","Cloak And Dagger+1","Noxious Fumes"],"special_seed":17784,"relics":["Ring of the Snake","Pear","Question Card","Dodecahedron","Darkstone Periapt","Ninja Scroll","Pen Nib","Ectoplasm","Dream Catcher","Centennial Puzzle","Toy Ornithopter","Strawberry","Black Star","Toxic Egg 2","Omamori","Turnip","Du-Vu Doll"],"potions_floor_usage":[1,2,2,5,6,6,6,6,6,10,10,10,12,12,12,13,13,13,14,14,14,16,16,16,18,18,18,27,27,29,29,30,31,31,31,31,33,33,33,33,35,36,38,38,39,39,41,41,41,41,46,46,46,46,46,46,47,48,48,48,48,48,48,50,50,50,50,50],"damage_taken":[{"damage":0,"enemies":"2 Louse","floor":1,"turns":3},{"damage":0,"enemies":"Cultist","floor":2,"turns":5},{"damage":0,"enemies":"Jaw Worm","floor":5,"turns":4},{"damage":23,"enemies":"Gremlin Nob","floor":6,"turns":4},{"damage":20,"enemies":"3 Sentries","floor":10,"turns":9},{"damage":5,"enemies":"Lagavulin","floor":12,"turns":7},{"damage":0,"enemies":"Looter","floor":13,"turns":5},{"damage":3,"enemies":"Gremlin Nob","floor":14,"turns":4},{"damage":32,"enemies":"The Guardian","floor":16,"turns":11},{"damage":21,"enemies":"Spheric Guardian","floor":18,"turns":5},{"damage":6,"enemies":"Chosen","floor":27,"turns":4},{"damage":7,"enemies":"Centurion and Healer","floor":29,"turns":8},{"damage":20,"enemies":"3 Cultists","floor":30,"turns":6},{"damage":24,"enemies":"Sentry and Sphere","floor":31,"turns":6},{"damage":59,"enemies":"Automaton","floor":33,"turns":7},{"damage":13,"enemies":"Orb Walker","floor":35,"turns":4},{"damage":0,"enemies":"3 Shapes","floor":36,"turns":1},{"damage":21,"enemies":"Sphere and 2 Shapes","floor":38,"turns":4},{"damage":2,"enemies":"4 Shapes","floor":39,"turns":4},{"damage":5,"enemies":"Transient","floor":41,"turns":5},{"damage":26,"enemies":"2 Orb Walkers","floor":46,"turns":5},{"damage":30,"enemies":"3 Darklings","floor":47,"turns":4},{"damage":15,"enemies":"Maw","floor":48,"turns":7},{"damage":84,"enemies":"Awakened One","floor":50,"turns":11}],"seed_played":"5534919717268353770","potions_obtained":[{"floor":2,"key":"Fire Potion"},{"floor":12,"key":"GamblersBrew"},{"floor":27,"key":"Fire Potion"},{"floor":31,"key":"Fire Potion"},{"floor":41,"key":"Weak Potion"},{"floor":47,"key":"Fire Potion"},{"floor":48,"key":"Ancient Potion"}],"is_trial":false,"path_per_floor":["M","M","?","T","M","E","R","?","T","E","R","E","M","E","R","B",null,"M","?","?","$","$","R","?","R","T","M","R","M","M","M","R","B",null,"M","M","T","M","M","R","M","R","T","?","R","E","M","M","R","B"],"character_chosen":"THE_SILENT","items_purchased":["Toy Ornithopter","Well Laid Plans","Chrysalis"],"campfire_rested":2,"item_purchase_floors":[21,21,21],"current_hp_per_floor":[70,70,70,80,80,57,57,57,57,37,61,56,56,53,77,45,80,71,71,71,71,71,71,71,71,78,87,87,80,65,61,61,22,87,79,84,84,66,74,74,87,87,87,76,76,72,47,62,62,3],"gold":32,"neow_bonus":"","is_prod":false,"is_daily":true,"chose_seed":false,"campfire_upgraded":9,"win_rate":0,"timestamp":1536608129,"path_taken":["M","M","?","?","M","E","R","?","T","E","R","E","M","E","R","BOSS","M","?","?","?","$","R","?","R","T","?","R","M","M","M","R","BOSS","M","M","?","M","?","R","M","R","T","?","R","E","M","M","R","BOSS"],"build_version":"2018-09-06","purchased_purges":0,"victory":true,"max_hp_per_floor":[70,70,70,80,80,80,80,80,80,80,80,80,80,80,80,80,80,80,80,80,80,80,80,80,80,87,87,87,87,87,87,87,87,87,87,87,87,87,87,87,87,87,87,87,87,87,87,87,87,87],"card_choices":[{"not_picked":["Bane"],"picked":"Deadly Poison","floor":1},{"not_picked":["Underhanded Strike"],"picked":"Crippling Poison","floor":2},{"not_picked":["Sucker Punch"],"picked":"Deflect","floor":5},{"not_picked":["Bullet Time"],"picked":"Burst","floor":6},{"not_picked":["Tools of the Trade","Malaise"],"picked":"Corpse Explosion","floor":10},{"not_picked":["Doppelganger","Storm of Steel"],"picked":"Night Terror","floor":12},{"not_picked":["Dash","Escape Plan"],"picked":"Bane","floor":13},{"not_picked":["Bullet Time","Phantasmal Killer"],"picked":"Envenom","floor":14},{"not_picked":["Glass Knife","Burst"],"picked":"Adrenaline","floor":16},{"not_picked":["Noxious Fumes","Poisoned Stab"],"picked":"Catalyst","floor":18},{"not_picked":["Masterful Stab+1","PiercingWail"],"picked":"Deflect","floor":27},{"not_picked":["PiercingWail","Cloak And Dagger"],"picked":"Crippling Poison","floor":29},{"not_picked":["Deflect+1","Dodge and Roll"],"picked":"Dash+1","floor":30},{"not_picked":["Caltrops","Dodge and Roll+1"],"picked":"Noxious Fumes","floor":31},{"not_picked":["Envenom","A Thousand Cuts"],"picked":"Corpse Explosion","floor":33},{"not_picked":["Heel Hook+1","Deflect"],"picked":"Blade Dance","floor":35},{"not_picked":["Dodge and Roll+1","Escape Plan+1"],"picked":"Leg Sweep+1","floor":38},{"not_picked":["Poisoned Stab","Sucker Punch"],"picked":"Footwork","floor":39},{"not_picked":["Prepared+1","Riddle With Holes"],"picked":"Malaise+1","floor":41},{"not_picked":["Glass Knife","Doppelganger+1"],"picked":"Night Terror+1","floor":46},{"not_picked":["Quick Slash+1","Sucker Punch+1"],"picked":"Cloak And Dagger+1","floor":47},{"not_picked":["Sucker Punch","Bane"],"picked":"Noxious Fumes","floor":48}],"player_experience":529214,"relics_obtained":[{"floor":4,"key":"Pear"},{"floor":6,"key":"Question Card"},{"floor":9,"key":"Dodecahedron"},{"floor":10,"key":"Darkstone Periapt"},{"floor":12,"key":"Ninja Scroll"},{"floor":14,"key":"Pen Nib"},{"floor":20,"key":"Centennial Puzzle"},{"floor":26,"key":"Strawberry"},{"floor":37,"key":"Toxic Egg 2"},{"floor":43,"key":"Omamori"},{"floor":46,"key":"Turnip"},{"floor":46,"key":"Du-Vu Doll"}],"event_choices":[{"event_name":"Golden Idol","player_choice":"Ignored","floor":3,"damage_taken":0},{"event_name":"Golden Wing","player_choice":"Ignored","floor":8,"damage_taken":0},{"event_name":"The Mausoleum","player_choice":"Yes","floor":19,"damage_taken":0},{"event_name":"Wheel of Change","player_choice":"Relic","floor":20,"damage_taken":0},{"event_name":"Vampires","player_choice":"Ignored","floor":24,"damage_taken":0},{"event_name":"Winding Halls","player_choice":"Embrace Madness","floor":44,"damage_taken":0}],"is_beta":false,"boss_relics":[{"not_picked":["Ring of the Serpent","Velvet Choker"],"picked":"Ectoplasm"},{"not_picked":["Eternal Feather","Tiny House"],"picked":"Black Star"}],"items_purged_floors":[],"is_endless":false,"potions_floor_spawned":[2,5,12,16,27,29,31,35,41,47,48],"ascension_level":0}