{"gold_per_floor":[116,129,129,144,154,154,181,181,181,181,209,6,19,19,19,123,123,137,137,236,21,21],"floor_reached":22,"playtime":1335,"items_purged":[],"score":230,"play_id":"9fd74f07-2a7f-429d-9f23-d43bd160e1cf","local_time":"20180820230855","is_ascension_mode":true,"campfire_choices":[{"floor":6,"key":"REST"},{"floor":8,"key":"REST"},{"floor":10,"key":"REST"},{"floor":15,"key":"REST"}],"neow_cost":"NONE","seed_source_timestamp":4497049778973529,"circlet_count":0,"master_deck":["Strike_B","Strike_B","Strike_B","Strike_B+1","Defend_B+1","Defend_B","Defend_B","Defend_B","Zap+1","Dualcast","Rebound","Heatsinks","Hologram","Turbo","Glacier","Turbo","Steam","Seek","Double Energy+1","Self Repair"],"relics":["FrozenCore","Ornamental Fan","Pantograph","Shuriken","Membership Card","Toolbox"],"potions_floor_usage":[16,16,22],"damage_taken":[{"damage":4,"enemies":"Jaw Worm","floor":1,"turns":4},{"damage":6,"enemies":"2 Louse","floor":2,"turns":2},{"damage":18,"enemies":"Small Slimes","floor":4,"turns":2},{"damage":5,"enemies":"3 Louse","floor":5,"turns":3},{"damage":48,"enemies":"Gremlin Nob","floor":7,"turns":5},{"damage":21,"enemies":"Lagavulin","floor":11,"turns":8},{"damage":11,"enemies":"Exordium Thugs","floor":13,"turns":5},{"damage":58,"enemies":"Slime Boss","floor":16,"turns":10},{"damage":35,"enemies":"3 Byrds","floor":18,"turns":8},{"damage":42,"enemies":"Chosen","floor":22,"turns":10}],"seed_played":"9123922260642884364","potions_obtained":[{"floor":2,"key":"Fire Potion"},{"floor":11,"key":"LiquidBronze"},{"floor":13,"key":"Dexterity Potion"},{"floor":16,"key":"Weak Potion"},{"floor":18,"key":"SteroidPotion"}],"is_trial":false,"path_per_floor":["M","M","?","M","M","R","E","R","T","R","E","$","M","?","R","B",null,"M","?","?","$"],"character_chosen":"DEFECT","items_purchased":["Membership Card","Toolbox","Self Repair"],"campfire_rested":4,"item_purchase_floors":[12,21,21],"current_hp_per_floor":[71,65,50,32,27,49,1,23,23,45,24,24,13,38,60,17,75,40,40,40,40,0],"gold":21,"neow_bonus":"UPGRADE_CARD","is_prod":false,"is_daily":false,"chose_seed":false,"campfire_upgraded":0,"win_rate":0,"timestamp":1534802935,"path_taken":["M","M","?","M","M","R","E","R","T","R","E","?","M","?","R","BOSS","M","?","?","$","M"],"build_version":"2018-08-16","purchased_purges":0,"victory":false,"max_hp_per_floor":[75,75,75,75,75,75,75,75,75,75,75,75,75,75,75,75,75,75,75,75,75,75],"card_choices":[{"not_picked":["FTL","Coolheaded"],"picked":"Rebound","floor":1},{"not_picked":["Rip and Tear","Genetic Algorithm"],"picked":"Heatsinks","floor":2},{"not_picked":["Doom and Gloom","FTL"],"picked":"Hologram","floor":4},{"not_picked":["BootSequence","Leap"],"picked":"Turbo","floor":5},{"not_picked":["Force Field","Melter"],"picked":"Glacier","floor":7},{"not_picked":["Steam Power","Hologram"],"picked":"Turbo","floor":11},{"not_picked":["Fusion","Doom and Gloom"],"picked":"Steam","floor":13},{"not_picked":["Multi-Cast","Reboot"],"picked":"Seek","floor":16},{"not_picked":["Streamline","Hello World"],"picked":"Double Energy+1","floor":18}],"player_experience":423631,"relics_obtained":[{"floor":7,"key":"Ornamental Fan"},{"floor":9,"key":"Pantograph"},{"floor":11,"key":"Shuriken"}],"event_choices":[{"event_name":"Shining Light","player_choice":"Entered Light","floor":3,"damage_taken":0},{"event_name":"Big Fish","player_choice":"Banana","floor":14,"damage_taken":0},{"event_name":"Ghosts","player_choice":"Ignored","floor":19,"damage_taken":0},{"event_name":"Nest","player_choice":"Stole From Cult","floor":20,"damage_taken":0}],"is_beta":false,"boss_relics":[{"not_picked":["Philosopher\u0027s Stone","Calling Bell"],"picked":"FrozenCore"}],"items_purged_floors":[],"is_endless":false,"potions_floor_spawned":[2,11,13,16,18],"killed_by":"Chosen","ascension_level":4}