{"gold_per_floor":[109,109,122,142,157,157,176,176,248,273,294,294,17,37,37,166,166,186,210,231,245,245,284,284,298,298,311,311,157,180,28,28,157,157,182,182,206,224,249,249,319,319,319,344,344,344,358,3,3,3],"floor_reached":51,"playtime":3950,"items_purged":[],"score":770,"play_id":"02aa0edd-b1c3-4bef-baad-6d9cb8c25f83","local_time":"20180724133033","is_ascension_mode":false,"campfire_choices":[{"data":"Infernal Blade","floor":6,"key":"SMITH"},{"data":"Heavy Blade","floor":8,"key":"SMITH"},{"data":"Limit Break","floor":12,"key":"SMITH"},{"data":"Inflame","floor":15,"key":"SMITH"},{"floor":28,"key":"REST"},{"floor":32,"key":"REST"},{"data":"Flex","floor":40,"key":"SMITH"},{"data":"Feed","floor":42,"key":"SMITH"},{"data":"Limit Break","floor":46,"key":"SMITH"},{"data":"Heavy Blade","floor":49,"key":"SMITH"}],"neow_cost":"NONE","seed_source_timestamp":2126919875491763,"circlet_count":0,"master_deck":["Strike_R","Strike_R","Strike_R","Strike_R","Defend_R","Defend_R","Defend_R","Defend_R","Bash","Heavy Blade+1","Infernal Blade+1","Thunderclap","Headbutt","Warcry","Ghostly Armor","Limit Break+1","Limit Break+1","Inflame+1","Heavy Blade+1","Reaper","Armaments","Disarm+1","Twin Strike","Shrug It Off","RitualDagger","Pummel+1","Shrug It Off","Perfected Strike","Feed+1","Limit Break+1","Perfected Strike","Flex+1","Pommel Strike","Headbutt+1","Pummel+1","Sword Boomerang","Shockwave+1","Bandage Up"],"relics":["Burning Blood","Golden Idol","Matryoshka","DollysMirror","Velvet Choker","Ice Cream","Gremlin Horn","Self Forming Clay","Anchor","Blood Vial","Vajra","Black Star","Bird Faced Urn","Tiny Chest","Lantern","Pantograph","The Courier","Strange Spoon","Pen Nib"],"potions_floor_usage":[11,16,25,38,50],"damage_taken":[{"damage":6,"enemies":"Jaw Worm","floor":1,"turns":5},{"damage":5,"enemies":"2 Louse","floor":3,"turns":2},{"damage":0,"enemies":"Small Slimes","floor":4,"turns":3},{"damage":8,"enemies":"3 Louse","floor":5,"turns":4},{"damage":1,"enemies":"2 Fungi Beasts","floor":7,"turns":2},{"damage":0,"enemies":"Exordium Wildlife","floor":10,"turns":2},{"damage":11,"enemies":"Lots of Slimes","floor":11,"turns":4},{"damage":8,"enemies":"3 Louse","floor":14,"turns":4},{"damage":0,"enemies":"Slime Boss","floor":16,"turns":4},{"damage":17,"enemies":"Spheric Guardian","floor":18,"turns":4},{"damage":3,"enemies":"3 Byrds","floor":19,"turns":5},{"damage":0,"enemies":"Snecko","floor":20,"turns":6},{"damage":34,"enemies":"Chosen and Byrds","floor":21,"turns":6},{"damage":55,"enemies":"Gremlin Leader","floor":23,"turns":8},{"damage":26,"enemies":"3 Cultists","floor":25,"turns":5},{"damage":21,"enemies":"Snake Plant","floor":27,"turns":3},{"damage":68,"enemies":"Automaton","floor":33,"turns":8},{"damage":12,"enemies":"Flame Bruiser 1 Orb","floor":35,"turns":4},{"damage":0,"floor":36,"turns":4},{"damage":5,"enemies":"Orb Walker","floor":37,"turns":3},{"damage":34,"enemies":"Maw","floor":38,"turns":7},{"damage":6,"enemies":"Flame Bruiser 2 Orb","floor":39,"turns":4},{"damage":24,"enemies":"2 Orb Walkers","floor":41,"turns":3},{"damage":20,"enemies":"Sphere and 2 Shapes","floor":44,"turns":5},{"damage":11,"enemies":"4 Shapes","floor":47,"turns":3},{"damage":53,"enemies":"Time Eater","floor":50,"turns":5}],"seed_played":"672340449426185947","potions_obtained":[{"floor":3,"key":"Ancient Potion"},{"floor":4,"key":"Fruit Juice"},{"floor":10,"key":"SteroidPotion"},{"floor":21,"key":"Fire Potion"},{"floor":33,"key":"EntropicBrew"},{"floor":35,"key":"GamblersBrew"},{"floor":39,"key":"Swift Potion"},{"floor":47,"key":"BloodPotion"}],"is_trial":false,"path_per_floor":["M","?","M","M","M","R","M","R","T","M","M","R","$","M","R","B",null,"M","M","M","M","?","E","?","M","T","M","R","$","T","$","R","B",null,"M","?","M","M","M","R","E","R","T","M","T","R","M","$","R","B"],"character_chosen":"IRONCLAD","items_purchased":["DollysMirror","Inflame","Feed","Vajra","Strange Spoon","Bandage Up","Pen Nib"],"campfire_rested":2,"item_purchase_floors":[13,13,29,31,48,48,48],"current_hp_per_floor":[88,66,67,79,77,77,82,82,82,88,88,88,88,86,86,92,93,82,89,93,66,60,35,35,35,35,20,47,47,47,47,74,14,93,93,93,93,67,69,69,55,55,55,90,90,90,97,97,97,74],"gold":3,"neow_bonus":"TEN_PERCENT_HP_BONUS","is_prod":false,"is_daily":false,"chose_seed":false,"campfire_upgraded":8,"win_rate":0,"timestamp":1532435433,"path_taken":["M","?","?","M","M","R","M","R","T","M","M","R","$","M","R","BOSS","M","M","M","M","?","E","?","M","T","M","R","?","?","$","R","BOSS","M","?","M","M","?","R","E","R","T","M","?","R","M","$","R","BOSS"],"build_version":"2018-07-19v2","purchased_purges":0,"victory":true,"max_hp_per_floor":[88,88,88,88,88,88,88,88,88,88,93,93,93,93,93,93,93,93,93,93,93,93,93,93,93,93,93,93,93,93,93,93,93,93,93,93,93,93,93,93,93,93,93,93,93,93,97,97,97,97],"card_choices":[{"not_picked":["Clash","True Grit"],"picked":"Heavy Blade","floor":1},{"not_picked":["Sword Boomerang","Combust"],"picked":"Infernal Blade","floor":3},{"not_picked":["Burning Pact","Seeing Red"],"picked":"Thunderclap","floor":4},{"not_picked":["Body Slam","Anger"],"picked":"Headbutt","floor":5},{"not_picked":["Clothesline","Carnage"],"picked":"Warcry","floor":7},{"not_picked":["Clash","Thunderclap"],"picked":"Ghostly Armor","floor":10},{"not_picked":["Pommel Strike","Wild Strike"],"picked":"Limit Break","floor":11},{"not_picked":["Thunderclap","Perfected Strike"],"picked":"Heavy Blade","floor":14},{"not_picked":["Berserk","Offering"],"picked":"Reaper","floor":16},{"not_picked":["Rupture","Clothesline"],"picked":"Armaments","floor":18},{"not_picked":["Reckless Charge","Entrench+1"],"picked":"Disarm+1","floor":19},{"not_picked":["Pommel Strike","True Grit"],"picked":"Twin Strike","floor":20},{"not_picked":["Havoc","Reckless Charge"],"picked":"Shrug It Off","floor":21},{"not_picked":["Shrug It Off","Sword Boomerang"],"picked":"Pummel+1","floor":23},{"not_picked":["Pommel Strike","Intimidate"],"picked":"Shrug It Off","floor":25},{"not_picked":["Armaments+1","Sentinel"],"picked":"Perfected Strike","floor":27},{"not_picked":["Impervious","Dark Embrace"],"picked":"Limit Break","floor":33},{"not_picked":["Wild Strike","Pommel Strike"],"picked":"Perfected Strike","floor":35},{"not_picked":["Perfected Strike","Clash"],"picked":"Flex","floor":36},{"not_picked":["Body Slam","Warcry"],"picked":"Pommel Strike","floor":37},{"not_picked":["Warcry+1","Entrench"],"picked":"Headbutt+1","floor":38},{"not_picked":["Barricade","Sentinel+1"],"picked":"Pummel+1","floor":39},{"not_picked":["Twin Strike","Barricade"],"picked":"Sword Boomerang","floor":41},{"not_picked":["Fire Breathing","Thunderclap"],"picked":"Shockwave+1","floor":44},{"not_picked":["Clash","Searing Blow","Armaments+1"],"picked":"SKIP","floor":47}],"player_experience":199033,"relics_obtained":[{"floor":9,"key":"Matryoshka"},{"floor":23,"key":"Ice Cream"},{"floor":26,"key":"Gremlin Horn"},{"floor":26,"key":"Self Forming Clay"},{"floor":30,"key":"Anchor"},{"floor":30,"key":"Blood Vial"},{"floor":36,"key":"Bird Faced Urn"},{"floor":41,"key":"Tiny Chest"},{"floor":41,"key":"Lantern"},{"floor":43,"key":"Pantograph"},{"floor":45,"key":"The Courier"}],"event_choices":[{"event_name":"Golden Idol","player_choice":"Take Damage","floor":2,"damage_taken":0},{"event_name":"Nest","player_choice":"Joined the Cult","floor":22,"damage_taken":0},{"event_name":"Bonfire Elementals","player_choice":"BASIC","floor":24,"damage_taken":0},{"event_name":"MindBloom","player_choice":"Fight","floor":36,"damage_taken":0}],"is_beta":false,"boss_relics":[{"not_picked":["Tiny House","Empty Cage"],"picked":"Velvet Choker"},{"not_picked":["Calling Bell","Mark of Pain"],"picked":"Black Star"}],"items_purged_floors":[],"is_endless":false,"potions_floor_spawned":[3,4,10,18,21,33,35,39,47],"ascension_level":0}