{"gold_per_floor":[217,45,61,61,73,112,124,156,192,232,244,19,38,71,71,168,168,183,183,200,82,97,97,112,4,4,4,4,22,22,33,33,129,129,140,152,102,156,11,11],"floor_reached":40,"playtime":2534,"items_purged":["Strike_B","Strike_B","Strike_B"],"score":424,"play_id":"6aaa3f90-46d4-4582-88cc-81d896cda721","local_time":"20190316210835","is_ascension_mode":false,"campfire_choices":[{"floor":7,"key":"RECALL"},{"data":"Apotheosis","floor":15,"key":"SMITH"},{"floor":28,"key":"REST"},{"data":"Hologram","floor":30,"key":"SMITH"},{"floor":32,"key":"REST"}],"neow_cost":"NONE","seed_source_timestamp":1889173058321123,"circlet_count":0,"master_deck":["Strike_B","Defend_B","Defend_B","Defend_B","Defend_B","Zap","Dualcast","Self Repair","Apotheosis+1","Beam Cell","Sweeping Beam","Hologram+1","Melter","Master of Strategy","Ball Lightning","Machine Learning","Melter","BootSequence","Leap","Self Repair","Chill","Go for the Eyes+1","Electrodynamics","Chaos+1"],"relics":["Cracked Core","MawBank","Du-Vu Doll","Dream Catcher","Oddly Smooth Stone","Black Star","Smiling Mask","Darkstone Periapt","Sozu","Pen Nib","Vajra"],"potions_floor_usage":[3,14,22,22,23],"damage_taken":[{"damage":0,"enemies":"2 Louse","floor":1,"turns":3},{"damage":2,"enemies":"Small Slimes","floor":3,"turns":3},{"damage":14,"enemies":"Lagavulin","floor":6,"turns":8},{"damage":14,"enemies":"Jaw Worm","floor":8,"turns":3},{"damage":30,"enemies":"3 Sentries","floor":10,"turns":7},{"damage":7,"enemies":"Looter","floor":13,"turns":3},{"damage":10,"enemies":"Gremlin Nob","floor":14,"turns":3},{"damage":10,"enemies":"Hexaghost","floor":16,"turns":9},{"damage":0,"enemies":"3 Byrds","floor":18,"turns":3},{"damage":0,"enemies":"Spheric Guardian","floor":20,"turns":2},{"damage":4,"enemies":"Snecko","floor":22,"turns":6},{"damage":56,"enemies":"Book of Stabbing","floor":23,"turns":8},{"damage":17,"enemies":"Snake Plant","floor":24,"turns":5},{"damage":13,"enemies":"Chosen and Byrds","floor":29,"turns":6},{"damage":20,"enemies":"3 Cultists","floor":31,"turns":7},{"damage":46,"enemies":"Champ","floor":33,"turns":13},{"damage":16,"enemies":"Orb Walker","floor":35,"turns":4},{"damage":0,"enemies":"3 Shapes","floor":36,"turns":2},{"damage":74,"enemies":"Giant Head","floor":40,"turns":11}],"seed_played":"-6743336467607421652","potions_obtained":[{"floor":1,"key":"AttackPotion"},{"floor":6,"key":"FearPotion"},{"floor":13,"key":"FocusPotion"},{"floor":16,"key":"GamblersBrew"},{"floor":18,"key":"SmokeBomb"},{"floor":20,"key":"AttackPotion"},{"floor":33,"key":"Energy Potion"}],"is_trial":false,"path_per_floor":["M","$","M","?","?","E","R","M","T","E","?","$","M","E","R","B",null,"M","?","M","$","M","E","M","$","T","?","R","M","R","M","R","B",null,"M","M","$","T","$","E"],"character_chosen":"DEFECT","items_purchased":["Apotheosis","Master of Strategy","BootSequence","Self Repair","Chill","Vajra"],"campfire_rested":2,"item_purchase_floors":[2,12,21,25,25,39],"current_hp_per_floor":[75,75,75,75,75,71,71,64,64,34,27,27,27,27,27,27,75,75,75,75,75,75,19,12,12,12,12,34,41,41,41,63,37,75,66,66,66,66,66,0],"gold":11,"neow_bonus":"HUNDRED_GOLD","is_prod":false,"is_daily":false,"chose_seed":false,"campfire_upgraded":2,"win_rate":0,"timestamp":1552788515,"path_taken":["M","$","M","?","?","E","R","M","T","E","?","?","M","E","R","BOSS","M","?","M","$","M","E","M","$","T","?","R","?","R","M","R","BOSS","M","M","$","?","$","E"],"build_version":"2019-01-23","purchased_purges":3,"victory":false,"max_hp_per_floor":[75,75,75,75,75,75,75,75,75,75,75,75,75,75,75,75,75,75,75,75,75,75,75,75,75,75,75,75,75,75,75,75,75,75,75,75,75,75,75,75],"card_choices":[{"not_picked":["Compile Driver","Heatsinks"],"picked":"Self Repair","floor":1},{"not_picked":["Stack","Beam Cell","Force Field"],"picked":"SKIP","floor":3},{"not_picked":["Stack","Force Field"],"picked":"Beam Cell","floor":3},{"not_picked":["Rebound","Beam Cell"],"picked":"Sweeping Beam","floor":6},{"not_picked":["Leap","Turbo"],"picked":"Hologram","floor":8},{"not_picked":["Fission","Force Field"],"picked":"Melter","floor":10},{"not_picked":["Stack","Rebound","Coolheaded"],"picked":"SKIP","floor":13},{"not_picked":["Cold Snap","Coolheaded"],"picked":"Ball Lightning","floor":14},{"not_picked":["Rainbow","Reboot"],"picked":"Machine Learning","floor":16},{"not_picked":["Capacitor+1","Self Repair"],"picked":"Melter","floor":18},{"not_picked":["Sweeping Beam","Streamline","Reprogram"],"picked":"SKIP","floor":20},{"not_picked":["Hello World","Rebound"],"picked":"Leap","floor":22},{"not_picked":["Steam+1","Cold Snap","Stack"],"picked":"SKIP","floor":24},{"not_picked":["Leap","Hologram","Sweeping Beam"],"picked":"SKIP","floor":29},{"not_picked":["Creative AI","Sweeping Beam"],"picked":"Go for the Eyes+1","floor":31},{"not_picked":["Seek","Multi-Cast"],"picked":"Electrodynamics","floor":33},{"not_picked":["Stack+1","Static Discharge+1"],"picked":"Chaos+1","floor":35},{"not_picked":["Go for the Eyes+1","Undo+1","Darkness"],"picked":"SKIP","floor":36}],"player_experience":766901,"relics_obtained":[{"floor":6,"key":"Du-Vu Doll"},{"floor":10,"key":"Dream Catcher"},{"floor":14,"key":"Oddly Smooth Stone"},{"floor":26,"key":"Darkstone Periapt"},{"floor":38,"key":"Pen Nib"}],"event_choices":[{"damage_healed":0,"gold_gain":0,"player_choice":"Box","damage_taken":0,"relics_obtained":["MawBank"],"max_hp_gain":0,"max_hp_loss":0,"event_name":"Big Fish","floor":4,"gold_loss":0,"cards_obtained":["Regret"]},{"damage_healed":0,"gold_gain":0,"player_choice":"Ignored","damage_taken":0,"max_hp_gain":0,"max_hp_loss":0,"event_name":"Liars Game","floor":5,"gold_loss":0},{"cards_removed":["Regret"],"damage_healed":0,"gold_gain":0,"player_choice":"Card Removal","damage_taken":7,"max_hp_gain":0,"max_hp_loss":0,"event_name":"Golden Wing","floor":11,"gold_loss":0},{"damage_healed":0,"gold_gain":0,"player_choice":"Opened","damage_taken":0,"relics_obtained":["Smiling Mask"],"max_hp_gain":0,"max_hp_loss":0,"event_name":"The Mausoleum","floor":19,"gold_loss":0},{"damage_healed":0,"gold_gain":0,"player_choice":"Ignored","damage_taken":0,"max_hp_gain":0,"max_hp_loss":0,"event_name":"Vampires","floor":27,"gold_loss":0}],"is_beta":false,"boss_relics":[{"not_picked":["FrozenCore","Astrolabe"],"picked":"Black Star"},{"not_picked":["Pandora\u0027s Box","Orrery"],"picked":"Sozu"}],"items_purged_floors":[12,21,37],"is_endless":false,"potions_floor_spawned":[1,6,13,16,18,20,23,33,35],"killed_by":"Giant Head","ascension_level":0}