{"gold_per_floor":[114,129,144,68,143,143,173,173,173,203,58,88,103,118,118,218,218,158,73,22,22,37,37,67,94,156,168],"floor_reached":27,"playtime":2588,"items_purged":[],"score":249,"play_id":"2f3badba-cea0-4dd4-b134-e19c51c16e24","local_time":"20180804211731","daily_mods":["Allstar","Elite Swarm","Uncertain Future"],"is_ascension_mode":false,"campfire_choices":[{"data":"White Noise","floor":6,"key":"SMITH"},{"data":"Jack Of All Trades","floor":8,"key":"SMITH"},{"floor":15,"key":"REST"},{"data":"Storm","floor":23,"key":"SMITH"}],"neow_cost":"","seed_source_timestamp":0,"circlet_count":0,"master_deck":["Strike_B","Strike_B","Strike_B","Strike_B","Defend_B","Defend_B","Defend_B","Defend_B","Zap","Dualcast","Jack Of All Trades+1","Bandage Up","Trip","Panacea","Secret Technique","White Noise+1","Beam Cell","Chill","Capacitor","Thunder Strike","Echo Form","Consume","Tempest","Buffer","Force Field","Storm+1","Reboot","Hologram","Redo","Storm+1","Leap","Buffer+1","Storm+1"],"special_seed":17747,"relics":["Cracked Core","Blue Candle","Question Card","Ornamental Fan","Vajra","Black Star","Frozen Egg 2","MawBank","Art of War","Oddly Smooth Stone"],"potions_floor_usage":[16,24,24,24,25],"damage_taken":[{"damage":1,"enemies":"Cultist","floor":1,"turns":3},{"damage":0,"enemies":"Small Slimes","floor":2,"turns":2},{"damage":0,"enemies":"2 Louse","floor":3,"turns":3},{"damage":22,"enemies":"Gremlin Nob","floor":7,"turns":4},{"damage":24,"enemies":"Lagavulin","floor":10,"turns":8},{"damage":28,"enemies":"Gremlin Nob","floor":12,"turns":4},{"damage":0,"enemies":"Large Slime","floor":13,"turns":6},{"damage":0,"enemies":"Looter","floor":14,"turns":4},{"damage":38,"enemies":"The Guardian","floor":16,"turns":7},{"damage":30,"enemies":"2 Thieves","floor":18,"turns":4},{"damage":17,"enemies":"Shell Parasite","floor":22,"turns":7},{"damage":42,"enemies":"Book of Stabbing","floor":24,"turns":8},{"damage":8,"enemies":"3 Cultists","floor":25,"turns":4},{"damage":14,"enemies":"Gremlin Leader","floor":27,"turns":2}],"seed_played":"1205906015399424776","potions_obtained":[{"floor":1,"key":"Ancient Potion"},{"floor":13,"key":"Swift Potion"},{"floor":16,"key":"EntropicBrew"},{"floor":24,"key":"Fruit Juice"},{"floor":25,"key":"Swift Potion"}],"is_trial":false,"path_per_floor":["M","M","M","$","?","R","E","R","T","E","$","E","M","M","R","B",null,"M","?","$","?","M","R","E","M","T"],"character_chosen":"DEFECT","items_purchased":["Capacitor","Consume","Tempest","Redo"],"campfire_rested":1,"item_purchase_floors":[4,11,11,20],"current_hp_per_floor":[74,75,75,75,64,64,46,46,46,33,33,9,13,17,39,5,75,53,53,53,53,40,40,9,10,10,0],"gold":168,"neow_bonus":"","is_prod":false,"is_daily":true,"chose_seed":false,"campfire_upgraded":3,"win_rate":0,"timestamp":1533413851,"path_taken":["M","M","?","?","?","R","E","R","T","E","$","E","M","M","R","BOSS","M","?","$","?","M","R","E","M","T","E"],"build_version":"2018-08-02","purchased_purges":0,"victory":false,"max_hp_per_floor":[75,75,75,75,75,75,75,75,75,75,75,75,75,75,75,75,75,75,75,75,75,75,75,75,80,80,80],"card_choices":[{"not_picked":["Cold Snap","Coolheaded"],"picked":"White Noise","floor":1},{"not_picked":["Conserve Battery","Barrage"],"picked":"Beam Cell","floor":2},{"not_picked":["Machine Learning","Leap"],"picked":"Chill","floor":3},{"not_picked":["Fission","All For One"],"picked":"Thunder Strike","floor":7},{"not_picked":["Reboot","All For One","Machine Learning"],"picked":"Echo Form","floor":10},{"not_picked":["Biased Cognition","Creative AI","Echo Form"],"picked":"Buffer","floor":12},{"not_picked":["Rebound","Conserve Battery","Barrage"],"picked":"Force Field","floor":13},{"not_picked":["Doom and Gloom","Turbo","Compile Driver"],"picked":"Storm","floor":14},{"not_picked":["Core Surge","Rainbow","Multi-Cast"],"picked":"Reboot","floor":16},{"not_picked":["Ball Lightning","Darkness+1","Sweeping Beam+1"],"picked":"Hologram","floor":18},{"not_picked":["Gash","Sweeping Beam","Barrage"],"picked":"Leap","floor":22},{"not_picked":["Echo Form+1","Hyperbeam","Rainbow"],"picked":"Buffer+1","floor":24},{"not_picked":["White Noise+1","Aggregate+1","Steam Power"],"picked":"Storm+1","floor":25}],"player_experience":285407,"relics_obtained":[{"floor":7,"key":"Blue Candle"},{"floor":9,"key":"Question Card"},{"floor":10,"key":"Ornamental Fan"},{"floor":12,"key":"Vajra"},{"floor":24,"key":"MawBank"},{"floor":24,"key":"Art of War"},{"floor":26,"key":"Oddly Smooth Stone"}],"event_choices":[{"event_name":"World of Goop","player_choice":"Gather Gold","floor":5,"damage_taken":0},{"event_name":"Addict","player_choice":"Obtained Relic","floor":19,"damage_taken":0},{"event_name":"The Library","player_choice":"Read","floor":21,"damage_taken":0}],"is_beta":false,"boss_relics":[{"not_picked":["Empty Cage","White Beast Statue"],"picked":"Black Star"}],"items_purged_floors":[],"is_endless":false,"potions_floor_spawned":[1,13,16,24,25],"killed_by":"Gremlin Leader","ascension_level":0}