{"gold_per_floor":[119,119,119,133,133,133,151,170,170,170,78,78,353,94,94,189,189,206,186,186,203,214,214,265,265,265,265,276,276,276,292,292,391,391,409,421,421,434,88,88,88,103,159,159,159,159,174,28,28,28],"floor_reached":50,"playtime":4851,"items_purged":["Regret"],"score":480,"play_id":"b3931e1b-1852-4363-8198-6bb5b57ddbe4","local_time":"20180827040247","is_ascension_mode":false,"campfire_choices":[{"floor":6,"key":"REST"},{"data":"Bash","floor":10,"key":"SMITH"},{"data":"Strike_R","floor":12,"key":"SMITH"},{"data":"Defend_R","floor":15,"key":"SMITH"},{"floor":23,"key":"REST"},{"data":"Berserk","floor":25,"key":"SMITH"},{"floor":30,"key":"REST"},{"data":"Iron Wave","floor":32,"key":"SMITH"},{"data":"Barricade","floor":40,"key":"SMITH"},{"data":"Heavy Blade","floor":45,"key":"SMITH"},{"data":"Defend_R","floor":49,"key":"SMITH"}],"neow_cost":"","seed_source_timestamp":252768478509043,"circlet_count":0,"master_deck":["Strike_R+1","Strike_R","Strike_R","Strike_R","Defend_R+1","Defend_R+1","Defend_R","Defend_R","Bash+1","Havoc+1","Seeing Red+1","Armaments+1","Bandage Up+1","Transmutation+1","Berserk+1","Heavy Blade+1","Dual Wield+1","Iron Wave+1","Barricade+1","Flex+1","Flex+1","Flex+1","Flex+1","Infernal Blade+1","Ghostly Armor+1","Limit Break+1"],"relics":["Burning Blood","Toxic Egg 2","Oddly Smooth Stone","Runic Pyramid","Paper Frog","Coffee Dripper","Dead Branch","Tiny Chest","Champion Belt"],"potions_floor_usage":[8,31,31,36,38,42,50,50],"damage_taken":[{"damage":0,"enemies":"Small Slimes","floor":1,"turns":3},{"damage":9,"enemies":"Jaw Worm","floor":4,"turns":6},{"damage":2,"enemies":"2 Louse","floor":7,"turns":3},{"damage":8,"enemies":"Exordium Thugs","floor":8,"turns":4},{"damage":68,"enemies":"The Guardian","floor":16,"turns":12},{"damage":16,"enemies":"Shell Parasite","floor":18,"turns":7},{"damage":28,"enemies":"Chosen","floor":21,"turns":6},{"damage":16,"enemies":"Shelled Parasite and Fungi","floor":22,"turns":7},{"damage":11,"enemies":"3 Cultists","floor":24,"turns":6},{"damage":10,"enemies":"Snake Plant","floor":28,"turns":7},{"damage":24,"enemies":"Colosseum Slavers","floor":29,"turns":5},{"damage":6,"enemies":"Shelled Parasite and Fungi","floor":31,"turns":4},{"damage":28,"enemies":"Automaton","floor":33,"turns":12},{"damage":35,"enemies":"Orb Walker","floor":35,"turns":3},{"damage":58,"enemies":"3 Darklings","floor":36,"turns":6},{"damage":10,"enemies":"4 Shapes","floor":38,"turns":9},{"damage":45,"enemies":"Flame Bruiser 2 Orb","floor":42,"turns":8},{"damage":0,"enemies":"Mind Bloom Boss Battle","floor":44,"turns":5},{"damage":6,"enemies":"Sphere and 2 Shapes","floor":47,"turns":7},{"damage":107,"enemies":"Donu and Deca","floor":50,"turns":6}],"seed_played":"5716136947807263447","potions_obtained":[{"floor":4,"key":"AttackPotion"},{"floor":7,"key":"SpeedPotion"},{"floor":16,"key":"Dexterity Potion"},{"floor":19,"key":"FearPotion"},{"floor":35,"key":"Strength Potion"},{"floor":38,"key":"Swift Potion"},{"floor":42,"key":"FearPotion"}],"is_trial":false,"path_per_floor":["M","?","?","M","?","R","M","M","T","R","$","R","?","$","R","B",null,"M","?","?","M","M","R","M","R","T","?","M","?","R","M","R","B",null,"M","M","?","M","$","R","?","M","T","?","R","$","M","$","R"],"character_chosen":"IRONCLAD","items_purchased":["Bandage Up+1","Transmutation+1","Dead Branch","PowerPotion","Limit Break+1"],"campfire_rested":3,"item_purchase_floors":[11,14,39,39,48],"current_hp_per_floor":[80,80,68,65,65,80,80,78,78,78,78,78,78,78,78,22,80,76,76,61,45,41,66,67,67,67,67,69,57,82,85,85,69,85,62,22,22,24,24,24,74,47,47,74,74,74,74,74,74,0],"gold":28,"neow_bonus":"","is_prod":false,"is_daily":false,"chose_seed":false,"campfire_upgraded":8,"win_rate":0,"timestamp":1535338967,"path_taken":["M","?","?","?","?","R","M","M","T","R","$","R","?","$","R","BOSS","M","?","?","?","M","R","M","R","T","?","M","?","R","M","R","BOSS","M","M","?","M","$","R","?","M","T","?","R","$","?","$","R","BOSS"],"build_version":"2018-08-23v2","purchased_purges":1,"victory":false,"max_hp_per_floor":[80,80,80,80,80,80,80,80,80,80,80,80,80,80,80,80,80,80,80,85,85,85,85,85,85,85,85,85,85,85,85,85,85,85,85,85,85,85,85,85,74,74,74,74,74,74,74,74,74,74],"card_choices":[{"not_picked":["Warcry","True Grit","Power Through"],"picked":"SKIP","floor":1},{"not_picked":["Dropkick","Sword Boomerang","Wild Strike"],"picked":"SKIP","floor":4},{"not_picked":["Clash","Exhume+1"],"picked":"Seeing Red+1","floor":7},{"not_picked":["Headbutt","Sword Boomerang"],"picked":"Armaments+1","floor":8},{"not_picked":["Bludgeon","Immolate"],"picked":"Berserk","floor":16},{"not_picked":["Clothesline+1","Bloodletting+1"],"picked":"Heavy Blade","floor":18},{"not_picked":["Clothesline","Sword Boomerang","Uppercut"],"picked":"SKIP","floor":21},{"not_picked":["Perfected Strike","Twin Strike","Evolve"],"picked":"SKIP","floor":22},{"not_picked":["Sword Boomerang","Twin Strike","Rampage"],"picked":"SKIP","floor":24},{"not_picked":["Perfected Strike","Shrug It Off+1"],"picked":"Dual Wield+1","floor":28},{"not_picked":["Heavy Blade","Clash"],"picked":"Iron Wave","floor":31},{"not_picked":["Feed","Reaper"],"picked":"Barricade","floor":33},{"not_picked":["Twin Strike+1","Heavy Blade+1"],"picked":"Flex+1","floor":35},{"not_picked":["Pummel","Second Wind+1"],"picked":"Flex+1","floor":36},{"not_picked":["Dual Wield+1","Armaments+1"],"picked":"Flex+1","floor":38},{"not_picked":["Bloodletting+1","Warcry+1"],"picked":"Flex+1","floor":42},{"not_picked":["Headbutt+1","Corruption+1"],"picked":"Infernal Blade+1","floor":44},{"not_picked":["Battle Trance+1","Armaments+1"],"picked":"Ghostly Armor+1","floor":47}],"player_experience":451788,"relics_obtained":[{"floor":9,"key":"Oddly Smooth Stone"},{"floor":26,"key":"Paper Frog"},{"floor":43,"key":"Tiny Chest"},{"floor":44,"key":"Champion Belt"}],"event_choices":[{"event_name":"The Cleric","player_choice":"Leave","floor":2,"damage_taken":0},{"event_name":"Scrap Ooze","player_choice":"success","floor":3,"damage_taken":12},{"event_name":"Transmorgrifier","player_choice":"Transform","floor":5,"damage_taken":0},{"event_name":"Golden Shrine","player_choice":"Desecrate","floor":13,"damage_taken":0},{"event_name":"The Woman in Blue","player_choice":"Bought 1 Potion","floor":19,"damage_taken":0},{"event_name":"Forgotten Altar","player_choice":"Shed Blood","floor":20,"damage_taken":0},{"event_name":"Ghosts","player_choice":"Ignored","floor":27,"damage_taken":0},{"event_name":"Colosseum","player_choice":"Fight","floor":29,"damage_taken":0},{"event_name":"Colosseum","player_choice":"Fled From Nobs","floor":29,"damage_taken":0},{"event_name":"Purifier","player_choice":"Skipped","floor":37,"damage_taken":0},{"event_name":"The Moai Head","player_choice":"Heal","floor":41,"damage_taken":0},{"event_name":"MindBloom","player_choice":"Fight","floor":44,"damage_taken":0}],"is_beta":false,"boss_relics":[{"not_picked":["Velvet Choker","Runic Dome"],"picked":"Runic Pyramid"},{"not_picked":["White Beast Statue","Tiny House"],"picked":"Coffee Dripper"}],"items_purged_floors":[14],"is_endless":false,"potions_floor_spawned":[4,7,16,24,28,29,35,38,42],"killed_by":"Donu and Deca","ascension_level":0}