{"gold_per_floor":[115,129,141,141,157,157,182,182,230,230,242,242,256,585,585,585],"floor_reached":16,"playtime":1741,"items_purged":[],"score":123,"play_id":"f1cce696-46dd-4c13-818a-b52f396929bb","local_time":"20190325205911","is_ascension_mode":true,"campfire_choices":[{"data":"Storm of Steel","floor":6.0,"key":"SMITH"},{"data":"Neutralize","floor":8.0,"key":"SMITH"},{"data":"Dagger Spray","floor":10.0,"key":"SMITH"},{"data":"After Image","floor":12.0,"key":"SMITH"},{"data":"Dodge and Roll","floor":15,"key":"SMITH"}],"neow_cost":"NONE","seed_source_timestamp":297719846481481,"circlet_count":0,"master_deck":["Defend_G","Defend_G","Defend_G","Defend_G","Defend_G","Strike_G","Strike_G","Strike_G","Strike_G","Strike_G","Survivor","Neutralize+1","Storm of Steel+1","Dodge and Roll+1","After Image+1","Dagger Throw","Regret","Dagger Spray+1","PiercingWail","Leg Sweep"],"special_seed":0,"relics":["Ring of the Snake","Darkstone Periapt","Regal Pillow","Bag of Marbles","Old Coin"],"potions_floor_usage":[16],"damage_taken":[{"damage":1.0,"enemies":"2 Louse","floor":1.0,"turns":4.0},{"damage":0.0,"enemies":"Jaw Worm","floor":2.0,"turns":4.0},{"damage":0.0,"enemies":"Cultist","floor":3.0,"turns":5.0},{"damage":6.0,"enemies":"Looter","floor":5.0,"turns":5.0},{"damage":28.0,"enemies":"Lagavulin","floor":7.0,"turns":11.0},{"damage":0.0,"enemies":"2 Fungi Beasts","floor":11.0,"turns":2.0},{"damage":0.0,"enemies":"Exordium Wildlife","floor":13.0,"turns":1.0},{"damage":3,"enemies":"3 Sentries","floor":14,"turns":6},{"damage":61,"enemies":"Slime Boss","floor":16,"turns":12}],"seed_played":"-194193046885758594","potions_obtained":[{"floor":1.0,"key":"Explosive Potion"},{"floor":7.0,"key":"GamblersBrew"},{"floor":14,"key":"FairyPotion"}],"is_trial":false,"path_per_floor":["M","M","M","?","M","R","E","R","T","R","M","R","M","E","R","B"],"character_chosen":"THE_SILENT","items_purchased":[],"campfire_rested":0,"item_purchase_floors":[],"current_hp_per_floor":[69,69,69,75,69,69,41,41,41,41,41,41,41,38,38,0],"gold":585,"neow_bonus":"ONE_RANDOM_RARE_CARD","is_prod":false,"is_daily":false,"chose_seed":false,"campfire_upgraded":5,"win_rate":0,"timestamp":1553547551,"path_taken":["M","M","M","?","M","R","E","R","T","R","M","R","M","E","R","BOSS"],"build_version":"2019-01-23","purchased_purges":0,"victory":false,"max_hp_per_floor":[70,70,70,76,76,76,76,76,76,76,76,76,76,76,76,76],"card_choices":[{"not_picked":["Flying Knee","Blade Dance"],"picked":"Dodge and Roll","floor":1.0},{"not_picked":["Crippling Poison","Deflect"],"picked":"After Image","floor":2.0},{"not_picked":["Deadly Poison","Poisoned Stab"],"picked":"Dagger Throw","floor":3.0},{"not_picked":["Riddle With Holes","Predator","Sucker Punch"],"picked":"SKIP","floor":5.0},{"not_picked":["Flechettes","Eviscerate"],"picked":"Dagger Spray","floor":7.0},{"not_picked":["Concentrate","Deadly Poison"],"picked":"PiercingWail","floor":11.0},{"not_picked":["Underhanded Strike","Deadly Poison","PiercingWail"],"picked":"SKIP","floor":13.0},{"not_picked":["Riddle With Holes","Die Die Die"],"picked":"Leg Sweep","floor":14}],"player_experience":183143,"relics_obtained":[{"floor":7.0,"key":"Regal Pillow"},{"floor":9.0,"key":"Bag of Marbles"},{"floor":14,"key":"Old Coin"}],"event_choices":[{"damage_healed":0.0,"max_hp_gain":0.0,"max_hp_loss":0.0,"gold_gain":0.0,"event_name":"Big Fish","player_choice":"Box","floor":4.0,"gold_loss":0.0,"damage_taken":0.0,"relics_obtained":["Darkstone Periapt"],"cards_obtained":["Regret"]}],"is_beta":false,"boss_relics":[],"items_purged_floors":[],"is_endless":false,"potions_floor_spawned":[1,7,14],"killed_by":"Slime Boss","ascension_level":2}