{"gold_per_floor":[144,144,189,234,21,111,156,156,156,201,201],"floor_reached":11,"playtime":659,"items_purged":[],"score":100,"play_id":"55a7db48-c138-4686-a30d-49fa990131f5","local_time":"20180923084424","daily_mods":["Specialized","Midas","Night Terrors"],"is_ascension_mode":false,"campfire_choices":[],"neow_cost":"","seed_source_timestamp":0,"circlet_count":0,"master_deck":["Strike_R","Strike_R","Strike_R","Strike_R","Strike_R","Defend_R","Defend_R","Defend_R","Defend_R","Bash","Fiend Fire","Fiend Fire","Fiend Fire","Fiend Fire","Fiend Fire","Shrug It Off","Dual Wield","Flex","Double Tap","Berserk+1","Warcry","Shrug It Off","Metallicize"],"special_seed":17797,"relics":["Burning Blood","Du-Vu Doll","Omamori"],"potions_floor_usage":[10],"damage_taken":[{"damage":6,"enemies":"Jaw Worm","floor":1,"turns":2},{"damage":0,"enemies":"Small Slimes","floor":3,"turns":2},{"damage":0,"enemies":"Cultist","floor":4,"turns":2},{"damage":20,"enemies":"Gremlin Nob","floor":6,"turns":4},{"damage":2,"enemies":"Looter","floor":7,"turns":2},{"damage":24,"enemies":"Lots of Slimes","floor":10,"turns":9},{"damage":29,"enemies":"Gremlin Gang","floor":11,"turns":10}],"seed_played":"-3341318107676815907","potions_obtained":[{"floor":1,"key":"SpeedPotion"},{"floor":6,"key":"EssenceOfSteel"}],"is_trial":false,"path_per_floor":["M","?","M","M","$","E","M","?","T","M"],"character_chosen":"IRONCLAD","items_purchased":["Double Tap","Berserk"],"campfire_rested":0,"item_purchase_floors":[5,5],"current_hp_per_floor":[80,80,80,80,80,66,70,70,70,52,23],"gold":201,"neow_bonus":"","is_prod":false,"is_daily":true,"chose_seed":false,"campfire_upgraded":0,"win_rate":0,"timestamp":1537688664,"path_taken":["M","?","?","M","$","E","M","?","T","M","?"],"build_version":"2018-09-20","purchased_purges":0,"victory":false,"max_hp_per_floor":[80,80,80,80,80,80,80,80,80,80,80],"card_choices":[{"not_picked":["Perfected Strike","Body Slam"],"picked":"Shrug It Off","floor":1},{"not_picked":["Sword Boomerang","Reckless Charge"],"picked":"Dual Wield","floor":3},{"not_picked":["Twin Strike","Burning Pact"],"picked":"Flex","floor":4},{"not_picked":["Sever Soul","Havoc"],"picked":"Warcry","floor":6},{"not_picked":["Second Wind","Warcry"],"picked":"Shrug It Off","floor":7},{"not_picked":["Rampage","Havoc"],"picked":"Metallicize","floor":10}],"player_experience":545099,"relics_obtained":[{"floor":6,"key":"Du-Vu Doll"},{"floor":9,"key":"Omamori"}],"event_choices":[{"event_name":"Golden Idol","player_choice":"Ignored","floor":2,"damage_taken":0},{"event_name":"Upgrade Shrine","player_choice":"Upgraded","floor":8,"damage_taken":0}],"is_beta":false,"boss_relics":[],"items_purged_floors":[],"is_endless":false,"potions_floor_spawned":[1,6],"killed_by":"Gremlin Gang","ascension_level":0}