{"gold_per_floor":[114,128,128,146,146,146,146,146,146,163,175,2,16,28,28,123,123,140,152,152,163,177,177,192,227,297,297,247,247,247,257,257,357,357,373,373,373,384,227,227,261,261,288,288,288],"floor_reached":45,"playtime":2398,"items_purged":[],"score":455,"play_id":"8f894023-b6e5-451f-90fe-e8b329eb6656","local_time":"20190124123820","is_ascension_mode":false,"campfire_choices":[{"data":"Loop","floor":6,"key":"SMITH"},{"data":"Zap","floor":8,"key":"SMITH"},{"floor":15,"key":"REST"},{"data":"Apotheosis","floor":23,"key":"SMITH"},{"floor":27,"key":"REST"},{"data":"Defragment","floor":30,"key":"SMITH"},{"data":"Amplify","floor":32,"key":"SMITH"},{"data":"Storm","floor":40,"key":"SMITH"},{"floor":42,"key":"REST"},{"data":"Echo Form","floor":44,"key":"SMITH"}],"neow_cost":"NONE","seed_source_timestamp":4812225810451457,"circlet_count":0,"master_deck":["Strike_B","Defend_B","Defend_B","Defend_B","Defend_B","Zap+1","Dualcast","Amplify+1","Loop+1","FTL","Fusion+1","Self Repair","Sweeping Beam","Apotheosis+1","Conserve Battery","Defragment+1","Electrodynamics","Blizzard+1","Streamline+1","Rip and Tear+1","Consume","Chill+1","Melter","Barrage","Beam Cell+1","Steam","Redo","Ball Lightning+1","Echo Form+1","FTL+1","Defragment","Storm+1","Multi-Cast","Capacitor+1"],"relics":["Cracked Core","Happy Flower","Sundial","Astrolabe","Question Card","Kunai","Pantograph","Runic Pyramid","PreservedInsect","Bag of Preparation"],"potions_floor_usage":[16,19,19,22,25,25,33,45],"damage_taken":[{"damage":6,"enemies":"Jaw Worm","floor":1,"turns":4},{"damage":1,"enemies":"Cultist","floor":2,"turns":3},{"damage":5,"enemies":"2 Louse","floor":4,"turns":3},{"damage":16,"enemies":"Red Slaver","floor":10,"turns":4},{"damage":15,"enemies":"Exordium Wildlife","floor":11,"turns":4},{"damage":11,"enemies":"Exordium Thugs","floor":13,"turns":4},{"damage":0,"enemies":"2 Fungi Beasts","floor":14,"turns":3},{"damage":46,"enemies":"The Guardian","floor":16,"turns":8},{"damage":10,"enemies":"Shell Parasite","floor":18,"turns":4},{"damage":5,"enemies":"3 Byrds","floor":19,"turns":2},{"damage":28,"enemies":"Snake Plant","floor":21,"turns":4},{"damage":15,"enemies":"Shelled Parasite and Fungi","floor":22,"turns":5},{"damage":8,"enemies":"Cultist and Chosen","floor":24,"turns":5},{"damage":33,"enemies":"Slavers","floor":25,"turns":5},{"damage":12,"enemies":"Centurion and Healer","floor":31,"turns":5},{"damage":69,"enemies":"Automaton","floor":33,"turns":8},{"damage":12,"enemies":"Orb Walker","floor":35,"turns":5},{"damage":0,"enemies":"3 Shapes","floor":38,"turns":5},{"damage":37,"enemies":"Reptomancer","floor":41,"turns":5},{"damage":66,"enemies":"2 Orb Walkers","floor":45,"turns":4}],"seed_played":"-6921474119650065809","potions_obtained":[{"floor":4,"key":"Ancient Potion"},{"floor":10,"key":"FocusPotion"},{"floor":11,"key":"FocusPotion"},{"floor":14,"key":"PowerPotion"},{"floor":16,"key":"Regen Potion"},{"floor":19,"key":"FearPotion"},{"floor":20,"key":"Weak Potion"},{"floor":20,"key":"Weak Potion"},{"floor":24,"key":"Ancient Potion"},{"floor":31,"key":"PowerPotion"},{"floor":35,"key":"Block Potion"},{"floor":38,"key":"FearPotion"}],"is_trial":false,"path_per_floor":["M","M","?","M","?","R","?","R","T","M","M","$","M","M","R","B",null,"M","M","?","M","M","R","M","E","T","R","$","T","R","M","R","B",null,"M","?","$","M","$","R","E","R","T","R","?"],"character_chosen":"DEFECT","items_purchased":["Apotheosis","Redo","Storm","Multi-Cast"],"campfire_rested":3,"item_purchase_floors":[12,28,39,39],"current_hp_per_floor":[69,68,68,63,51,51,51,51,51,35,27,27,23,33,55,19,75,75,70,70,56,48,48,50,39,39,61,61,61,61,56,56,13,75,75,75,75,75,75,75,38,60,60,60,0],"gold":288,"neow_bonus":"ONE_RANDOM_RARE_CARD","is_prod":false,"is_daily":false,"chose_seed":false,"campfire_upgraded":7,"win_rate":0,"timestamp":1548333500,"path_taken":["M","M","?","?","?","R","?","R","T","M","?","?","M","M","R","BOSS","M","M","?","M","M","R","M","E","T","R","$","?","R","M","R","BOSS","M","?","$","M","$","R","E","R","T","R","?"],"build_version":"2019-01-23","purchased_purges":0,"victory":false,"max_hp_per_floor":[75,75,75,75,75,75,75,75,75,75,75,75,75,75,75,75,75,75,75,75,75,75,75,75,75,75,75,75,75,75,75,75,75,75,75,75,75,75,75,75,75,75,75,75,75],"card_choices":[{"not_picked":["Barrage","Turbo"],"picked":"Loop","floor":1},{"not_picked":["Cold Snap","Reinforced Body"],"picked":"FTL","floor":2},{"not_picked":["Barrage","Skim"],"picked":"Fusion","floor":4},{"not_picked":["Compile Driver","Reprogram"],"picked":"Self Repair","floor":10},{"not_picked":["Coolheaded","Reprogram"],"picked":"Sweeping Beam","floor":11},{"not_picked":["Hologram","Compile Driver"],"picked":"Conserve Battery","floor":13},{"not_picked":["Double Energy","Heatsinks"],"picked":"Defragment","floor":14},{"not_picked":["Machine Learning","Echo Form"],"picked":"Electrodynamics","floor":16},{"not_picked":["Coolheaded","Darkness"],"picked":"Consume","floor":18},{"not_picked":["Steam","Leap+1"],"picked":"Chill+1","floor":19},{"not_picked":["Sweeping Beam+1","Rebound"],"picked":"Melter","floor":21},{"not_picked":["Blizzard","Undo"],"picked":"Barrage","floor":22},{"not_picked":["BootSequence","Compile Driver+1"],"picked":"Beam Cell+1","floor":24},{"not_picked":["Hyperbeam","Turbo"],"picked":"Steam","floor":25},{"not_picked":["Reprogram","Conserve Battery","Sweeping Beam+1"],"picked":"Ball Lightning+1","floor":31},{"not_picked":["All For One","Rainbow","Thunder Strike"],"picked":"Echo Form","floor":33},{"not_picked":["Beam Cell","Sweeping Beam+1","Steam+1"],"picked":"FTL+1","floor":35},{"not_picked":["FTL","Glacier+1","Redo"],"picked":"Defragment","floor":38},{"not_picked":["Beam Cell+1","Reinforced Body","Hello World+1"],"picked":"Capacitor+1","floor":41}],"player_experience":917823,"relics_obtained":[{"floor":9,"key":"Sundial"},{"floor":25,"key":"Question Card"},{"floor":26,"key":"Kunai"},{"floor":29,"key":"Pantograph"},{"floor":41,"key":"PreservedInsect"},{"floor":43,"key":"Bag of Preparation"}],"event_choices":[{"damage_healed":0,"gold_gain":0,"player_choice":"Ignored","damage_taken":0,"max_hp_gain":0,"max_hp_loss":0,"event_name":"NoteForYourself","floor":3,"gold_loss":0},{"damage_healed":0,"gold_gain":0,"player_choice":"Success","damage_taken":12,"relics_obtained":["Happy Flower"],"max_hp_gain":0,"max_hp_loss":0,"event_name":"Scrap Ooze","floor":5,"gold_loss":0},{"damage_healed":0,"gold_gain":0,"player_choice":"Upgraded","damage_taken":0,"max_hp_gain":0,"max_hp_loss":0,"event_name":"Upgrade Shrine","floor":7,"gold_loss":0,"cards_upgraded":["Fusion"]},{"damage_healed":0,"gold_gain":0,"player_choice":"Got Potions","damage_taken":0,"max_hp_gain":0,"max_hp_loss":0,"event_name":"Lab","floor":20,"gold_loss":0},{"damage_healed":0,"gold_gain":0,"player_choice":"Ignored","damage_taken":0,"max_hp_gain":0,"max_hp_loss":0,"event_name":"Tomb of Lord Red Mask","floor":36,"gold_loss":0},{"damage_healed":0,"gold_gain":0,"player_choice":"Fight","damage_taken":0,"max_hp_gain":0,"max_hp_loss":0,"event_name":"Mysterious Sphere","floor":45,"gold_loss":0}],"is_beta":false,"boss_relics":[{"not_picked":["Busted Crown","Philosopher\u0027s Stone"],"picked":"Astrolabe"},{"not_picked":["Velvet Choker","Eternal Feather"],"picked":"Runic Pyramid"}],"items_purged_floors":[],"is_endless":false,"potions_floor_spawned":[4,10,11,14,16,18,19,24,31,35,38],"killed_by":"2 Orb Walkers","ascension_level":0}