{"gold_per_floor":[114,114,129,83,83,83,113,113,113,113,138,153,183,198,198,298,298,313,313,328,343,358,358,457,472,472,487,487,487,502,522,522,622,622,637,652,2,6,21,21,36,51,131,131,353,353,38,53,53,53],"floor_reached":50,"playtime":4341,"items_purged":["Pain","Injury"],"score":521,"play_id":"9c74ecaa-0b0f-46fd-bb2d-b8e5f65c7c55","local_time":"20181016110500","daily_mods":["Chimera","Colorless Cards","Careless"],"is_ascension_mode":false,"campfire_choices":[{"data":"Flex","floor":6,"key":"SMITH"},{"data":"Discovery","floor":8,"key":"SMITH"},{"data":"Shockwave","floor":10,"key":"SMITH"},{"data":"Bandage Up","floor":15,"key":"SMITH"},{"data":"Mind Blast","floor":23,"key":"SMITH"},{"floor":28,"key":"REST"},{"data":"Bite","floor":32,"key":"SMITH"},{"floor":40,"key":"REST"},{"data":"Dual Wield","floor":44,"key":"SMITH"},{"data":"Madness","floor":49,"key":"SMITH"}],"neow_cost":"","seed_source_timestamp":0,"circlet_count":0,"master_deck":["Bash","Survivor","Zap","Defend_R","Defend_G","Defend_B","Shockwave+1","Iron Wave","Flex+1","Discovery+1","Cleave","Bandage Up+1","Rupture+1","Sadistic Nature+1","Anger","Headbutt","Twin Strike","Mind Blast+1","Heavy Blade","The Bomb","Finesse","Blind","Deep Breath","Flex+1","Dramatic Entrance+1","Bite+1","Bite","Bite","Bite","Bite","Rupture+1","Rupture+1","Panache+1","Parasite","Dual Wield+1","Headbutt+1","Inflame+1","Anger+1","Power Through+1","Ghostly Armor+1","Twin Strike","Madness","Madness+1","Fire Breathing+1","Flex","Sever Soul","Dramatic Entrance"],"special_seed":17820,"relics":["Burning Blood","Frozen Egg 2","Pear","Self Forming Clay","Potion Belt","Orrery","Juzu Bracelet","Red Mask","Calling Bell","Bag of Preparation","Meat on the Bone","Champion Belt","Ginger","Strange Spoon","Nunchaku","Tiny Chest"],"potions_floor_usage":[18,18,21,25,27,30,31,39,50,50],"damage_taken":[{"damage":0,"enemies":"2 Louse","floor":1,"turns":3},{"damage":0,"enemies":"Cultist","floor":3,"turns":5},{"damage":34,"enemies":"Lagavulin","floor":7,"turns":10},{"damage":0,"enemies":"Jaw Worm","floor":12,"turns":4},{"damage":0,"enemies":"Large Slime","floor":13,"turns":4},{"damage":4,"enemies":"Blue Slaver","floor":14,"turns":4},{"damage":49,"enemies":"Slime Boss","floor":16,"turns":8},{"damage":0,"enemies":"Spheric Guardian","floor":18,"turns":3},{"damage":24,"enemies":"2 Thieves","floor":20,"turns":3},{"damage":20,"enemies":"3 Cultists","floor":21,"turns":4},{"damage":22,"enemies":"Snecko","floor":22,"turns":9},{"damage":12,"enemies":"Snake Plant","floor":25,"turns":5},{"damage":15,"enemies":"Chosen and Byrds","floor":27,"turns":3},{"damage":14,"enemies":"Shelled Parasite and Fungi","floor":30,"turns":5},{"damage":13,"enemies":"Masked Bandits","floor":31,"turns":3},{"damage":79,"enemies":"Automaton","floor":33,"turns":12},{"damage":5,"enemies":"Orb Walker","floor":35,"turns":3},{"damage":25,"enemies":"3 Darklings","floor":36,"turns":5},{"damage":46,"enemies":"Mysterious Sphere","floor":38,"turns":9},{"damage":18,"enemies":"Transient","floor":39,"turns":5},{"damage":35,"enemies":"Spire Growth","floor":41,"turns":4},{"damage":4,"enemies":"Sphere and 2 Shapes","floor":42,"turns":4},{"damage":12,"enemies":"Maw","floor":48,"turns":6},{"damage":65,"enemies":"Donu and Deca","floor":50,"turns":5}],"seed_played":"-5027048999782107507","potions_obtained":[{"floor":7,"key":"SteroidPotion"},{"floor":13,"key":"Ancient Potion"},{"floor":16,"key":"LiquidBronze"},{"floor":20,"key":"Weak Potion"},{"floor":21,"key":"Swift Potion"},{"floor":22,"key":"SkillPotion"},{"floor":27,"key":"Ancient Potion"},{"floor":33,"key":"Dexterity Potion"},{"floor":35,"key":"Poison Potion"},{"floor":38,"key":"SkillPotion"},{"floor":48,"key":"Energy Potion"}],"is_trial":false,"path_per_floor":["M","?","M","$","?","R","E","R","T","R","T","M","M","M","R","B",null,"M","?","M","M","M","R","?","M","T","M","R","?","M","?","R","B",null,"M","M","$","?","M","R","M","M","T","R","?","?","$","M","R"],"character_chosen":"IRONCLAD","items_purchased":["Flex","Inflame+1","Ginger","Strange Spoon","Energy Potion","Fire Breathing+1","Flex","Sever Soul"],"campfire_rested":2,"item_purchase_floors":[4,37,37,37,47,47,47,47],"current_hp_per_floor":[80,77,80,80,80,80,62,62,62,62,62,68,74,80,80,37,90,90,90,72,64,54,54,54,54,54,45,72,63,63,56,56,11,63,63,48,48,34,38,56,48,58,58,58,58,50,50,61,61,0],"gold":53,"neow_bonus":"","is_prod":false,"is_daily":true,"chose_seed":false,"campfire_upgraded":8,"win_rate":0,"timestamp":1539684300,"path_taken":["M","?","M","$","?","R","E","R","T","R","?","M","M","M","R","BOSS","M","?","M","M","M","R","?","M","T","M","R","?","M","?","R","BOSS","M","M","$","?","M","R","M","M","T","R","?","?","$","M","R","BOSS"],"build_version":"2018-10-11","purchased_purges":2,"victory":false,"max_hp_per_floor":[80,80,80,80,80,80,90,90,90,90,90,90,90,90,90,90,90,90,90,90,90,90,90,90,90,90,90,90,63,63,63,63,63,63,63,63,63,63,63,63,63,63,63,63,63,63,63,63,63,63],"card_choices":[{"not_picked":["Body Slam","Evolve"],"picked":"Shockwave","floor":1},{"not_picked":["Carnage","Rage"],"picked":"Iron Wave","floor":3},{"not_picked":["Master of Strategy","Corruption+1"],"picked":"Discovery","floor":7},{"not_picked":["Wild Strike","Twin Strike"],"picked":"Cleave","floor":12},{"not_picked":["Armaments","Body Slam"],"picked":"Bandage Up","floor":13},{"not_picked":["Perfected Strike","Blood for Blood"],"picked":"Rupture+1","floor":14},{"not_picked":["Secret Weapon","Secret Technique"],"picked":"Sadistic Nature+1","floor":16},{"not_picked":["Dark Shackles","Wild Strike"],"picked":"Anger","floor":17},{"not_picked":["Shrug It Off","Reckless Charge"],"picked":"Headbutt","floor":17},{"not_picked":["Clothesline","Body Slam"],"picked":"Twin Strike","floor":17},{"not_picked":["Swift Strike","Clash"],"picked":"Mind Blast","floor":17},{"not_picked":["Secret Technique","Iron Wave"],"picked":"Heavy Blade","floor":17},{"not_picked":["Armaments","Iron Wave"],"picked":"The Bomb","floor":18},{"not_picked":["Burning Pact","Swift Strike"],"picked":"Finesse","floor":20},{"not_picked":["Havoc","Body Slam+1"],"picked":"Blind","floor":21},{"not_picked":["Warcry","True Grit"],"picked":"Deep Breath","floor":22},{"not_picked":["Warcry","Trip"],"picked":"Flex+1","floor":25},{"not_picked":["Wild Strike+1","Jack Of All Trades"],"picked":"Dramatic Entrance+1","floor":27},{"not_picked":["Perfected Strike","Sever Soul"],"picked":"Rupture+1","floor":30},{"not_picked":["Master of Strategy","Dual Wield"],"picked":"Rupture+1","floor":31},{"not_picked":["The Bomb","Master of Strategy"],"picked":"Panache+1","floor":33},{"not_picked":["Armaments+1","Impatience"],"picked":"Dual Wield","floor":35},{"not_picked":["Deep Breath","True Grit"],"picked":"Headbutt+1","floor":36},{"not_picked":["Carnage","Power Through"],"picked":"Anger+1","floor":38},{"not_picked":["Clothesline+1","Pommel Strike"],"picked":"Power Through+1","floor":39},{"not_picked":["Warcry","Rampage+1"],"picked":"Ghostly Armor+1","floor":41},{"not_picked":["Body Slam","Reckless Charge+1"],"picked":"Twin Strike","floor":42},{"not_picked":["Shrug It Off","Pommel Strike+1"],"picked":"Dramatic Entrance","floor":48}],"player_experience":568266,"relics_obtained":[{"floor":7,"key":"Pear"},{"floor":9,"key":"Self Forming Clay"},{"floor":11,"key":"Potion Belt"},{"floor":26,"key":"Juzu Bracelet"},{"floor":31,"key":"Red Mask"},{"floor":34,"key":"Bag of Preparation"},{"floor":34,"key":"Meat on the Bone"},{"floor":34,"key":"Champion Belt"},{"floor":38,"key":"Nunchaku"},{"floor":43,"key":"Tiny Chest"}],"event_choices":[{"event_name":"Scrap Ooze","player_choice":"success","floor":2,"damage_taken":3},{"event_name":"Liars Game","player_choice":"disagreed","floor":5,"damage_taken":0},{"event_name":"Beggar","player_choice":"Ignored","floor":19,"damage_taken":0},{"event_name":"Nest","player_choice":"Stole From Cult","floor":24,"damage_taken":0},{"event_name":"Vampires","player_choice":"Became a vampire","floor":29,"damage_taken":0},{"event_name":"Masked Bandits","player_choice":"Fought Bandits","floor":31,"damage_taken":0},{"event_name":"Mysterious Sphere","player_choice":"Fight","floor":38,"damage_taken":0},{"event_name":"Tomb of Lord Red Mask","player_choice":"Wore Mask","floor":45,"damage_taken":0},{"event_name":"Winding Halls","player_choice":"Embrace Madness","floor":46,"damage_taken":0}],"is_beta":false,"boss_relics":[{"not_picked":["Pandora\u0027s Box","Fusion Hammer"],"picked":"Orrery"},{"not_picked":["Runic Pyramid","Philosopher\u0027s Stone"],"picked":"Calling Bell"}],"items_purged_floors":[37,47],"is_endless":false,"potions_floor_spawned":[7,13,16,20,21,22,27,33,35,38,48],"killed_by":"Donu and Deca","ascension_level":0}