{"gold_per_floor":[110,110,110,75,26,26,54,54,54,73,90,105,105,117,117,220,220,231,231,97,113,129,129,146,163,163,15,15,25,25,40,40,139,139,158,170,185,14,32,32,49,49,49,49,62,87,106,119,119,119],"floor_reached":50,"playtime":4876,"items_purged":[],"score":631,"play_id":"e5912a83-2f2b-48b8-b449-9ab5446ff0a5","local_time":"20180812211814","is_ascension_mode":true,"campfire_choices":[{"data":"Armaments","floor":6,"key":"SMITH"},{"data":"Fiend Fire","floor":8,"key":"SMITH"},{"data":"Flex","floor":13,"key":"SMITH"},{"data":"Flex","floor":15,"key":"SMITH"},{"data":"Demon Form","floor":23,"key":"SMITH"},{"data":"Dual Wield","floor":28,"key":"SMITH"},{"data":"Heavy Blade","floor":30,"key":"SMITH"},{"floor":32,"key":"REST"},{"floor":40,"key":"REST"},{"data":"Exhume","floor":42,"key":"SMITH"},{"data":"Rage","floor":44,"key":"SMITH"},{"data":"Metallicize","floor":49,"key":"SMITH"}],"neow_cost":"PERCENT_DAMAGE","seed_source_timestamp":3795669145023087,"circlet_count":0,"master_deck":["Strike_R","Strike_R","Strike_R","Strike_R","Strike_R","Defend_R","Defend_R","Defend_R","Defend_R","Bash","Fiend Fire+1","Corruption","Armaments+1","Flex+1","Perfected Strike","Flex+1","Flex","Reaper","Demon Form+1","Ghostly Armor","Heavy Blade+1","Rage","Iron Wave+1","Pummel","Thunderclap","Rage+1","Dual Wield+1","Metallicize+1","Iron Wave+1","Armaments+1","Feed","Metallicize","Exhume+1","Power Through+1","Feed"],"relics":["Burning Blood","Sundial","Calipers","Runic Pyramid","Bottled Tornado","Eternal Feather","Smiling Mask","Happy Flower"],"potions_floor_usage":[16,22,37,37,47,50],"damage_taken":[{"damage":0,"enemies":"2 Louse","floor":1,"turns":2},{"damage":40,"enemies":"3 Sentries","floor":7,"turns":13},{"damage":2,"enemies":"Jaw Worm","floor":10,"turns":4},{"damage":1,"enemies":"Cultist","floor":11,"turns":3},{"damage":11,"enemies":"Looter","floor":12,"turns":2},{"damage":14,"enemies":"Exordium Wildlife","floor":14,"turns":5},{"damage":36,"enemies":"Slime Boss","floor":16,"turns":12},{"damage":1,"enemies":"Spheric Guardian","floor":18,"turns":3},{"damage":34,"enemies":"3 Byrds","floor":21,"turns":7},{"damage":0,"enemies":"Snake Plant","floor":22,"turns":3},{"damage":23,"enemies":"Snecko","floor":24,"turns":6},{"damage":24,"enemies":"Chosen and Byrds","floor":25,"turns":6},{"damage":13,"enemies":"Cultist and Chosen","floor":29,"turns":4},{"damage":10,"enemies":"Snecko","floor":31,"turns":3},{"damage":32,"enemies":"Collector","floor":33,"turns":7},{"damage":45,"enemies":"3 Darklings","floor":35,"turns":5},{"damage":38,"enemies":"3 Shapes","floor":36,"turns":5},{"damage":50,"enemies":"Transient","floor":37,"turns":5},{"damage":21,"enemies":"Sphere and 2 Shapes","floor":39,"turns":5},{"damage":18,"enemies":"Spire Growth","floor":41,"turns":5},{"damage":43,"enemies":"3 Darklings","floor":45,"turns":7},{"damage":21,"enemies":"Nemesis","floor":46,"turns":5},{"damage":40,"enemies":"Transient","floor":47,"turns":5},{"damage":0,"enemies":"Sphere and 2 Shapes","floor":48,"turns":7},{"damage":143,"enemies":"Time Eater","floor":50,"turns":10}],"seed_played":"5503570675704828627","potions_obtained":[{"floor":1,"key":"Regen Potion"},{"floor":7,"key":"Strength Potion"},{"floor":22,"key":"Explosive Potion"},{"floor":24,"key":"Swift Potion"},{"floor":31,"key":"FearPotion"},{"floor":33,"key":"FairyPotion"},{"floor":36,"key":"SteroidPotion"},{"floor":39,"key":"PowerPotion"},{"floor":45,"key":"FearPotion"},{"floor":47,"key":"Energy Potion"}],"is_trial":false,"path_per_floor":["M","?","?","?","$","R","E","R","T","M","M","M","R","M","R","B",null,"M","?","$","M","M","R","M","M","T","$","R","M","R","M","R","B",null,"M","M","M","$","M","R","M","R","T","R","M","E","M","M","R"],"character_chosen":"IRONCLAD","items_purchased":["Armaments","Heavy Blade","Rage","Dual Wield","Metallicize","Metallicize","Exhume"],"campfire_rested":2,"item_purchase_floors":[5,20,20,27,27,38,38],"current_hp_per_floor":[62,62,62,80,80,80,46,46,46,50,55,50,50,42,42,27,80,80,80,80,59,65,65,58,59,59,59,59,52,52,59,80,54,80,80,58,29,29,14,59,50,68,68,86,94,79,69,78,99,0],"gold":119,"neow_bonus":"THREE_RARE_CARDS","is_prod":false,"is_daily":false,"chose_seed":false,"campfire_upgraded":10,"win_rate":0,"timestamp":1534105094,"path_taken":["M","?","?","?","$","R","E","R","T","M","M","?","R","M","R","BOSS","M","?","$","M","?","R","M","M","T","$","R","M","R","M","R","BOSS","M","M","M","$","M","R","M","R","T","R","M","E","M","M","R","BOSS"],"build_version":"2018-08-09","purchased_purges":0,"victory":false,"max_hp_per_floor":[80,80,80,80,80,80,80,80,80,80,80,80,80,80,80,80,80,80,80,80,80,80,80,80,80,80,80,80,80,80,80,80,80,80,80,90,90,90,90,90,93,93,93,93,96,96,96,99,99,99],"card_choices":[{"not_picked":["Exhume","Bludgeon"],"picked":"Fiend Fire","floor":0},{"not_picked":["Sword Boomerang","Havoc"],"picked":"Corruption","floor":1},{"not_picked":["Clothesline","Rage"],"picked":"Flex","floor":7},{"not_picked":["Wild Strike","Twin Strike"],"picked":"Perfected Strike","floor":10},{"not_picked":["Iron Wave","Warcry"],"picked":"Flex","floor":11},{"not_picked":["Second Wind","Thunderclap"],"picked":"Flex","floor":12},{"not_picked":["Whirlwind","Pommel Strike"],"picked":"Reaper","floor":14},{"not_picked":["Impervious","Double Tap"],"picked":"Demon Form","floor":16},{"not_picked":["Corruption+1","Wild Strike+1"],"picked":"Ghostly Armor","floor":18},{"not_picked":["Rampage+1","Warcry"],"picked":"Iron Wave+1","floor":21},{"not_picked":["Armaments","Havoc+1"],"picked":"Pummel","floor":22},{"not_picked":["Shrug It Off","Iron Wave+1"],"picked":"Thunderclap","floor":24},{"not_picked":["Corruption","Perfected Strike+1"],"picked":"Rage","floor":25},{"not_picked":["Bloodletting","Heavy Blade"],"picked":"Iron Wave+1","floor":29},{"not_picked":["Thunderclap","Fire Breathing"],"picked":"Armaments+1","floor":31},{"not_picked":["Berserk","Brutality"],"picked":"Feed","floor":33},{"not_picked":["Thunderclap","Sword Boomerang","Blood for Blood+1"],"picked":"SKIP","floor":35},{"not_picked":["Corruption","Sword Boomerang+1","Warcry"],"picked":"SKIP","floor":36},{"not_picked":["Anger","Clothesline","Armaments+1"],"picked":"SKIP","floor":37},{"not_picked":["Anger","Power Through","Pommel Strike"],"picked":"SKIP","floor":39},{"not_picked":["Pommel Strike","Warcry"],"picked":"Power Through+1","floor":41},{"not_picked":["Combust+1","Evolve+1","Intimidate+1"],"picked":"SKIP","floor":45},{"not_picked":["Perfected Strike","True Grit"],"picked":"Feed","floor":46},{"not_picked":["Second Wind","Body Slam+1","Clothesline"],"picked":"SKIP","floor":47},{"not_picked":["Clothesline+1","Pommel Strike+1","Headbutt"],"picked":"SKIP","floor":48}],"player_experience":340503,"relics_obtained":[{"floor":7,"key":"Sundial"},{"floor":9,"key":"Calipers"},{"floor":26,"key":"Bottled Tornado"},{"floor":43,"key":"Smiling Mask"},{"floor":46,"key":"Happy Flower"}],"event_choices":[{"event_name":"Golden Wing","player_choice":"Ignored","floor":2,"damage_taken":0},{"event_name":"Golden Idol","player_choice":"Ignored","floor":3,"damage_taken":0},{"event_name":"The Cleric","player_choice":"Healed","floor":4,"damage_taken":0},{"event_name":"Beggar","player_choice":"Ignored","floor":19,"damage_taken":0}],"is_beta":false,"boss_relics":[{"not_picked":["White Beast Statue","Black Blood"],"picked":"Runic Pyramid"},{"not_picked":["Astrolabe","Philosopher\u0027s Stone"],"picked":"Eternal Feather"}],"items_purged_floors":[],"is_endless":false,"potions_floor_spawned":[1,7,22,24,31,33,36,39,45,47,48],"killed_by":"Time Eater","ascension_level":3}