{"gold_per_floor":[113,34,53,65,80,80,41,41,68,68,82,102,102],"floor_reached":13,"playtime":525,"items_purged":[],"score":154,"play_id":"f4ed25be-8986-46dc-bd4a-103054cfdca5","local_time":"20190328212037","is_ascension_mode":true,"campfire_choices":[{"data":"Crippling Poison","floor":6,"key":"SMITH"},{"data":"Neutralize","floor":8,"key":"SMITH"}],"neow_cost":"NONE","seed_source_timestamp":456260098777083,"circlet_count":0,"master_deck":["AscendersBane","Defend_G","Defend_G","Defend_G","Defend_G","Defend_G","Strike_G","Strike_G","Strike_G","Strike_G","Strike_G","Survivor","Neutralize+1","Cloak And Dagger","Crippling Poison+1","Flying Knee","Sucker Punch","Well Laid Plans","Cloak And Dagger","Catalyst"],"relics":["Ring of the Snake","Centennial Puzzle"],"potions_floor_usage":[12],"damage_taken":[{"damage":9,"enemies":"Jaw Worm","floor":1,"turns":6},{"damage":8,"enemies":"Cultist","floor":3,"turns":4},{"damage":3,"enemies":"Small Slimes","floor":4,"turns":4},{"damage":10,"enemies":"3 Louse","floor":5,"turns":5},{"damage":2,"enemies":"Looter","floor":11,"turns":4},{"damage":10,"enemies":"Large Slime","floor":12,"turns":7},{"damage":28,"enemies":"Gremlin Nob","floor":13,"turns":3}],"seed_played":"1622920381338533901","potions_obtained":[{"floor":11,"key":"Block Potion"},{"floor":12,"key":"Explosive Potion"}],"is_trial":false,"path_per_floor":["M","$","M","M","M","R","$","R","T","?","M","M","E"],"character_chosen":"THE_SILENT","items_purchased":["Crippling Poison","Well Laid Plans"],"campfire_rested":0,"item_purchase_floors":[2,7],"current_hp_per_floor":[56,56,48,45,35,35,35,35,35,35,33,23,0],"gold":102,"neow_bonus":"TEN_PERCENT_HP_BONUS","is_prod":false,"is_daily":false,"chose_seed":false,"campfire_upgraded":2,"win_rate":0,"timestamp":1553826037,"path_taken":["M","$","M","M","M","R","$","R","T","?","M","?","E"],"build_version":"2019-01-23","purchased_purges":0,"victory":false,"max_hp_per_floor":[72,72,72,72,72,72,72,72,72,72,72,72,72],"card_choices":[{"not_picked":["Bane","Terror"],"picked":"Cloak And Dagger","floor":1},{"not_picked":["Eviscerate","Infinite Blades"],"picked":"Flying Knee","floor":3},{"not_picked":["Infinite Blades","Concentrate"],"picked":"Sucker Punch","floor":4},{"not_picked":["Flying Knee","Outmaneuver","Deflect"],"picked":"SKIP","floor":5},{"not_picked":["Terror","Prepared"],"picked":"Cloak And Dagger","floor":11},{"not_picked":["Outmaneuver","Dodge and Roll"],"picked":"Catalyst","floor":12}],"player_experience":804582,"relics_obtained":[{"floor":9,"key":"Centennial Puzzle"}],"event_choices":[{"damage_healed":0,"gold_gain":0,"player_choice":"0 cards matched","damage_taken":0,"max_hp_gain":0,"max_hp_loss":0,"event_name":"Match and Keep!","floor":10,"gold_loss":0,"cards_obtained":[]}],"is_beta":false,"boss_relics":[],"items_purged_floors":[],"is_endless":false,"potions_floor_spawned":[11,12],"killed_by":"Gremlin Nob","ascension_level":20}