{"gold_per_floor":[209,209,159,3,3,30,30,50,50,64,64,84,84,159,159,256,256,268,268,280,293,100,100,100,120,144,144,144,144,144,163,163,260,260,274,1273,939,939,939,968,968,384,684,701,728,728,728,333,333,333],"floor_reached":51,"playtime":1442,"items_purged":["Strike_R","Normality","Normality","Writhe"],"score":772,"play_id":"39595c2a-49a0-4e0c-917c-dc1ffdf99b2c","local_time":"20190322214858","is_ascension_mode":false,"campfire_choices":[{"data":"Whirlwind","floor":7.0,"key":"SMITH"},{"data":"Whirlwind","floor":11.0,"key":"SMITH"},{"data":"Inflame","floor":15.0,"key":"SMITH"},{"data":"Discovery","floor":23.0,"key":"SMITH"},{"data":"Metallicize","floor":28,"key":"SMITH"},{"data":"Metallicize","floor":30,"key":"SMITH"},{"data":"Uppercut","floor":32,"key":"SMITH"},{"data":"Inflame","floor":41,"key":"SMITH"},{"data":"Metallicize","floor":47,"key":"SMITH"},{"data":"Whirlwind","floor":49,"key":"SMITH"}],"neow_cost":"NONE","seed_source_timestamp":16824743492309,"circlet_count":0,"master_deck":["Defend_R","Defend_R","Defend_R","Bash","Metallicize+1","Inflame+1","Whirlwind+1","Whirlwind+1","Reaper","Double Tap","Clothesline+1","Carnage+1","Iron Wave+1","Double Tap","Discovery+1","Heavy Blade+1","Metallicize+1","Whirlwind+1","Metallicize+1","Bloodletting","Uppercut+1","Immolate","Inflame+1","Panacea","Good Instincts","Metallicize+1","Good Instincts","Battle Trance"],"special_seed":0,"relics":["Burning Blood","Smiling Mask","Bird Faced Urn","Sundial","Astrolabe","Art of War","Ornamental Fan","Busted Crown","ClockworkSouvenir","Bag of Marbles","Lantern","Oddly Smooth Stone","Old Coin","Centennial Puzzle","Mummified Hand","Membership Card","Gremlin Horn"],"potions_floor_usage":[33,33,45,50,50,50],"damage_taken":[{"damage":1.0,"enemies":"Cultist","floor":1.0,"turns":3.0},{"damage":46.0,"enemies":"Lagavulin","floor":6.0,"turns":7.0},{"damage":7.0,"enemies":"Jaw Worm","floor":8.0,"turns":4.0},{"damage":0.0,"enemies":"Small Slimes","floor":10.0,"turns":2.0},{"damage":6.0,"enemies":"2 Fungi Beasts","floor":12.0,"turns":2.0},{"damage":52.0,"enemies":"The Guardian","floor":16.0,"turns":13.0},{"damage":2.0,"enemies":"3 Byrds","floor":18.0,"turns":4.0},{"damage":7.0,"enemies":"Chosen","floor":20.0,"turns":8.0},{"damage":10.0,"enemies":"3 Cultists","floor":21.0,"turns":4.0},{"damage":37,"enemies":"Snake Plant","floor":25,"turns":6},{"damage":14,"enemies":"Shelled Parasite and Fungi","floor":31,"turns":4},{"damage":80,"enemies":"Automaton","floor":33,"turns":11},{"damage":29,"enemies":"3 Shapes","floor":35,"turns":6},{"damage":35,"enemies":"Giant Head","floor":40,"turns":8},{"damage":8,"enemies":"Orb Walker","floor":44,"turns":3},{"damage":24,"enemies":"Nemesis","floor":45,"turns":9},{"damage":27,"enemies":"Awakened One","floor":50,"turns":11}],"seed_played":"4858457667461378535","potions_obtained":[{"floor":1.0,"key":"PowerPotion"},{"floor":16.0,"key":"SneckoOil"},{"floor":18.0,"key":"Energy Potion"},{"floor":25,"key":"Regen Potion"},{"floor":33,"key":"SneckoOil"},{"floor":40,"key":"LiquidBronze"},{"floor":45,"key":"LiquidBronze"}],"is_trial":false,"path_per_floor":["M","T","?","$","?","E","R","M","T","M","R","M","?","?","R","B",null,"M","?","M","M","$","R","?","M","T","?","R","?","R","M","R","B",null,"M","?","$","?","?","E","R","$","T","M","E","?","R","$","R","B",null],"character_chosen":"IRONCLAD","items_purchased":["Inflame","Whirlwind","Whirlwind","Metallicize","Inflame","ClockworkSouvenir","Metallicize","Lantern","Oddly Smooth Stone","Good Instincts","Battle Trance","Membership Card","Gremlin Horn","AttackPotion"],"campfire_rested":0,"item_purchase_floors":[4,4,22,22,37,37,42,42,42,42,42,48,48,48],"current_hp_per_floor":[80,80,80,80,80,40,40,43,43,51,51,53,58,47,47,12,85,85,85,85,83,83,83,83,62,62,62,62,62,62,62,62,20,85,70,70,70,70,60,47,47,47,47,53,62,62,62,62,62,68],"gold":333,"neow_bonus":"HUNDRED_GOLD","is_prod":false,"is_daily":false,"chose_seed":false,"campfire_upgraded":10,"win_rate":0,"timestamp":1553312938,"path_taken":["M","?","?","$","?","E","R","?","T","M","R","M","?","?","R","BOSS","M","?","?","M","$","R","?","M","T","?","R","?","R","M","R","BOSS","M","?","$","?","?","E","R","$","T","M","E","?","R","$","R","BOSS"],"build_version":"2019-01-23","purchased_purges":4,"victory":true,"max_hp_per_floor":[80,80,80,80,80,80,80,80,80,80,80,80,85,85,85,85,85,85,85,85,85,85,85,85,85,85,85,85,85,85,85,85,85,85,85,85,85,85,85,85,85,85,85,85,85,85,85,85,85,85],"card_choices":[{"not_picked":["Anger","Dropkick"],"picked":"Metallicize","floor":1.0},{"not_picked":["Dark Embrace","Iron Wave"],"picked":"Whirlwind","floor":6.0},{"not_picked":["Wild Strike","Second Wind","Clash"],"picked":"SKIP","floor":8.0},{"not_picked":["Reaper","True Grit","Anger"],"picked":"SKIP","floor":10.0},{"not_picked":["True Grit","Anger"],"picked":"Reaper","floor":10.0},{"not_picked":["Iron Wave","Pummel","Hemokinesis"],"picked":"SKIP","floor":12.0},{"not_picked":["Juggernaut","Brutality"],"picked":"Double Tap","floor":16.0},{"not_picked":["Clothesline","Seeing Red","Body Slam"],"picked":"SKIP","floor":18.0},{"not_picked":["Second Wind","Warcry"],"picked":"Heavy Blade+1","floor":20.0},{"not_picked":["Twin Strike","Cleave"],"picked":"Metallicize+1","floor":21.0},{"not_picked":["Clash","Wild Strike","Fiend Fire"],"picked":"SKIP","floor":25},{"not_picked":["Iron Wave","Warcry"],"picked":"Uppercut","floor":31},{"not_picked":["Brutality","Reaper"],"picked":"Immolate","floor":33},{"not_picked":["Flex"],"picked":"SKIP","floor":35},{"not_picked":[],"picked":"Panacea","floor":39},{"not_picked":[],"picked":"Good Instincts","floor":39},{"not_picked":["Thunderclap"],"picked":"SKIP","floor":40},{"not_picked":["Thunderclap+1"],"picked":"SKIP","floor":44},{"not_picked":["Reckless Charge+1"],"picked":"SKIP","floor":45}],"player_experience":1122432,"relics_obtained":[{"floor":2.0,"key":"Smiling Mask"},{"floor":6.0,"key":"Bird Faced Urn"},{"floor":9.0,"key":"Sundial"},{"floor":26,"key":"Art of War"},{"floor":40,"key":"Bag of Marbles"},{"floor":43,"key":"Old Coin"},{"floor":45,"key":"Centennial Puzzle"}],"event_choices":[{"cards_removed":["Strike_R"],"damage_healed":0.0,"max_hp_gain":0.0,"max_hp_loss":0.0,"gold_gain":0.0,"event_name":"The Cleric","player_choice":"Card Removal","floor":3.0,"gold_loss":50.0,"damage_taken":0.0},{"cards_removed":["Strike_R"],"damage_healed":0.0,"max_hp_gain":0.0,"max_hp_loss":0.0,"gold_gain":0.0,"event_name":"Bonfire Elementals","player_choice":"Offered Basic","floor":5.0,"gold_loss":0.0,"damage_taken":0.0},{"damage_healed":0.0,"max_hp_gain":5.0,"max_hp_loss":0.0,"gold_gain":0.0,"event_name":"Big Fish","player_choice":"Donut","floor":13.0,"gold_loss":0.0,"damage_taken":0.0},{"damage_healed":0.0,"max_hp_gain":0.0,"max_hp_loss":0.0,"gold_gain":75.0,"event_name":"World of Goop","player_choice":"Gather Gold","floor":14.0,"gold_loss":0.0,"damage_taken":11.0},{"damage_healed":0.0,"max_hp_gain":0.0,"max_hp_loss":0.0,"gold_gain":0.0,"event_name":"Match and Keep!","player_choice":"2 cards matched","floor":19.0,"gold_loss":0.0,"damage_taken":0.0,"cards_obtained":["Double Tap","Discovery"]},{"damage_healed":0,"gold_gain":0,"player_choice":"Read","damage_taken":0,"max_hp_gain":0,"max_hp_loss":0,"event_name":"The Library","floor":24,"gold_loss":0,"cards_obtained":["Bloodletting"]},{"damage_healed":0,"gold_gain":0,"player_choice":"Opened","damage_taken":0,"relics_obtained":["Ornamental Fan"],"max_hp_gain":0,"max_hp_loss":0,"event_name":"The Mausoleum","floor":27,"gold_loss":0,"cards_obtained":["Writhe"]},{"damage_healed":0,"gold_gain":0,"player_choice":"Ignored","damage_taken":0,"max_hp_gain":0,"max_hp_loss":0,"event_name":"Vampires","floor":29,"gold_loss":0},{"damage_healed":0,"gold_gain":999,"player_choice":"Gold","damage_taken":0,"max_hp_gain":0,"max_hp_loss":0,"event_name":"MindBloom","floor":36,"gold_loss":0,"cards_obtained":["Normality","Normality"]},{"damage_healed":0,"gold_gain":0,"player_choice":"Ignored","damage_taken":0,"max_hp_gain":0,"max_hp_loss":0,"event_name":"Tomb of Lord Red Mask","floor":38,"gold_loss":0},{"damage_healed":0,"gold_gain":0,"player_choice":"Memory 3","damage_taken":10,"max_hp_gain":0,"max_hp_loss":0,"event_name":"SensoryStone","floor":39,"gold_loss":0},{"damage_healed":0,"gold_gain":0,"player_choice":"Gave Potion","damage_taken":0,"relics_obtained":["Mummified Hand"],"max_hp_gain":0,"max_hp_loss":0,"event_name":"WeMeetAgain","floor":46,"gold_loss":0}],"is_beta":false,"boss_relics":[{"not_picked":["Runic Pyramid","Lizard Tail"],"picked":"Astrolabe"},{"not_picked":["Empty Cage","Black Star"],"picked":"Busted Crown"}],"items_purged_floors":[22,37,42,48],"is_endless":false,"potions_floor_spawned":[1,16,18,25,33,40,45],"ascension_level":0}