{"gold_per_floor":[212,229,229,241,253,253,263,263,287,297,314,314,334,397,397,495,495,511,511,188,203,59,59,79,112,112,112,112,112,112,112,112,208,208,218,236,236,33,33,33],"floor_reached":40,"playtime":2614,"items_purged":[],"score":467,"play_id":"3c98d227-b5b3-4e10-a8f2-8dfda3ec94c9","local_time":"20180817174138","is_ascension_mode":true,"campfire_choices":[{"data":"Zap","floor":6,"key":"SMITH"},{"data":"Storm","floor":8,"key":"SMITH"},{"floor":12,"key":"REST"},{"floor":15,"key":"REST"},{"floor":23,"key":"REST"},{"floor":27,"key":"REST"},{"floor":30,"key":"REST"},{"data":"Creative AI","floor":32,"key":"SMITH"}],"neow_cost":"NONE","seed_source_timestamp":4216931958277010,"circlet_count":0,"master_deck":["Strike_B","Strike_B","Strike_B","Strike_B","Defend_B","Defend_B","Defend_B","Zap+1","Dualcast","Gash","Storm+1","Ball Lightning","Rebound","Defragment","Cold Snap","Creative AI+1","Self Repair","Storm","Echo Form","Loop","Storm","Steam","Conserve Battery","Double Energy","Static Discharge","Defragment+1","Conserve Battery","Amplify","Conserve Battery+1","Barrage+1","Gash+1","Leap","Hello World","Jack Of All Trades"],"relics":["Cracked Core","Orichalcum","Tiny Chest","Sozu","Matryoshka","Anchor","Bag of Marbles","Symbiotic Virus","Juzu Bracelet","Pantograph","NlothsMask","Eternal Feather","Prayer Wheel"],"potions_floor_usage":[10,16,16],"damage_taken":[{"damage":2,"enemies":"Jaw Worm","floor":1,"turns":5},{"damage":5,"enemies":"Small Slimes","floor":2,"turns":3},{"damage":0,"enemies":"2 Louse","floor":4,"turns":2},{"damage":13,"enemies":"Lots of Slimes","floor":5,"turns":4},{"damage":5,"enemies":"Gremlin Gang","floor":7,"turns":4},{"damage":0,"enemies":"Exordium Wildlife","floor":10,"turns":2},{"damage":4,"enemies":"Blue Slaver","floor":11,"turns":2},{"damage":16,"enemies":"Exordium Thugs","floor":13,"turns":3},{"damage":26,"enemies":"Lagavulin","floor":14,"turns":5},{"damage":30,"enemies":"Hexaghost","floor":16,"turns":6},{"damage":11,"enemies":"Chosen","floor":18,"turns":4},{"damage":33,"enemies":"2 Thieves","floor":21,"turns":4},{"damage":25,"enemies":"Snake Plant","floor":24,"turns":4},{"damage":17,"enemies":"Gremlin Leader","floor":25,"turns":4},{"damage":33,"enemies":"Collector","floor":33,"turns":5},{"damage":6,"enemies":"Orb Walker","floor":35,"turns":2},{"damage":7,"enemies":"Flame Bruiser 1 Orb","floor":36,"turns":4},{"damage":32,"floor":37,"turns":4},{"damage":52,"enemies":"2 Orb Walkers","floor":40,"turns":3}],"seed_played":"-1710810649298510607","potions_obtained":[{"floor":2,"key":"Dexterity Potion"},{"floor":5,"key":"Explosive Potion"},{"floor":10,"key":"LiquidBronze"},{"floor":13,"key":"LiquidBronze"}],"is_trial":false,"path_per_floor":["M","M","?","M","M","R","M","R","T","M","M","R","M","E","R","B",null,"M","?","$","M","$","R","M","E","T","R","T","?","R","?","R","B",null,"M","M","?","$","?"],"character_chosen":"DEFECT","items_purchased":["Matryoshka","Storm","Steam","Double Energy","Static Discharge","Leap","Hello World","Jack Of All Trades"],"campfire_rested":5,"item_purchase_floors":[20,20,20,22,22,38,38,38],"current_hp_per_floor":[73,68,73,73,60,60,55,55,55,55,51,75,59,40,64,41,80,76,76,76,50,50,74,49,32,32,56,56,56,80,80,80,54,80,74,74,48,48,48,0],"gold":33,"neow_bonus":"HUNDRED_GOLD","is_prod":false,"is_daily":false,"chose_seed":false,"campfire_upgraded":3,"win_rate":0,"timestamp":1534524098,"path_taken":["M","M","?","M","M","R","?","R","T","M","M","R","?","E","R","BOSS","M","?","?","M","$","R","?","E","T","R","?","?","R","?","R","BOSS","M","M","?","$","?","E"],"build_version":"2018-08-16","purchased_purges":0,"victory":false,"max_hp_per_floor":[75,75,80,80,80,80,80,80,80,80,80,80,80,80,80,80,80,80,80,80,80,80,80,80,80,80,80,80,80,80,80,80,80,80,80,80,80,80,80,80],"card_choices":[{"not_picked":["Hologram","Compile Driver"],"picked":"Gash","floor":1},{"not_picked":["Turbo","Rebound"],"picked":"Storm","floor":2},{"not_picked":["Glacier","Melter"],"picked":"Ball Lightning","floor":4},{"not_picked":["Compile Driver","Beam Cell"],"picked":"Rebound","floor":5},{"not_picked":["Steam Power","Leap"],"picked":"Defragment","floor":7},{"not_picked":["Doom and Gloom","Reprogram"],"picked":"Cold Snap","floor":10},{"not_picked":["Redo","Rebound"],"picked":"Creative AI","floor":11},{"not_picked":["Auto Shields","Go for the Eyes"],"picked":"Self Repair","floor":13},{"not_picked":["Meteor Strike","Scrape"],"picked":"Storm","floor":14},{"not_picked":["Meteor Strike","Multi-Cast"],"picked":"Echo Form","floor":16},{"not_picked":["Blizzard","Steam Power"],"picked":"Loop","floor":18},{"not_picked":["Recycle","Redo"],"picked":"Conserve Battery","floor":21},{"not_picked":["Redo+1","Go for the Eyes"],"picked":"Defragment+1","floor":24},{"not_picked":["Lockon+1","Core Surge"],"picked":"Conserve Battery","floor":25},{"not_picked":["Biased Cognition","Thunder Strike"],"picked":"Amplify","floor":33},{"not_picked":["Streamline+1","Stack+1"],"picked":"Conserve Battery+1","floor":35},{"not_picked":["Streamline+1","Steam Power+1"],"picked":"Barrage+1","floor":36},{"not_picked":["Hyperbeam","Darkness+1"],"picked":"Gash+1","floor":37}],"player_experience":391657,"relics_obtained":[{"floor":9,"key":"Orichalcum"},{"floor":14,"key":"Tiny Chest"},{"floor":25,"key":"Anchor"},{"floor":26,"key":"Bag of Marbles"},{"floor":26,"key":"Symbiotic Virus"},{"floor":28,"key":"Juzu Bracelet"},{"floor":28,"key":"Pantograph"},{"floor":37,"key":"Prayer Wheel"}],"event_choices":[{"event_name":"Big Fish","player_choice":"Donut","floor":3,"damage_taken":0},{"event_name":"Beggar","player_choice":"Ignored","floor":19,"damage_taken":0},{"event_name":"Ghosts","player_choice":"Ignored","floor":29,"damage_taken":0},{"event_name":"FaceTrader","player_choice":"Trade","floor":31,"damage_taken":0},{"event_name":"MindBloom","player_choice":"Fight","floor":37,"damage_taken":0},{"event_name":"Falling","player_choice":"Removed Skill","floor":39,"damage_taken":0}],"is_beta":false,"boss_relics":[{"not_picked":["Pandora\u0027s Box","Velvet Choker"],"picked":"Sozu"},{"not_picked":["Nuclear Battery","Cursed Key"],"picked":"Eternal Feather"}],"items_purged_floors":[],"is_endless":false,"potions_floor_spawned":[2,5,10,13,21,33,35,37],"killed_by":"2 Orb Walkers","ascension_level":3}