{"gold_per_floor":[114,114,186,186,200,200,215,215,261,71,71,86,86,99,99,196,196,207,207,122,135,152,152,152,163,245,245,245,270,270,290,290,391,391,404,450,450,462,479,479,439,439,462,488,488,7,7,7,7,7],"floor_reached":51,"playtime":2664,"items_purged":[],"score":862,"play_id":"f196d674-a1e4-4602-aeb5-faf92630ebdb","local_time":"20180831175827","is_ascension_mode":true,"campfire_choices":[{"data":"Inflame","floor":6,"key":"SMITH"},{"data":"Spot Weakness","floor":11,"key":"SMITH"},{"data":"Spot Weakness","floor":13,"key":"SMITH"},{"data":"Ghostly Armor","floor":15,"key":"SMITH"},{"floor":23,"key":"REST"},{"data":"Limit Break","floor":30,"key":"SMITH"},{"floor":32,"key":"REST"},{"floor":40,"key":"REST"},{"floor":45,"key":"REST"},{"floor":47,"key":"DIG"},{"floor":49,"key":"REST"}],"neow_cost":"NONE","seed_source_timestamp":30436966839588,"circlet_count":0,"master_deck":["Strike_R","Strike_R","Defend_R","Defend_R","Defend_R","Defend_R","Bash","Seeing Red+1","Carnage+1","Blood for Blood+1","Inflame+1","Bash","Shrug It Off","Twin Strike","Spot Weakness+1","Spot Weakness+1","Ghostly Armor+1","Limit Break+1","Heavy Blade","Spot Weakness","Ghostly Armor","Limit Break","Heavy Blade","Limit Break","Burning Pact+1","Iron Wave+1","Fiend Fire","Pommel Strike+1","Chrysalis","Shockwave","Rage"],"relics":["Astrolabe","Dead Branch","Ancient Tea Set","Blood Vial","Runic Pyramid","Bag of Marbles","Bottled Tornado","Question Card","Juzu Bracelet","Fusion Hammer","Shovel","Bronze Scales","Boot","Anchor","Pen Nib"],"potions_floor_usage":[21,22,29,33,33,35,39,44,44,50,50],"damage_taken":[{"damage":7,"enemies":"Jaw Worm","floor":1,"turns":2},{"damage":0,"enemies":"2 Louse","floor":5,"turns":3},{"damage":0,"enemies":"Small Slimes","floor":7,"turns":1},{"damage":0,"enemies":"2 Fungi Beasts","floor":12,"turns":2},{"damage":0,"enemies":"Lots of Slimes","floor":14,"turns":3},{"damage":73,"enemies":"The Guardian","floor":16,"turns":11},{"damage":0,"enemies":"Chosen","floor":18,"turns":4},{"damage":21,"enemies":"3 Byrds","floor":21,"turns":5},{"damage":27,"enemies":"Cultist and Chosen","floor":22,"turns":5},{"damage":0,"enemies":"Snake Plant","floor":25,"turns":2},{"damage":13,"enemies":"Book of Stabbing","floor":29,"turns":5},{"damage":31,"enemies":"Shelled Parasite and Fungi","floor":31,"turns":3},{"damage":65,"enemies":"Automaton","floor":33,"turns":7},{"damage":13,"enemies":"3 Shapes","floor":35,"turns":2},{"damage":28,"enemies":"Mysterious Sphere","floor":36,"turns":4},{"damage":16,"enemies":"Orb Walker","floor":38,"turns":2},{"damage":8,"enemies":"Spire Growth","floor":39,"turns":4},{"damage":15,"enemies":"2 Orb Walkers","floor":44,"turns":3},{"damage":71,"enemies":"Awakened One","floor":50,"turns":6}],"seed_played":"-2177190456435826449","potions_obtained":[{"floor":1,"key":"Energy Potion"},{"floor":7,"key":"BloodPotion"},{"floor":16,"key":"Poison Potion"},{"floor":18,"key":"Regen Potion"},{"floor":21,"key":"Weak Potion"},{"floor":31,"key":"FearPotion"},{"floor":33,"key":"EssenceOfSteel"},{"floor":36,"key":"PowerPotion"},{"floor":41,"key":"FearPotion"},{"floor":41,"key":"Ancient Potion"},{"floor":41,"key":"GamblersBrew"},{"floor":44,"key":"FearPotion"}],"is_trial":false,"path_per_floor":["M","?","?","?","M","R","M","?","T","$","R","M","R","M","R","B",null,"M","?","?","M","M","R","?","M","T","?","T","E","R","M","R","B",null,"M","?","?","M","M","R","?","?","T","E","R","$","R","?","R","B"],"character_chosen":"IRONCLAD","items_purchased":["Blood Vial","Spot Weakness","Anchor","Chrysalis","Shockwave","SteroidPotion"],"campfire_rested":5,"item_purchase_floors":[10,10,46,46,46,46],"current_hp_per_floor":[73,70,70,70,70,70,70,70,70,70,70,72,72,74,74,22,80,80,80,80,59,42,66,51,53,53,81,81,70,70,41,66,21,88,75,52,52,38,32,59,59,59,59,46,73,73,73,73,91,20],"gold":7,"neow_bonus":"BOSS_RELIC","is_prod":false,"is_daily":false,"chose_seed":false,"campfire_upgraded":5,"win_rate":0,"timestamp":1535734707,"path_taken":["M","?","?","?","M","R","M","?","T","$","R","M","R","?","R","BOSS","M","?","?","?","M","R","?","?","T","?","?","E","R","M","R","BOSS","M","?","?","M","M","R","?","?","T","E","R","$","R","?","R","BOSS"],"build_version":"2018-08-30","purchased_purges":0,"victory":true,"max_hp_per_floor":[80,80,80,80,80,80,80,80,80,80,80,80,80,80,80,80,80,80,80,80,80,80,80,85,85,85,85,85,85,85,85,85,88,88,88,91,91,91,91,91,91,91,91,91,91,91,91,91,91,91],"card_choices":[{"not_picked":["Twin Strike","Second Wind"],"picked":"Inflame","floor":1},{"not_picked":["Warcry","Wild Strike"],"picked":"Rupture","floor":5},{"not_picked":["Dropkick","Iron Wave"],"picked":"Twin Strike","floor":7},{"not_picked":["Intimidate","Infernal Blade"],"picked":"Spot Weakness","floor":12},{"not_picked":["Flex","Armaments"],"picked":"Ghostly Armor","floor":14},{"not_picked":["Exhume","Barricade"],"picked":"Limit Break","floor":16},{"not_picked":["Ghostly Armor","Infernal Blade"],"picked":"Heavy Blade","floor":18},{"not_picked":["Rampage","Battle Trance","Warcry"],"picked":"SKIP","floor":21},{"not_picked":["Bloodletting+1","Intimidate"],"picked":"Spot Weakness","floor":22},{"not_picked":["Dropkick","Combust"],"picked":"Ghostly Armor","floor":25},{"not_picked":["Clash","True Grit","Carnage"],"picked":"Limit Break","floor":29},{"not_picked":["Pommel Strike","Carnage","Sever Soul+1"],"picked":"Heavy Blade","floor":31},{"not_picked":["Feed","Double Tap","Bludgeon"],"picked":"Limit Break","floor":33},{"not_picked":["Sword Boomerang","Whirlwind+1","Metallicize"],"picked":"Burning Pact+1","floor":35},{"not_picked":["Evolve+1","Wild Strike+1","Havoc"],"picked":"Iron Wave+1","floor":36},{"not_picked":["Ghostly Armor","True Grit","Flex"],"picked":"Fiend Fire","floor":38},{"not_picked":["Sword Boomerang+1","Warcry+1","Shrug It Off+1"],"picked":"Pommel Strike+1","floor":39},{"not_picked":["Hemokinesis+1","Thunderclap+1","Rampage","Burning Pact"],"picked":"SKIP","floor":44}],"player_experience":476231,"relics_obtained":[{"floor":9,"key":"Ancient Tea Set"},{"floor":26,"key":"Bottled Tornado"},{"floor":28,"key":"Question Card"},{"floor":29,"key":"Juzu Bracelet"},{"floor":36,"key":"Shovel"},{"floor":43,"key":"Bronze Scales"},{"floor":44,"key":"Boot"},{"floor":47,"key":"Pen Nib"}],"event_choices":[{"event_name":"Scrap Ooze","player_choice":"success","floor":2,"damage_taken":3},{"event_name":"Golden Wing","player_choice":"Gained Gold","floor":3,"damage_taken":0},{"event_name":"Match and Keep!","player_choice":"2 cards matched","floor":4,"damage_taken":0},{"event_name":"Living Wall","player_choice":"Grow","floor":8,"damage_taken":0},{"event_name":"Ghosts","player_choice":"Ignored","floor":19,"damage_taken":0},{"event_name":"Addict","player_choice":"Obtained Relic","floor":20,"damage_taken":0},{"event_name":"Forgotten Altar","player_choice":"Shed Blood","floor":24,"damage_taken":0},{"event_name":"The Library","player_choice":"Heal","floor":27,"damage_taken":0},{"event_name":"Mysterious Sphere","player_choice":"Fight","floor":36,"damage_taken":0},{"event_name":"Tomb of Lord Red Mask","player_choice":"Ignored","floor":37,"damage_taken":0},{"event_name":"The Woman in Blue","player_choice":"Bought 3 Potions","floor":41,"damage_taken":0},{"event_name":"Falling","player_choice":"Removed Power","floor":42,"damage_taken":0},{"event_name":"Match and Keep!","player_choice":"1 cards matched","floor":48,"damage_taken":0}],"is_beta":false,"boss_relics":[{"not_picked":["Empty Cage","Pandora\u0027s Box"],"picked":"Runic Pyramid"},{"not_picked":["Philosopher\u0027s Stone","Orrery"],"picked":"Fusion Hammer"}],"items_purged_floors":[],"is_endless":false,"potions_floor_spawned":[1,7,16,18,21,31,33,36,44],"ascension_level":4}