{"gold_per_floor":[114,129,129,129,154,154,169,169,244,259,259,259,165,180,180,280,280,295,295,310,310,325,355,126,126,176,176,176,146,161,191,191,191],"floor_reached":33,"playtime":1656,"items_purged":[],"score":348,"play_id":"f365b3b4-3907-4c5f-9c33-92a528957fa9","local_time":"20181002003700","daily_mods":["Insanity","Time Dilation","Night Terrors"],"is_ascension_mode":false,"campfire_choices":[{"data":"Demon Form","floor":6,"key":"SMITH"},{"data":"Seeing Red","floor":8,"key":"SMITH"},{"data":"Heavy Blade","floor":11,"key":"SMITH"},{"data":"Pummel","floor":15,"key":"SMITH"},{"floor":25,"key":"REST"},{"data":"Heavy Blade","floor":27,"key":"SMITH"},{"floor":32,"key":"REST"}],"neow_cost":"","seed_source_timestamp":0,"circlet_count":0,"master_deck":["Rupture","Second Wind","True Grit","Cleave","Demon Form+1","Fiend Fire","Barricade+1","Whirlwind","Bludgeon","Corruption","Entrench","Wild Strike","Juggernaut","Heavy Blade+1","Rampage","Clothesline","Sword Boomerang","Twin Strike","Immolate","Infernal Blade","Entrench","Pummel+1","Juggernaut","Reckless Charge","Heavy Blade+1","Anger","Wild Strike","Wild Strike","Infernal Blade","Havoc","Burning Pact","Dual Wield","Clash","Flame Barrier","Heavy Blade","Blood for Blood","Blood for Blood+1","Havoc","Flex","Burning Pact","Power Through","Double Tap","Cleave","Juggernaut","Perfected Strike","Clothesline","Bloodletting+1","Flex","Intimidate","Thunderclap","Heavy Blade","Seeing Red+1","Cleave","Armaments","Disarm","Entrench","Berserk","Heavy Blade+1","Spot Weakness","Heavy Blade","Body Slam+1","Metallicize","Intimidate","Clash+1","Bludgeon","Disarm"],"special_seed":17805,"relics":["Black Blood","Ancient Tea Set","Mummified Hand","Strawberry","PreservedInsect","Dream Catcher","Smiling Mask","Vajra"],"potions_floor_usage":[10,16,18,22,30,31,31],"damage_taken":[{"damage":0,"enemies":"2 Louse","floor":1,"turns":2},{"damage":0,"enemies":"Cultist","floor":2,"turns":4},{"damage":2,"enemies":"Small Slimes","floor":7,"turns":3},{"damage":0,"enemies":"Looter","floor":10,"turns":2},{"damage":0,"enemies":"Blue Slaver","floor":14,"turns":1},{"damage":46,"enemies":"Hexaghost","floor":16,"turns":6},{"damage":10,"enemies":"3 Byrds","floor":18,"turns":3},{"damage":10,"enemies":"Chosen","floor":20,"turns":3},{"damage":31,"enemies":"Centurion and Healer","floor":22,"turns":6},{"damage":43,"enemies":"Slavers","floor":23,"turns":5},{"damage":24,"enemies":"Shelled Parasite and Fungi","floor":30,"turns":6},{"damage":58,"enemies":"Gremlin Leader","floor":31,"turns":7},{"damage":102,"enemies":"Champ","floor":33,"turns":8}],"seed_played":"-408315225933563274","potions_obtained":[{"floor":1,"key":"Fire Potion"},{"floor":2,"key":"AttackPotion"},{"floor":10,"key":"Weak Potion"},{"floor":16,"key":"Ancient Potion"},{"floor":20,"key":"Regen Potion"},{"floor":23,"key":"Block Potion"},{"floor":29,"key":"Energy Potion"},{"floor":29,"key":"Strength Potion"}],"is_trial":false,"path_per_floor":["M","M","?","?","T","R","M","R","T","M","R","?","$","M","R","B",null,"M","?","M","?","M","E","$","R","T","R","?","?","M","E","R"],"character_chosen":"IRONCLAD","items_purchased":["Armaments","Disarm","Metallicize","Dream Catcher"],"campfire_rested":2,"item_purchase_floors":[13,13,24,24],"current_hp_per_floor":[80,80,64,64,64,64,68,68,68,74,74,79,79,85,85,45,85,85,92,92,92,85,52,52,87,87,87,87,87,73,25,82,0],"gold":191,"neow_bonus":"","is_prod":false,"is_daily":true,"chose_seed":false,"campfire_upgraded":5,"win_rate":0,"timestamp":1538437020,"path_taken":["M","M","?","?","?","R","M","R","T","?","R","?","$","?","R","BOSS","M","?","?","?","M","E","$","R","T","R","?","?","M","E","R","BOSS"],"build_version":"2018-09-27","purchased_purges":0,"victory":false,"max_hp_per_floor":[80,80,80,80,80,80,80,80,80,80,80,85,85,85,85,85,85,85,92,92,92,92,92,92,87,87,87,87,87,87,87,82,82],"card_choices":[{"not_picked":["Clash","Perfected Strike"],"picked":"Thunderclap","floor":1},{"not_picked":["Disarm","Blood for Blood"],"picked":"Heavy Blade","floor":2},{"not_picked":["Flex","Inflame"],"picked":"Seeing Red","floor":7},{"not_picked":["Second Wind","True Grit"],"picked":"Cleave","floor":10},{"not_picked":["Headbutt","Wild Strike"],"picked":"Entrench","floor":14},{"not_picked":["Double Tap","Exhume"],"picked":"Berserk","floor":16},{"not_picked":["Shockwave","Wild Strike"],"picked":"Heavy Blade+1","floor":18},{"not_picked":["Armaments","Clash"],"picked":"Spot Weakness","floor":20},{"not_picked":["Twin Strike+1","Perfected Strike"],"picked":"Heavy Blade","floor":22},{"not_picked":["Whirlwind+1","Wild Strike"],"picked":"Body Slam+1","floor":23},{"not_picked":["Pommel Strike","Clothesline"],"picked":"Intimidate","floor":25},{"not_picked":["Battle Trance","Wild Strike"],"picked":"Clash+1","floor":30},{"not_picked":["Infernal Blade","Rupture"],"picked":"Bludgeon","floor":31},{"not_picked":["Body Slam","Thunderclap"],"picked":"Disarm","floor":32}],"player_experience":549283,"relics_obtained":[{"floor":5,"key":"Ancient Tea Set"},{"floor":9,"key":"Mummified Hand"},{"floor":23,"key":"PreservedInsect"},{"floor":26,"key":"Smiling Mask"},{"floor":31,"key":"Vajra"}],"event_choices":[{"event_name":"Shining Light","player_choice":"Entered Light","floor":3,"damage_taken":0},{"event_name":"Living Wall","player_choice":"Grow","floor":4,"damage_taken":0},{"event_name":"Big Fish","player_choice":"Donut","floor":12,"damage_taken":0},{"event_name":"WeMeetAgain","player_choice":"Potion","floor":19,"damage_taken":0},{"event_name":"Vampires","player_choice":"Ignored","floor":21,"damage_taken":0},{"event_name":"Back to Basics","player_choice":"Elegance","floor":28,"damage_taken":0},{"event_name":"The Woman in Blue","player_choice":"Bought 2 Potions","floor":29,"damage_taken":0}],"is_beta":false,"boss_relics":[{"not_picked":["Runic Pyramid","Ectoplasm"],"picked":"Black Blood"}],"items_purged_floors":[],"is_endless":false,"potions_floor_spawned":[1,2,10,16,20,23],"killed_by":"Champ","ascension_level":0}