{"gold_per_floor":[114,44,44,54,70,70,105,116,116,116,116,143,64,64,64,64],"floor_reached":16,"playtime":685,"items_purged":[],"score":108,"play_id":"9fa61857-93ef-402c-9bc0-f1f9a30fffcd","local_time":"20190228235834","is_ascension_mode":false,"campfire_choices":[{"data":"Calculated Gamble","floor":6,"key":"SMITH"},{"data":"Backflip","floor":10,"key":"SMITH"},{"floor":15,"key":"REST"}],"neow_cost":"NONE","seed_source_timestamp":1298827970489074,"circlet_count":0,"master_deck":["Defend_G","Defend_G","Defend_G","Defend_G","Defend_G","Strike_G","Strike_G","Strike_G","Strike_G","Strike_G","Survivor","Neutralize","Backflip+1","Calculated Gamble+1","Choke","Underhanded Strike","Expertise","Leg Sweep","Quick Slash"],"relics":["Busted Crown","Anchor","Oddly Smooth Stone","Frozen Egg 2"],"potions_floor_usage":[7,8],"damage_taken":[{"damage":0,"enemies":"Small Slimes","floor":1,"turns":4},{"damage":0,"enemies":"Cultist","floor":4,"turns":4},{"damage":2,"enemies":"Jaw Worm","floor":5,"turns":4},{"damage":8,"enemies":"Lagavulin","floor":7,"turns":8},{"damage":0,"enemies":"Blue Slaver","floor":8,"turns":3},{"damage":21,"enemies":"3 Sentries","floor":12,"turns":7},{"damage":63,"enemies":"Hexaghost","floor":16,"turns":14}],"seed_played":"-4745870375440743216","potions_obtained":[{"floor":5,"key":"PowerPotion"},{"floor":7,"key":"Regen Potion"},{"floor":8,"key":"GhostInAJar"}],"is_trial":false,"path_per_floor":["M","$","?","M","M","R","E","M","T","R","T","E","$","?","R","B"],"character_chosen":"THE_SILENT","items_purchased":["Calculated Gamble","Leg Sweep"],"campfire_rested":1,"item_purchase_floors":[2,13],"current_hp_per_floor":[70,70,63,63,61,61,53,62,62,62,62,41,41,41,62,0],"gold":64,"neow_bonus":"BOSS_RELIC","is_prod":false,"is_daily":false,"chose_seed":false,"campfire_upgraded":2,"win_rate":0,"timestamp":1551410914,"path_taken":["M","$","?","M","M","R","E","?","T","R","?","E","$","?","R","BOSS"],"build_version":"2019-02-06","purchased_purges":0,"victory":false,"max_hp_per_floor":[70,70,70,70,70,70,70,70,70,70,70,70,70,70,70,70],"card_choices":[{"not_picked":[],"picked":"Backflip","floor":1},{"not_picked":[],"picked":"Choke","floor":4},{"not_picked":[],"picked":"Underhanded Strike","floor":5},{"not_picked":[],"picked":"All Out Attack","floor":7},{"not_picked":[],"picked":"Expertise","floor":8},{"not_picked":["Bane"],"picked":"SKIP","floor":12}],"player_experience":671243,"relics_obtained":[{"floor":7,"key":"Anchor"},{"floor":9,"key":"Oddly Smooth Stone"},{"floor":12,"key":"Frozen Egg 2"}],"event_choices":[{"damage_healed":0,"gold_gain":0,"player_choice":"Damaged","damage_taken":7,"max_hp_gain":0,"max_hp_loss":0,"event_name":"Wheel of Change","floor":3,"gold_loss":0},{"damage_healed":0,"gold_gain":0,"cards_transformed":["All Out Attack"],"player_choice":"Change","damage_taken":0,"max_hp_gain":0,"max_hp_loss":0,"event_name":"Living Wall","floor":14,"gold_loss":0,"cards_obtained":["Quick Slash"]}],"is_beta":true,"boss_relics":[],"items_purged_floors":[],"is_endless":false,"potions_floor_spawned":[5,7,8],"killed_by":"Hexaghost","ascension_level":0}