{"gold_per_floor":[115,115,22,40,56,56,231,260,260,270,24,24,36,70,70,171,171,185,11,11,31,41,41,57,75,75,75],"floor_reached":27,"playtime":1207,"items_purged":[],"score":225,"play_id":"9aca9f37-7d68-4bed-8cbd-839b58bc7a9e","local_time":"20190301001856","is_ascension_mode":false,"campfire_choices":[{"floor":15,"key":"REST"},{"floor":23,"key":"RECALL"}],"neow_cost":"NONE","seed_source_timestamp":1299528013528239,"circlet_count":0,"master_deck":["Defend_G","Defend_G+1","Defend_G","Defend_G","Defend_G","Strike_G","Strike_G","Strike_G","Strike_G","Strike_G","Survivor","Neutralize+1","Choke","Dagger Spray","Dash","Noxious Fumes","Doubt","Backflip","Envenom","Distraction","Noxious Fumes","After Image","Underhanded Strike+1","Apotheosis+1","Catalyst","Storm of Steel","Cloak And Dagger+1","Decay"],"relics":["Velvet Choker","Blue Candle","Kunai","Letter Opener","Dodecahedron","Cursed Key","Darkstone Periapt"],"potions_floor_usage":[8,8,13,22,25],"damage_taken":[{"damage":0,"enemies":"2 Louse","floor":1,"turns":3},{"damage":0,"enemies":"Cultist","floor":4,"turns":2},{"damage":2,"enemies":"Small Slimes","floor":5,"turns":3},{"damage":4,"enemies":"3 Sentries","floor":8,"turns":5},{"damage":0,"enemies":"Red Slaver","floor":10,"turns":3},{"damage":2,"enemies":"Gremlin Gang","floor":13,"turns":4},{"damage":21,"enemies":"Gremlin Nob","floor":14,"turns":5},{"damage":26,"enemies":"Slime Boss","floor":16,"turns":10},{"damage":1,"enemies":"Chosen","floor":18,"turns":5},{"damage":3,"enemies":"Spheric Guardian","floor":21,"turns":5},{"damage":11,"enemies":"Chosen and Byrds","floor":22,"turns":6},{"damage":22,"enemies":"Cultist and Chosen","floor":24,"turns":6},{"damage":4,"enemies":"Snake Plant","floor":25,"turns":5},{"damage":34,"enemies":"Shelled Parasite and Fungi","floor":27,"turns":4}],"seed_played":"-6039746016608291155","potions_obtained":[{"floor":4,"key":"Explosive Potion"},{"floor":5,"key":"Regen Potion"},{"floor":8,"key":"Swift Potion"},{"floor":16,"key":"Poison Potion"},{"floor":24,"key":"Swift Potion"}],"is_trial":false,"path_per_floor":["M","?","$","M","M","?","?","E","T","M","$","?","M","E","R","B",null,"M","$","?","M","M","R","M","M","T","M"],"character_chosen":"THE_SILENT","items_purchased":["Choke","Dagger Spray","Letter Opener","Apotheosis"],"campfire_rested":1,"item_purchase_floors":[3,3,11,19],"current_hp_per_floor":[70,70,70,70,68,54,54,64,64,64,64,70,68,47,68,42,70,69,69,69,66,55,55,33,29,29,0],"gold":75,"neow_bonus":"BOSS_RELIC","is_prod":false,"is_daily":false,"chose_seed":false,"campfire_upgraded":0,"win_rate":0,"timestamp":1551412136,"path_taken":["M","?","$","M","?","?","?","E","T","M","$","?","M","E","R","BOSS","M","$","?","?","M","R","M","M","T","M"],"build_version":"2019-02-06","purchased_purges":0,"victory":false,"max_hp_per_floor":[70,70,70,70,70,70,70,70,70,70,70,70,70,70,70,70,70,70,70,70,70,70,70,70,70,70,70],"card_choices":[{"not_picked":["Deflect","Flechettes"],"picked":"Bane","floor":1},{"not_picked":["PiercingWail","Acrobatics"],"picked":"Dash","floor":4},{"not_picked":["Cloak And Dagger","Deflect"],"picked":"Noxious Fumes","floor":5},{"not_picked":["Outmaneuver","Slice"],"picked":"Backflip","floor":8},{"not_picked":["Choke","Bane"],"picked":"Envenom","floor":10},{"not_picked":["Cloak And Dagger","Finisher"],"picked":"Distraction","floor":13},{"not_picked":["Eviscerate","Bullet Time"],"picked":"Noxious Fumes","floor":14},{"not_picked":["Bullet Time","Venomology"],"picked":"After Image","floor":16},{"not_picked":["Sucker Punch","Backflip+1"],"picked":"Underhanded Strike+1","floor":18},{"not_picked":["Dagger Spray","Poisoned Stab+1"],"picked":"Catalyst","floor":21},{"not_picked":["Backflip","All Out Attack","Prepared+1"],"picked":"SKIP","floor":22},{"not_picked":["Heel Hook","Deflect"],"picked":"Storm of Steel","floor":24},{"not_picked":["Sucker Punch","Poisoned Stab+1"],"picked":"Cloak And Dagger+1","floor":25}],"player_experience":671928,"relics_obtained":[{"floor":8,"key":"Blue Candle"},{"floor":9,"key":"Kunai"},{"floor":14,"key":"Dodecahedron"},{"floor":26,"key":"Darkstone Periapt"}],"event_choices":[{"damage_healed":0,"gold_gain":0,"cards_transformed":["Bane"],"player_choice":"Transformed","damage_taken":0,"max_hp_gain":0,"max_hp_loss":0,"event_name":"Transmorgrifier","floor":2,"gold_loss":0,"cards_obtained":["Caltrops"]},{"damage_healed":0,"gold_gain":0,"player_choice":"Entered Light","damage_taken":14,"max_hp_gain":0,"max_hp_loss":0,"event_name":"Shining Light","floor":6,"gold_loss":0,"cards_upgraded":["Defend_G","Neutralize"]},{"damage_healed":0,"gold_gain":175,"player_choice":"AGREE","damage_taken":0,"max_hp_gain":0,"max_hp_loss":0,"event_name":"Liars Game","floor":7,"gold_loss":0,"cards_obtained":["Doubt"]},{"cards_removed":["Caltrops"],"damage_healed":6,"gold_gain":0,"player_choice":"Offered Uncommon","damage_taken":0,"max_hp_gain":0,"max_hp_loss":0,"event_name":"Bonfire Elementals","floor":12,"gold_loss":0},{"damage_healed":0,"gold_gain":0,"player_choice":"Upgraded","damage_taken":0,"max_hp_gain":0,"max_hp_loss":0,"event_name":"Upgrade Shrine","floor":20,"gold_loss":0,"cards_upgraded":["Apotheosis"]}],"is_beta":true,"boss_relics":[{"not_picked":["Coffee Dripper","WristBlade"],"picked":"Cursed Key"}],"items_purged_floors":[],"is_endless":false,"potions_floor_spawned":[4,5,8,16,24],"killed_by":"Shelled Parasite and Fungi","ascension_level":0}