{"gold_per_floor":[113,127,146,159,175,175,208,208,208,236,236,264,276,64,64,141,141,160,173,186,202,127,154,154,154,154,180,180,206,206,240,240,314,314,325,57,157,157,32,66,66,98,98,129,129,129,129,159,159,159,159,159,159,106,141,141],"floor_reached":57,"playtime":6156,"items_purged":["Strike_R","Strike_R","Sword Boomerang"],"score":3174,"play_id":"e6c792a4-9883-4298-af96-1d08b03f035c","local_time":"20190221102856","is_ascension_mode":true,"campfire_choices":[{"data":"Bash","floor":6.0,"key":"SMITH"},{"data":"Entrench","floor":8.0,"key":"SMITH"},{"data":"Body Slam","floor":11.0,"key":"SMITH"},{"data":"Intimidate","floor":15.0,"key":"SMITH"},{"floor":24.0,"key":"REST"},{"floor":30.0,"key":"REST"},{"data":"Apotheosis","floor":32.0,"key":"SMITH"},{"floor":41.0,"key":"REST"},{"floor":45.0,"key":"REST"},{"floor":47.0,"key":"REST"},{"floor":49.0,"key":"RECALL"},{"data":"Brutality","floor":53.0,"key":"SMITH"}],"neow_cost":"NONE","seed_source_timestamp":0,"circlet_count":0,"master_deck":["AscendersBane","Defend_R","Defend_R","Defend_R+1","Defend_R","Bash+1","Intimidate+1","Thunderclap","Hemokinesis","Body Slam+1","Entrench+1","Iron Wave","Metallicize","Entrench","Apotheosis+1","Juggernaut","Body Slam","Metallicize","Shrug It Off","Power Through+1","Brutality+1","Second Wind","Seeing Red+1","True Grit+1"],"special_seed":0,"relics":["Burning Blood","Incense Burner","Paper Frog","StoneCalendar","Bottled Lightning","Velvet Choker","Calipers","Self Forming Clay","Strawberry","Matryoshka","Empty Cage","Bag of Preparation","WingedGreaves","Pantograph","Dead Branch","War Paint","Thread and Needle","Omamori","Anchor","Bottled Tornado"],"potions_floor_usage":[56],"damage_taken":[{"damage":1.0,"enemies":"Cultist","floor":1.0,"turns":3.0},{"damage":7.0,"enemies":"Jaw Worm","floor":2.0,"turns":3.0},{"damage":8.0,"enemies":"2 Louse","floor":3.0,"turns":3.0},{"damage":10.0,"enemies":"Looter","floor":4.0,"turns":3.0},{"damage":13.0,"enemies":"Exordium Wildlife","floor":5.0,"turns":4.0},{"damage":14.0,"enemies":"Gremlin Nob","floor":7.0,"turns":3.0},{"damage":17.0,"enemies":"3 Sentries","floor":10.0,"turns":7.0},{"damage":12.0,"enemies":"Lagavulin","floor":12.0,"turns":7.0},{"damage":3.0,"enemies":"2 Fungi Beasts","floor":13.0,"turns":4.0},{"damage":9.0,"enemies":"Slime Boss","floor":16.0,"turns":4.0},{"damage":2.0,"enemies":"Chosen","floor":18.0,"turns":4.0},{"damage":16.0,"enemies":"Spheric Guardian","floor":19.0,"turns":5.0},{"damage":14.0,"enemies":"Centurion and Healer","floor":20.0,"turns":7.0},{"damage":19.0,"enemies":"Snecko","floor":21.0,"turns":6.0},{"damage":25.0,"enemies":"Slavers","floor":23.0,"turns":7.0},{"damage":21.0,"enemies":"Book of Stabbing","floor":27.0,"turns":6.0},{"damage":19.0,"enemies":"Slavers","floor":29.0,"turns":7.0},{"damage":26.0,"enemies":"Gremlin Leader","floor":31.0,"turns":5.0},{"damage":0.0,"enemies":"Automaton","floor":33.0,"turns":7.0},{"damage":15.0,"enemies":"3 Shapes","floor":35.0,"turns":6.0},{"damage":0.0,"enemies":"Mind Bloom Boss Battle","floor":37.0,"turns":7.0},{"damage":27.0,"enemies":"Reptomancer","floor":40.0,"turns":6.0},{"damage":18.0,"enemies":"Nemesis","floor":42.0,"turns":9.0},{"damage":44.0,"enemies":"Reptomancer","floor":44.0,"turns":6.0},{"damage":3.0,"enemies":"Giant Head","floor":48.0,"turns":5.0},{"damage":11.0,"enemies":"Time Eater","floor":50.0,"turns":10.0},{"damage":11.0,"enemies":"Awakened One","floor":51.0,"turns":11.0},{"damage":9.0,"enemies":"Shield and Spear","floor":55.0,"turns":7.0},{"damage":43,"enemies":"The Heart","floor":56,"turns":9}],"seed_played":"-2822624148795567351","potions_obtained":[{"floor":2.0,"key":"SkillPotion"},{"floor":7.0,"key":"EssenceOfSteel"},{"floor":10.0,"key":"BloodPotion"},{"floor":13.0,"key":"PowerPotion"},{"floor":16.0,"key":"Fire Potion"},{"floor":18.0,"key":"Energy Potion"},{"floor":23.0,"key":"Swift Potion"},{"floor":29.0,"key":"Block Potion"},{"floor":33.0,"key":"Energy Potion"},{"floor":35.0,"key":"Fire Potion"},{"floor":40.0,"key":"FearPotion"},{"floor":44.0,"key":"PowerPotion"},{"floor":55.0,"key":"Weak Potion"}],"is_trial":false,"path_per_floor":["M","M","M","M","M","R","E","R","T","E","R","E","M","$","R","B",null,"M","M","M","M","$","E","R","?","T","E","?","E","R","E","R","B",null,"M","$","?","?","$","E","R","E","T","E","R","?","R","E","R","B","B",null,"R","$","E","B",null],"character_chosen":"IRONCLAD","items_purchased":["Apotheosis","Bag of Preparation","Dexterity Potion"],"campfire_rested":5,"item_purchase_floors":[14,36,54],"current_hp_per_floor":[73,72,70,66,59,59,51,51,51,40,40,34,37,37,37,34,65,69,59,51,38,38,19,41,41,41,26,26,20,44,24,24,30,69,60,60,66,66,66,45,69,57,57,19,43,43,67,70,70,77,77,81,81,81,78,45],"gold":141,"neow_bonus":"TRANSFORM_CARD","is_prod":false,"is_daily":false,"chose_seed":false,"campfire_upgraded":6,"win_rate":0,"timestamp":1550766536,"path_taken":["M","M","M","M","M","R","E","R","T","E","R","E","M","$","R","BOSS","M","M","M","?","$","E","R","?","T","E","?","E","R","E","R","BOSS","M","$","?","?","$","E","R","E","T","E","R","?","R","E","R","BOSS","BOSS","R","$","E","BOSS"],"build_version":"2019-01-23","purchased_purges":3,"victory":true,"max_hp_per_floor":[75,75,75,75,75,75,75,75,75,75,75,75,75,75,75,75,75,75,75,75,75,75,75,75,75,75,75,75,82,82,82,82,82,82,82,82,82,82,82,82,82,82,82,82,82,82,82,82,82,82,82,82,82,82,82,82],"card_choices":[{"not_picked":["Headbutt","Shrug It Off"],"picked":"Intimidate","floor":1.0},{"not_picked":["Clothesline","Heavy Blade"],"picked":"Thunderclap","floor":2.0},{"not_picked":["Thunderclap","Armaments"],"picked":"Hemokinesis","floor":3.0},{"not_picked":["Headbutt","Feel No Pain"],"picked":"Metallicize","floor":4.0},{"not_picked":["Fiend Fire","Thunderclap"],"picked":"Body Slam","floor":5.0},{"not_picked":["Rupture","Twin Strike"],"picked":"Entrench","floor":7.0},{"not_picked":["Pommel Strike","Dual Wield"],"picked":"Iron Wave","floor":10.0},{"not_picked":["Infernal Blade","Seeing Red"],"picked":"Metallicize","floor":12.0},{"not_picked":["Anger","Sever Soul"],"picked":"Entrench","floor":13.0},{"not_picked":["Demon Form","Dark Embrace"],"picked":"Juggernaut","floor":16.0},{"not_picked":["Clothesline","Heavy Blade","Flex"],"picked":"SKIP","floor":18.0},{"not_picked":["Carnage+1","Anger"],"picked":"Body Slam","floor":19.0},{"not_picked":["Clash","Sentinel","Flex"],"picked":"SKIP","floor":20.0},{"not_picked":["Carnage+1","Heavy Blade"],"picked":"Metallicize","floor":21.0},{"not_picked":["Rampage","Offering"],"picked":"Shrug It Off","floor":23.0},{"not_picked":["Second Wind","Iron Wave+1"],"picked":"Power Through","floor":27.0},{"not_picked":["Havoc","Burning Pact","Reaper"],"picked":"SKIP","floor":29.0},{"not_picked":["Uppercut","Reaper","Body Slam"],"picked":"SKIP","floor":31.0},{"not_picked":["Feed","Immolate"],"picked":"Brutality","floor":33.0},{"not_picked":["Armaments+1","Sword Boomerang","Cleave"],"picked":"SKIP","floor":35.0},{"not_picked":["Pummel","Flex","Warcry"],"picked":"SKIP","floor":40.0},{"not_picked":["Body Slam","Wild Strike+1"],"picked":"Second Wind","floor":42.0},{"not_picked":["Demon Form","Rupture"],"picked":"Seeing Red+1","floor":44.0},{"not_picked":["Dual Wield+1","Uppercut"],"picked":"True Grit+1","floor":48.0},{"not_picked":["Blood for Blood","Seeing Red","Perfected Strike"],"picked":"SKIP","floor":55.0}],"player_experience":626555,"relics_obtained":[{"floor":7.0,"key":"Incense Burner"},{"floor":9.0,"key":"Paper Frog"},{"floor":10.0,"key":"StoneCalendar"},{"floor":12.0,"key":"Bottled Lightning"},{"floor":23.0,"key":"Calipers"},{"floor":27.0,"key":"Self Forming Clay"},{"floor":29.0,"key":"Strawberry"},{"floor":31.0,"key":"Matryoshka"},{"floor":37.0,"key":"WingedGreaves"},{"floor":40.0,"key":"Pantograph"},{"floor":42.0,"key":"Dead Branch"},{"floor":43.0,"key":"War Paint"},{"floor":43.0,"key":"Thread and Needle"},{"floor":44.0,"key":"Omamori"},{"floor":48.0,"key":"Anchor"},{"floor":55.0,"key":"Bottled Tornado"}],"event_choices":[{"damage_healed":0.0,"max_hp_gain":0.0,"max_hp_loss":0.0,"gold_gain":0.0,"event_name":"The Mausoleum","player_choice":"Ignored","floor":25.0,"gold_loss":0.0,"damage_taken":0.0},{"damage_healed":0.0,"max_hp_gain":0.0,"max_hp_loss":0.0,"gold_gain":0.0,"event_name":"Vampires","player_choice":"Ignored","floor":28.0,"gold_loss":0.0,"damage_taken":0.0},{"damage_healed":0.0,"max_hp_gain":0.0,"max_hp_loss":0.0,"gold_gain":0.0,"event_name":"MindBloom","player_choice":"Fight","floor":37.0,"gold_loss":0.0,"damage_taken":0.0},{"damage_healed":0.0,"max_hp_gain":0.0,"max_hp_loss":0.0,"gold_gain":0.0,"event_name":"Tomb of Lord Red Mask","player_choice":"Ignored","floor":38.0,"gold_loss":0.0,"damage_taken":0.0},{"cards_removed":["Metallicize"],"damage_healed":0.0,"max_hp_gain":0.0,"max_hp_loss":0.0,"gold_gain":0.0,"event_name":"Falling","player_choice":"Removed Power","floor":46.0,"gold_loss":0.0,"damage_taken":0.0}],"is_beta":false,"boss_relics":[{"not_picked":["Coffee Dripper","White Beast Statue"],"picked":"Velvet Choker"},{"not_picked":["Lizard Tail","Runic Cube"],"picked":"Empty Cage"}],"items_purged_floors":[22,36,39],"is_endless":false,"potions_floor_spawned":[2,7,10,13,16,18,19,23,29,33,35,40,44,55],"ascension_level":20}