{"gold_per_floor":[19,19,36,211,222,278,278,310,310,310,17,33,43,43,43,142,142,161,86,86,86,1,1,17,32,58,89,89,123,133,143,143,245,245,255,255,266,141,151,151,151,151,151,180,193,208,208,227,227,227,227,227,23,48,48],"floor_reached":56,"playtime":4282,"items_purged":["Strike_R","Strike_R"],"score":1202,"play_id":"2308e91f-ecea-4ce2-adab-7f7ddc5b1216","local_time":"20190225001008","is_ascension_mode":false,"campfire_choices":[{"data":"Juggernaut","floor":7,"key":"SMITH"},{"floor":10,"key":"REST"},{"data":"Body Slam","floor":15,"key":"SMITH"},{"data":"Offering","floor":23,"key":"SMITH"},{"data":"Ghostly Armor","floor":28,"key":"SMITH"},{"floor":32,"key":"REST"},{"data":"Flame Barrier","floor":40,"key":"SMITH"},{"floor":42,"key":"RECALL"},{"floor":47,"key":"REST"},{"data":"Strike_R","floor":49,"key":"PURGE"},{"data":"Strike_R","floor":52,"key":"PURGE"}],"neow_cost":"NO_GOLD","seed_source_timestamp":36576582734146,"circlet_count":0,"master_deck":["Defend_R","Defend_R","Defend_R","Defend_R","Bash","Juggernaut+1","Pommel Strike","Ghostly Armor+1","Flame Barrier+1","Body Slam+1","Offering+1","Shrug It Off+1","Metallicize+1","Headbutt+1","Iron Wave","Body Slam+1","Offering","Body Slam+1","Armaments+1","Barricade+1","Body Slam+1"],"relics":["Burning Blood","Tiny Chest","Paper Frog","Regal Pillow","Ice Cream","Sozu","Frozen Egg 2","The Courier","Du-Vu Doll","Runic Pyramid","Peace Pipe","Singing Bowl","Art of War","Gremlin Horn"],"potions_floor_usage":[8,13,30,33],"damage_taken":[{"damage":1,"enemies":"Cultist","floor":1,"turns":4},{"damage":5,"enemies":"2 Louse","floor":3,"turns":3},{"damage":13,"enemies":"Jaw Worm","floor":5,"turns":6},{"damage":31,"enemies":"Gremlin Nob","floor":6,"turns":5},{"damage":32,"enemies":"Lagavulin","floor":8,"turns":8},{"damage":7,"enemies":"Looter","floor":12,"turns":5},{"damage":13,"enemies":"Large Slime","floor":13,"turns":7},{"damage":32,"enemies":"The Guardian","floor":16,"turns":11},{"damage":5,"enemies":"3 Byrds","floor":18,"turns":3},{"damage":6,"enemies":"Chosen","floor":24,"turns":3},{"damage":6,"enemies":"Centurion and Healer","floor":25,"turns":6},{"damage":33,"enemies":"Slavers","floor":27,"turns":5},{"damage":8,"enemies":"Book of Stabbing","floor":29,"turns":5},{"damage":15,"enemies":"Chosen and Byrds","floor":30,"turns":4},{"damage":6,"enemies":"Snecko","floor":31,"turns":4},{"damage":73,"enemies":"Champ","floor":33,"turns":9},{"damage":26,"enemies":"3 Darklings","floor":35,"turns":5},{"damage":6,"enemies":"Orb Walker","floor":37,"turns":2},{"damage":12,"enemies":"Maw","floor":39,"turns":6},{"damage":30,"enemies":"Reptomancer","floor":44,"turns":4},{"damage":20,"enemies":"3 Darklings","floor":45,"turns":6},{"damage":13,"enemies":"Sphere and 2 Shapes","floor":46,"turns":5},{"damage":11,"enemies":"Writhing Mass","floor":48,"turns":5},{"damage":22,"enemies":"Time Eater","floor":50,"turns":5},{"damage":12,"enemies":"Shield and Spear","floor":54,"turns":6},{"damage":68,"enemies":"The Heart","floor":55,"turns":9}],"seed_played":"-5302330508113838018","potions_obtained":[{"floor":6,"key":"Ancient Potion"},{"floor":8,"key":"LiquidBronze"},{"floor":12,"key":"GamblersBrew"},{"floor":16,"key":"Swift Potion"}],"is_trial":false,"path_per_floor":["M","?","M","?","M","E","R","E","T","R","$","M","M","$","R","B",null,"M","?","?","$","?","R","M","M","T","E","R","E","M","M","R","B",null,"M","?","M","$","M","R","?","R","T","E","M","M","R","M","R","B",null,"R","$","E","B",null],"character_chosen":"IRONCLAD","items_purchased":["Ice Cream","Barricade+1","Art of War"],"campfire_rested":3,"item_purchase_floors":[11,38,53],"current_hp_per_floor":[80,73,74,74,67,42,42,16,16,55,55,54,47,47,47,21,80,80,80,80,80,80,80,80,80,80,53,53,51,42,42,80,13,80,60,60,60,60,54,54,54,54,54,32,20,13,53,50,50,34,86,86,86,82,20],"gold":48,"neow_bonus":"THREE_RARE_CARDS","is_prod":false,"is_daily":false,"chose_seed":false,"campfire_upgraded":5,"win_rate":0,"timestamp":1551049808,"path_taken":["M","?","M","?","M","E","R","E","T","R","$","M","M","?","R","BOSS","M","?","?","?","?","R","M","M","T","E","R","E","M","M","R","BOSS","M","?","M","$","M","R","?","R","T","E","M","?","R","M","R","BOSS","R","$","E","BOSS"],"build_version":"2019-01-23","purchased_purges":2,"victory":true,"max_hp_per_floor":[80,80,80,80,80,80,80,80,80,80,80,80,80,80,80,80,80,80,80,80,80,80,80,80,80,80,80,80,80,80,80,80,80,80,80,80,80,80,80,80,80,80,80,82,84,84,84,86,86,86,86,86,86,88,88],"card_choices":[{"not_picked":["Exhume","Impervious"],"picked":"Juggernaut","floor":0},{"not_picked":["Heavy Blade","Clash","Thunderclap"],"picked":"SKIP","floor":1},{"not_picked":["Flex","Bloodletting","Sword Boomerang"],"picked":"SKIP","floor":3},{"not_picked":["Hemokinesis","Flex"],"picked":"Pommel Strike","floor":5},{"not_picked":["Pummel","Spot Weakness","Inflame"],"picked":"SKIP","floor":6},{"not_picked":["Intimidate","Cleave"],"picked":"Ghostly Armor","floor":8},{"not_picked":["Sword Boomerang","True Grit"],"picked":"Flame Barrier","floor":12},{"not_picked":["Wild Strike","Hemokinesis"],"picked":"Body Slam","floor":13},{"not_picked":["Immolate","Barricade"],"picked":"Offering","floor":16},{"not_picked":["Headbutt","Wild Strike+1"],"picked":"Shrug It Off+1","floor":18},{"not_picked":["Cleave","Intimidate","Clothesline+1"],"picked":"SKIP","floor":24},{"not_picked":["Second Wind+1","Power Through"],"picked":"Headbutt+1","floor":25},{"not_picked":["Clothesline+1","Wild Strike","Anger"],"picked":"SKIP","floor":27},{"not_picked":["Thunderclap","Searing Blow"],"picked":"Iron Wave","floor":29},{"not_picked":["Cleave","Heavy Blade+1"],"picked":"Body Slam+1","floor":30},{"not_picked":["Body Slam+1","Warcry","Limit Break"],"picked":"SKIP","floor":31},{"not_picked":["Limit Break","Dark Embrace+1"],"picked":"Offering","floor":33},{"not_picked":["Evolve+1","Perfected Strike+1"],"picked":"Body Slam+1","floor":35},{"not_picked":["Uppercut+1","Pummel"],"picked":"Armaments+1","floor":37},{"not_picked":["Cleave+1","True Grit","Reckless Charge"],"picked":"SKIP","floor":39},{"not_picked":["Bloodletting","Intimidate","Infernal Blade"],"picked":"Singing Bowl","floor":44},{"not_picked":["Corruption+1","Dropkick+1","Pommel Strike"],"picked":"Singing Bowl","floor":45},{"not_picked":["Carnage+1","Clothesline+1"],"picked":"Body Slam+1","floor":46},{"not_picked":["Wild Strike","Combust+1","Barricade+1"],"picked":"Singing Bowl","floor":48},{"not_picked":["Anger","Cleave","Heavy Blade"],"picked":"Singing Bowl","floor":54}],"player_experience":675527,"relics_obtained":[{"floor":6,"key":"Tiny Chest"},{"floor":8,"key":"Paper Frog"},{"floor":9,"key":"Regal Pillow"},{"floor":27,"key":"The Courier"},{"floor":29,"key":"Du-Vu Doll"},{"floor":43,"key":"Peace Pipe"},{"floor":44,"key":"Singing Bowl"},{"floor":54,"key":"Gremlin Horn"}],"event_choices":[{"cards_removed":["Strike_R"],"damage_healed":0,"gold_gain":0,"player_choice":"Card Removal","damage_taken":7,"max_hp_gain":0,"max_hp_loss":0,"event_name":"Golden Wing","floor":2,"gold_loss":0},{"damage_healed":0,"gold_gain":175,"player_choice":"AGREE","damage_taken":0,"max_hp_gain":0,"max_hp_loss":0,"event_name":"Liars Game","floor":4,"gold_loss":0,"cards_obtained":["Doubt"]},{"cards_removed":["Doubt"],"damage_healed":0,"gold_gain":0,"player_choice":"Gave Gold","damage_taken":0,"max_hp_gain":0,"max_hp_loss":0,"event_name":"Beggar","floor":19,"gold_loss":75},{"damage_healed":0,"gold_gain":0,"player_choice":"Read","damage_taken":0,"max_hp_gain":0,"max_hp_loss":0,"event_name":"The Library","floor":20,"gold_loss":0,"cards_obtained":["Metallicize"]},{"damage_healed":0,"gold_gain":0,"player_choice":"Obtained Relic","damage_taken":0,"relics_obtained":["Frozen Egg 2"],"max_hp_gain":0,"max_hp_loss":0,"event_name":"Addict","floor":22,"gold_loss":85},{"damage_healed":0,"gold_gain":0,"player_choice":"Ignored","damage_taken":0,"max_hp_gain":0,"max_hp_loss":0,"event_name":"Tomb of Lord Red Mask","floor":36,"gold_loss":0},{"damage_healed":0,"gold_gain":0,"player_choice":"Forge","damage_taken":0,"max_hp_gain":0,"max_hp_loss":0,"event_name":"Accursed Blacksmith","floor":41,"gold_loss":0,"cards_upgraded":["Metallicize"]}],"is_beta":false,"boss_relics":[{"not_picked":["Cursed Key","Eternal Feather"],"picked":"Sozu"},{"not_picked":["White Beast Statue","Philosopher\u0027s Stone"],"picked":"Runic Pyramid"}],"items_purged_floors":[38,53],"is_endless":false,"potions_floor_spawned":[6,8,12,16,25,29,33,37,39,45,48],"ascension_level":0}