{"gold_per_floor":[114,114,114,62,72,98,114,114,141,171,186,186,196,214,214,292,292,212,137,137,3,3,3,3,3,3,3,3,3,3,3,3,3],"floor_reached":33,"playtime":2029,"items_purged":["Strike_G"],"score":522,"play_id":"f48c4637-04a9-4e59-ae64-2fcec15c4fad","local_time":"20190203101931","is_ascension_mode":true,"campfire_choices":[{"data":"Terror","floor":8,"key":"SMITH"},{"floor":12,"key":"REST"},{"data":"Poisoned Stab","floor":15,"key":"SMITH"},{"data":"Blade Dance","floor":23,"key":"SMITH"},{"floor":32,"key":"REST"}],"neow_cost":"NONE","seed_source_timestamp":1703134058207419,"circlet_count":0,"master_deck":["AscendersBane","Defend_G","Defend_G","Defend_G","Defend_G","Defend_G","Strike_G","Survivor","Neutralize","Setup+1","Dagger Spray+1","Cloak And Dagger","Terror+1","Adrenaline","Dash","Poisoned Stab+1","Backflip","After Image","After Image","Blade Dance+1","Blade Dance","Noxious Fumes"],"relics":["Ring of the Snake","PreservedInsect","Snake Skull","Orichalcum","Ectoplasm","Art of War"],"potions_floor_usage":[6,28,31,31],"damage_taken":[{"damage":2,"enemies":"2 Louse","floor":1,"turns":3},{"damage":0,"enemies":"Cultist","floor":5,"turns":5},{"damage":29,"enemies":"Gremlin Nob","floor":6,"turns":4},{"damage":1,"enemies":"Small Slimes","floor":7,"turns":3},{"damage":7,"enemies":"3 Sentries","floor":10,"turns":7},{"damage":4,"enemies":"Exordium Thugs","floor":11,"turns":4},{"damage":0,"enemies":"2 Fungi Beasts","floor":13,"turns":3},{"damage":0,"enemies":"3 Louse","floor":14,"turns":2},{"damage":20,"enemies":"The Guardian","floor":16,"turns":11},{"damage":0,"enemies":"2 Thieves","floor":18,"turns":4},{"damage":7,"enemies":"Spheric Guardian","floor":20,"turns":7},{"damage":0,"enemies":"3 Cultists","floor":24,"turns":5},{"damage":5,"enemies":"Snake Plant","floor":25,"turns":4},{"damage":6,"enemies":"Snecko","floor":27,"turns":6},{"damage":5,"enemies":"Sentry and Sphere","floor":28,"turns":10},{"damage":4,"enemies":"Centurion and Healer","floor":31,"turns":6},{"damage":65,"enemies":"Champ","floor":33,"turns":15}],"seed_played":"2233542402879579640","potions_obtained":[{"floor":1,"key":"Poison Potion"},{"floor":10,"key":"Block Potion"},{"floor":11,"key":"Energy Potion"},{"floor":16,"key":"GhostInAJar"},{"floor":28,"key":"FearPotion"}],"is_trial":false,"path_per_floor":["M","?","?","$","M","E","M","R","T","E","M","R","M","M","R","B",null,"M","?","M","$","?","R","M","M","T","M","M","?","?","M","R","B"],"character_chosen":"THE_SILENT","items_purchased":["Cloak And Dagger","Blade Dance"],"campfire_rested":2,"item_purchase_floors":[4,21],"current_hp_per_floor":[57,57,57,57,57,28,27,27,27,20,16,35,35,35,35,15,53,53,53,46,46,46,46,46,41,41,35,30,30,30,26,45,0],"gold":3,"neow_bonus":"TRANSFORM_CARD","is_prod":false,"is_daily":false,"chose_seed":false,"campfire_upgraded":3,"win_rate":0,"timestamp":1549210771,"path_taken":["M","?","?","$","M","E","M","R","T","E","?","R","M","M","R","BOSS","M","?","M","$","?","R","M","?","T","M","M","?","?","M","R","BOSS"],"build_version":"2019-01-23","purchased_purges":1,"victory":false,"max_hp_per_floor":[66,66,66,66,66,66,66,66,66,66,66,66,66,66,66,66,66,66,66,66,66,66,66,66,66,66,66,66,66,66,66,66,66],"card_choices":[{"not_picked":["Skewer","Calculated Gamble"],"picked":"Dagger Spray","floor":1},{"not_picked":["Flechettes","Acrobatics"],"picked":"Terror","floor":5},{"not_picked":["Outmaneuver","Dagger Throw"],"picked":"Adrenaline","floor":6},{"not_picked":["Dodge and Roll","Concentrate"],"picked":"Dash","floor":7},{"not_picked":["Slice","Deflect"],"picked":"Poisoned Stab","floor":10},{"not_picked":["Backstab","Underhanded Strike"],"picked":"Backflip","floor":11},{"not_picked":["Blade Dance","Concentrate","Flechettes"],"picked":"SKIP","floor":13},{"not_picked":["Dodge and Roll","Backflip"],"picked":"After Image","floor":14},{"not_picked":["Die Die Die","Night Terror"],"picked":"After Image","floor":16},{"not_picked":["Acrobatics","Accuracy","Dagger Throw"],"picked":"SKIP","floor":18},{"not_picked":["Masterful Stab","Sucker Punch+1","Slice"],"picked":"SKIP","floor":20},{"not_picked":["Deadly Poison","Masterful Stab","Tactician"],"picked":"SKIP","floor":24},{"not_picked":["Outmaneuver+1","Eviscerate","Slice"],"picked":"SKIP","floor":25},{"not_picked":["Expertise","PiercingWail"],"picked":"Blade Dance","floor":27},{"not_picked":["Dagger Spray+1","Underhanded Strike"],"picked":"Noxious Fumes","floor":28},{"not_picked":["Quick Slash","Sucker Punch","Dagger Throw"],"picked":"SKIP","floor":31}],"player_experience":688509,"relics_obtained":[{"floor":6,"key":"PreservedInsect"},{"floor":9,"key":"Snake Skull"},{"floor":10,"key":"Orichalcum"},{"floor":26,"key":"Art of War"}],"event_choices":[{"damage_healed":0,"gold_gain":0,"player_choice":"Grow","damage_taken":0,"max_hp_gain":0,"max_hp_loss":0,"event_name":"Living Wall","floor":2,"gold_loss":0,"cards_upgraded":["Dagger Spray"]},{"damage_healed":0,"gold_gain":0,"player_choice":"Upgraded","damage_taken":0,"max_hp_gain":0,"max_hp_loss":0,"event_name":"Upgrade Shrine","floor":3,"gold_loss":0,"cards_upgraded":["Setup"]},{"cards_removed":["Strike_G"],"damage_healed":0,"gold_gain":0,"player_choice":"Gave Gold","damage_taken":0,"max_hp_gain":0,"max_hp_loss":0,"event_name":"Beggar","floor":19,"gold_loss":75},{"cards_removed":["Strike_G"],"damage_healed":0,"gold_gain":0,"player_choice":"Offered Basic","damage_taken":0,"max_hp_gain":0,"max_hp_loss":0,"event_name":"Bonfire Elementals","floor":22,"gold_loss":0},{"damage_healed":0,"gold_gain":0,"player_choice":"Ignored","damage_taken":0,"max_hp_gain":0,"max_hp_loss":0,"event_name":"Cursed Tome","floor":29,"gold_loss":0}],"is_beta":false,"boss_relics":[{"not_picked":["Fusion Hammer","WristBlade"],"picked":"Ectoplasm"}],"items_purged_floors":[21],"is_endless":false,"potions_floor_spawned":[1,10,11,16,18,24,28],"killed_by":"Champ","ascension_level":20}