{"gold_per_floor":[117,117,42,53,65,65,80,80,106,56,89,157,169,201,213,323,335,366,378,390,418,448,219,159,177,177,177,192,220,16,30,30,126,126,145,1144,703,703,378,378,395,144,144,144,144,164,180,197,197,197,197,197,85,115,115],"floor_reached":55,"playtime":3619,"items_purged":["Regret","Normality","Normality"],"score":667,"play_id":"c6db6aba-5e18-43ce-a08e-afb007815e8d","local_time":"20190323003205","is_ascension_mode":false,"campfire_choices":[{"data":"Bash","floor":6,"key":"SMITH"},{"data":"Uppercut","floor":8,"key":"SMITH"},{"floor":15,"key":"REST"},{"data":"Uppercut","floor":27,"key":"SMITH"},{"floor":32,"key":"REST"},{"floor":40,"key":"RECALL"},{"floor":44,"key":"DIG"},{"floor":49,"key":"REST"},{"floor":52,"key":"DIG"}],"neow_cost":"CURSE","seed_source_timestamp":836885778637813,"circlet_count":0,"master_deck":["Strike_R+1","Defend_R+1","Defend_R+1","Defend_R+1","Bash+1","Burning Pact","Feel No Pain","Whirlwind","Pummel","Uppercut+1","Ghostly Armor","Immolate","Inflame","Infernal Blade+1","Uppercut+1","Infernal Blade+1","Corruption","Juggernaut","Clash+1","Body Slam+1","Evolve+1","Panacea","Battle Trance","Ghostly Armor","Parasite","Flame Barrier+1","Leap+1","Offering","Dark Shackles"],"relics":["Burning Blood","Oddly Smooth Stone","MawBank","Dead Branch","Sozu","Ornamental Fan","Pear","Red Mask","ClockworkSouvenir","Astrolabe","Membership Card","Dodecahedron","Ice Cream","PrismaticShard","Shovel","Strange Spoon","Molten Egg 2","Singing Bowl","Sundial","Gremlin Horn"],"potions_floor_usage":[7,11,16,21],"damage_taken":[{"damage":13,"enemies":"Jaw Worm","floor":1,"turns":4},{"damage":0,"enemies":"2 Louse","floor":4,"turns":2},{"damage":9,"enemies":"Cultist","floor":5,"turns":4},{"damage":10,"enemies":"Large Slime","floor":7,"turns":5},{"damage":51,"enemies":"Lagavulin","floor":11,"turns":7},{"damage":16,"enemies":"Gremlin Nob","floor":12,"turns":4},{"damage":1,"enemies":"Red Slaver","floor":14,"turns":5},{"damage":43,"enemies":"The Guardian","floor":16,"turns":20},{"damage":4,"enemies":"Spheric Guardian","floor":18,"turns":6},{"damage":10,"enemies":"Shell Parasite","floor":21,"turns":6},{"damage":18,"enemies":"Sentry and Sphere","floor":22,"turns":4},{"damage":16,"enemies":"Snecko","floor":25,"turns":5},{"damage":21,"enemies":"Shelled Parasite and Fungi","floor":28,"turns":6},{"damage":0,"enemies":"Masked Bandits","floor":29,"turns":2},{"damage":7,"enemies":"Snake Plant","floor":31,"turns":5},{"damage":59,"enemies":"Champ","floor":33,"turns":19},{"damage":1,"enemies":"3 Shapes","floor":35,"turns":4},{"damage":0,"enemies":"3 Darklings","floor":41,"turns":4},{"damage":26,"enemies":"Writhing Mass","floor":46,"turns":5},{"damage":3,"enemies":"Spire Growth","floor":47,"turns":5},{"damage":27,"enemies":"Sphere and 2 Shapes","floor":48,"turns":5},{"damage":63,"enemies":"Donu and Deca","floor":50,"turns":12},{"damage":67,"enemies":"Shield and Spear","floor":54,"turns":8},{"damage":41,"enemies":"The Heart","floor":55,"turns":3}],"seed_played":"-7802071977295354394","potions_obtained":[{"floor":1,"key":"SneckoOil"},{"floor":4,"key":"LiquidBronze"},{"floor":14,"key":"Fruit Juice"},{"floor":16,"key":"BloodPotion"}],"is_trial":false,"path_per_floor":["M","?","$","M","M","R","M","R","T","?","E","?","$","M","R","B",null,"M","?","?","M","M","$","?","M","T","R","M","?","$","M","R","B",null,"M","?","$","?","$","R","M","$","T","R","?","M","M","M","R","B",null,"R","$","E","B"],"character_chosen":"IRONCLAD","items_purchased":["Ornamental Fan","ClockworkSouvenir","Membership Card","Dodecahedron","Ice Cream","Battle Trance","PrismaticShard","Shovel","Strange Spoon","Offering","Dark Shackles"],"campfire_rested":3,"item_purchase_floors":[23,30,37,37,39,39,39,42,42,53,53],"current_hp_per_floor":[73,73,73,79,76,76,72,72,72,72,27,17,17,22,46,14,85,85,85,85,85,73,73,73,63,73,73,58,64,64,63,91,38,95,95,95,95,85,85,85,91,91,91,91,91,73,76,55,84,27,97,97,97,38,0],"gold":115,"neow_bonus":"TRANSFORM_TWO_CARDS","is_prod":false,"is_daily":false,"chose_seed":false,"campfire_upgraded":3,"win_rate":0,"timestamp":1553310125,"path_taken":["M","?","$","M","M","R","M","R","T","?","E","?","$","M","R","BOSS","M","?","?","?","M","$","?","M","T","R","?","?","$","M","R","BOSS","M","?","$","?","$","R","M","$","T","R","?","?","M","M","R","BOSS","R","$","E","BOSS"],"build_version":"2019-03-15","purchased_purges":3,"victory":false,"max_hp_per_floor":[80,80,80,80,80,80,80,80,80,80,80,80,80,80,80,85,85,85,85,85,85,85,85,85,85,95,95,95,95,95,95,95,95,95,95,95,95,95,95,95,95,95,95,95,95,97,97,97,97,97,97,97,97,99,99],"card_choices":[{"not_picked":["True Grit","Heavy Blade","Flex"],"picked":"SKIP","floor":1},{"not_picked":["Reckless Charge","Pommel Strike"],"picked":"Whirlwind","floor":4},{"not_picked":["Heavy Blade","Cleave"],"picked":"Pummel","floor":5},{"not_picked":["Twin Strike","Seeing Red"],"picked":"Uppercut","floor":7},{"not_picked":["Brutality","Flex","Heavy Blade"],"picked":"SKIP","floor":11},{"not_picked":["Sentinel","Perfected Strike"],"picked":"Ghostly Armor","floor":12},{"not_picked":["Pommel Strike","Heavy Blade"],"picked":"Intimidate","floor":14},{"not_picked":["Double Tap","Fiend Fire"],"picked":"Immolate","floor":16},{"not_picked":["Iron Wave","Anger"],"picked":"Inflame","floor":18},{"not_picked":["Hemokinesis","Shockwave"],"picked":"Infernal Blade+1","floor":21},{"not_picked":["Warcry","Cleave","Iron Wave"],"picked":"SKIP","floor":22},{"not_picked":["Pommel Strike","Clash","Wild Strike+1"],"picked":"SKIP","floor":25},{"not_picked":["Clash","Armaments+1"],"picked":"Infernal Blade+1","floor":28},{"not_picked":["Body Slam","Perfected Strike"],"picked":"Corruption","floor":31},{"not_picked":["Feed","Dark Embrace"],"picked":"Juggernaut","floor":33},{"not_picked":["Havoc+1","Wild Strike+1","True Grit"],"picked":"SKIP","floor":35},{"not_picked":["Impatience","Secret Technique"],"picked":"Panacea","floor":38},{"not_picked":["Endless Agony","Dagger Throw","Poisoned Stab"],"picked":"SKIP","floor":41},{"not_picked":["Impatience+1","Endless Agony+1","Prepared"],"picked":"Singing Bowl","floor":46},{"not_picked":["Storm+1","Combust+1"],"picked":"Flame Barrier+1","floor":47},{"not_picked":["Turbo+1","Sunder+1"],"picked":"Leap+1","floor":48},{"not_picked":["Twin Strike+1","Coolheaded","Redo"],"picked":"Singing Bowl","floor":54}],"player_experience":751203,"relics_obtained":[{"floor":11,"key":"MawBank"},{"floor":12,"key":"Dead Branch"},{"floor":26,"key":"Pear"},{"floor":29,"key":"Red Mask"},{"floor":43,"key":"Molten Egg 2"},{"floor":44,"key":"Singing Bowl"},{"floor":52,"key":"Sundial"},{"floor":54,"key":"Gremlin Horn"}],"event_choices":[{"damage_healed":0,"gold_gain":0,"player_choice":"Box","damage_taken":0,"relics_obtained":["Oddly Smooth Stone"],"max_hp_gain":0,"max_hp_loss":0,"event_name":"Big Fish","floor":2,"gold_loss":0,"cards_obtained":["Regret"]},{"cards_removed":["Clumsy"],"damage_healed":0,"gold_gain":0,"player_choice":"Card Removal","damage_taken":0,"max_hp_gain":0,"max_hp_loss":0,"event_name":"The Cleric","floor":10,"gold_loss":50},{"damage_healed":0,"gold_gain":30,"player_choice":"Searched \u00272\u0027 times","damage_taken":0,"max_hp_gain":0,"max_hp_loss":0,"event_name":"Dead Adventurer","floor":12,"gold_loss":0},{"damage_healed":0,"gold_gain":0,"player_choice":"Simplicity","damage_taken":0,"max_hp_gain":0,"max_hp_loss":0,"event_name":"Back to Basics","floor":19,"gold_loss":0,"cards_upgraded":["Strike_R","Strike_R","Strike_R","Strike_R","Defend_R","Defend_R","Defend_R"]},{"damage_healed":0,"gold_gain":0,"player_choice":"Bought 0 Potions","damage_taken":0,"max_hp_gain":0,"max_hp_loss":0,"event_name":"The Woman in Blue","floor":20,"gold_loss":0},{"damage_healed":0,"gold_gain":0,"cards_transformed":["Strike_R","Intimidate"],"player_choice":"Transformed Cards","damage_taken":0,"max_hp_gain":0,"max_hp_loss":0,"event_name":"Designer","floor":24,"gold_loss":60,"cards_obtained":["Metallicize","Uppercut"]},{"damage_healed":0,"gold_gain":0,"player_choice":"Fought Bandits","damage_taken":0,"max_hp_gain":0,"max_hp_loss":0,"event_name":"Masked Bandits","floor":29,"gold_loss":0},{"damage_healed":0,"gold_gain":999,"player_choice":"Gold","damage_taken":0,"max_hp_gain":0,"max_hp_loss":0,"event_name":"MindBloom","floor":36,"gold_loss":0,"cards_obtained":["Normality","Normality"]},{"damage_healed":0,"gold_gain":0,"player_choice":"Memory 3","damage_taken":10,"max_hp_gain":0,"max_hp_loss":0,"event_name":"SensoryStone","floor":38,"gold_loss":0},{"damage_healed":0,"gold_gain":0,"player_choice":"Copied","damage_taken":0,"max_hp_gain":0,"max_hp_loss":0,"event_name":"Duplicator","floor":45,"gold_loss":0,"cards_obtained":["Ghostly Armor"]}],"is_beta":true,"boss_relics":[{"not_picked":["Black Star","Runic Cube"],"picked":"Sozu"},{"not_picked":["Pandora\u0027s Box","Eternal Feather"],"picked":"Astrolabe"}],"items_purged_floors":[3,37,39],"is_endless":false,"potions_floor_spawned":[1,4,14,16,18,22,28,31,33,41,47,48],"killed_by":"The Heart","ascension_level":0}