{"gold_per_floor":[113,9,28,44,9,9,42,42,66,66,97,111,111,111,111,207,207,224,224,204,221,236,236,236],"floor_reached":24,"playtime":2312,"items_purged":[],"score":237,"play_id":"c409f595-5085-4ca9-a243-d3b873078ace","local_time":"20190324154235","is_ascension_mode":true,"campfire_choices":[{"data":"Conserve Battery","floor":6,"key":"SMITH"},{"data":"Ball Lightning","floor":8,"key":"SMITH"},{"floor":15,"key":"REST"},{"floor":23,"key":"REST"}],"neow_cost":"NONE","seed_source_timestamp":185202952206289,"circlet_count":0,"master_deck":["Strike_B","Strike_B","Strike_B","Strike_B","Defend_B","Defend_B","Defend_B","Defend_B","Zap+1","Leap","FTL","Rebound","Ball Lightning+1","Conserve Battery+1","BootSequence","Consume","Glacier","Buffer","Loop+1","Coolheaded","BootSequence"],"special_seed":0,"relics":["Cracked Core","Omamori","Dream Catcher","Blue Candle","Runic Pyramid"],"potions_floor_usage":[7,16,16,19,21,21,22],"damage_taken":[{"damage":7.0,"enemies":"Small Slimes","floor":1.0,"turns":2.0},{"damage":8,"enemies":"2 Louse","floor":3,"turns":2},{"damage":12,"enemies":"Jaw Worm","floor":4,"turns":2},{"damage":28,"enemies":"Gremlin Nob","floor":7,"turns":4},{"damage":20,"enemies":"Lagavulin","floor":11,"turns":5},{"damage":2,"enemies":"Gremlin Gang","floor":12,"turns":4},{"damage":32,"enemies":"Hexaghost","floor":16,"turns":17},{"damage":0,"enemies":"Spheric Guardian","floor":18,"turns":5},{"damage":8,"enemies":"2 Thieves","floor":20,"turns":4},{"damage":30,"enemies":"3 Cultists","floor":21,"turns":8},{"damage":0,"enemies":"Snecko","floor":22,"turns":5},{"damage":72,"enemies":"Slavers","floor":24,"turns":5}],"seed_played":"-3982193121847085663","potions_obtained":[{"floor":1.0,"key":"Regen Potion"},{"floor":4,"key":"SkillPotion"},{"floor":12,"key":"GamblersBrew"},{"floor":18,"key":"EssenceOfSteel"},{"floor":19,"key":"Fruit Juice"},{"floor":19,"key":"AttackPotion"},{"floor":19,"key":"SneckoOil"},{"floor":20,"key":"Energy Potion"}],"is_trial":false,"path_per_floor":["M","$","M","M","?","R","E","R","T","?","E","M","?","?","R","B",null,"M","?","M","M","M","R","E"],"character_chosen":"DEFECT","items_purchased":["FTL","Rebound"],"campfire_rested":2,"item_purchase_floors":[2,2],"current_hp_per_floor":[68,68,60,48,66,66,50,50,50,50,30,28,21,26,50,18,80,80,85,77,47,47,72,0],"gold":236,"neow_bonus":"UPGRADE_CARD","is_prod":false,"is_daily":false,"chose_seed":false,"campfire_upgraded":2,"win_rate":0,"timestamp":1553442155,"path_taken":["M","$","M","M","?","R","E","R","T","?","E","M","?","?","R","BOSS","M","?","M","M","?","R","E"],"build_version":"2019-01-23","purchased_purges":0,"victory":false,"max_hp_per_floor":[75,75,75,75,75,75,75,75,75,75,75,75,75,80,80,80,80,80,85,85,85,85,85,85],"card_choices":[{"not_picked":["Stack","Sunder"],"picked":"Leap","floor":1.0},{"not_picked":["Hologram","Reprogram"],"picked":"Ball Lightning","floor":3},{"not_picked":["Sweeping Beam","Scrape"],"picked":"Conserve Battery","floor":4},{"not_picked":["Skim","Conserve Battery"],"picked":"BootSequence","floor":7},{"not_picked":["Barrage","Force Field"],"picked":"Consume","floor":11},{"not_picked":["Barrage","BootSequence","Streamline"],"picked":"SKIP","floor":12},{"not_picked":["Sweeping Beam","Undo"],"picked":"Glacier","floor":15},{"not_picked":["Reboot","Core Surge"],"picked":"Buffer","floor":16},{"not_picked":["Lockon","Rebound+1","Redo"],"picked":"SKIP","floor":18},{"not_picked":["Steam","Streamline","Turbo"],"picked":"SKIP","floor":20},{"not_picked":["Chaos","Force Field"],"picked":"Loop+1","floor":21},{"not_picked":["Rebound+1","Gash"],"picked":"Coolheaded","floor":22},{"not_picked":["Chaos+1","Sweeping Beam"],"picked":"BootSequence","floor":23}],"player_experience":162913,"relics_obtained":[{"floor":7,"key":"Omamori"},{"floor":9,"key":"Dream Catcher"},{"floor":11,"key":"Blue Candle"}],"event_choices":[{"damage_healed":18,"gold_gain":0,"player_choice":"Healed","damage_taken":0,"max_hp_gain":0,"max_hp_loss":0,"event_name":"The Cleric","floor":5,"gold_loss":35},{"damage_healed":0,"gold_gain":0,"player_choice":"Ignored","damage_taken":0,"max_hp_gain":0,"max_hp_loss":0,"event_name":"Liars Game","floor":10,"gold_loss":0},{"cards_removed":["Dualcast"],"damage_healed":0,"gold_gain":0,"player_choice":"Card Removal","damage_taken":7,"max_hp_gain":0,"max_hp_loss":0,"event_name":"Golden Wing","floor":13,"gold_loss":0},{"damage_healed":0,"gold_gain":0,"player_choice":"Donut","damage_taken":0,"max_hp_gain":5,"max_hp_loss":0,"event_name":"Big Fish","floor":14,"gold_loss":0},{"damage_healed":0,"gold_gain":0,"player_choice":"Got Potions","damage_taken":0,"max_hp_gain":0,"max_hp_loss":0,"event_name":"Lab","floor":19,"gold_loss":0}],"is_beta":false,"boss_relics":[{"not_picked":["Philosopher\u0027s Stone","Nuclear Battery"],"picked":"Runic Pyramid"}],"items_purged_floors":[],"is_endless":false,"potions_floor_spawned":[1,4,12,18,20],"killed_by":"Slavers","ascension_level":3}