{"gold_per_floor":[119,132,132,142,142,177,177,208,262,285,310,11,30,45,45,165,165,186,39,39,39,62,62,102,115,162,203,216,127,127,147,147,275,275,299,312,22,35,35,35,55,90,139,154,29,42,42,55,55,55],"floor_reached":51,"playtime":5253,"items_purged":["Strike_R","Defend_R","Defend_R"],"score":783,"play_id":"af240b1a-fd3f-4893-a5c3-a31acc54c8a8","local_time":"20190321160243","is_ascension_mode":false,"campfire_choices":[{"data":"Bash","floor":7,"key":"SMITH"},{"data":"Metallicize","floor":15,"key":"SMITH"},{"data":"Spot Weakness","floor":23,"key":"SMITH"},{"data":"Offering","floor":30,"key":"SMITH"},{"data":"Shrug It Off","floor":32,"key":"SMITH"},{"data":"Inflame","floor":40,"key":"SMITH"},{"data":"Battle Trance","floor":47,"key":"SMITH"},{"floor":49,"key":"REST"}],"neow_cost":"NONE","seed_source_timestamp":315921420427702,"circlet_count":0,"master_deck":["Strike_R+1","Defend_R+1","Defend_R","Bash+1","Shrug It Off","Metallicize+1","Sword Boomerang+1","Heavy Blade+1","Cleave+1","Feed+1","Shrug It Off+1","Heavy Blade+1","Spot Weakness+1","Immolate+1","Pommel Strike+1","Impervious","Offering+1","Pummel+1","Inflame+1","Battle Trance+1","Warcry+1","Warcry","Pummel+1"],"relics":["Burning Blood","Golden Idol","Molten Egg 2","Regal Pillow","Red Skull","Omamori","Philosopher\u0027s Stone","Gremlin Horn","Boot","Meat on the Bone","Blood Vial","Empty Cage","Brimstone","Art of War","Centennial Puzzle"],"potions_floor_usage":[6,6,10,16,16,24,33,33,50,50],"damage_taken":[{"damage":6,"enemies":"Jaw Worm","floor":1,"turns":6},{"damage":2,"enemies":"Small Slimes","floor":2,"turns":3},{"damage":0,"enemies":"Cultist","floor":4,"turns":4},{"damage":6,"enemies":"Lagavulin","floor":6,"turns":9},{"damage":16,"enemies":"Gremlin Nob","floor":8,"turns":4},{"damage":1,"enemies":"3 Louse","floor":10,"turns":5},{"damage":15,"enemies":"Lots of Slimes","floor":11,"turns":4},{"damage":0,"enemies":"Blue Slaver","floor":13,"turns":2},{"damage":2,"enemies":"Looter","floor":14,"turns":2},{"damage":25,"enemies":"The Guardian","floor":16,"turns":10},{"damage":11,"enemies":"Spheric Guardian","floor":18,"turns":4},{"damage":11,"enemies":"Colosseum Slavers","floor":20,"turns":4},{"damage":1,"enemies":"Shell Parasite","floor":22,"turns":4},{"damage":21,"enemies":"Slavers","floor":24,"turns":3},{"damage":0,"enemies":"Sentry and Sphere","floor":25,"turns":4},{"damage":26,"enemies":"Gremlin Leader","floor":27,"turns":3},{"damage":2,"enemies":"Snake Plant","floor":28,"turns":3},{"damage":14,"enemies":"Chosen and Byrds","floor":31,"turns":4},{"damage":61,"enemies":"Champ","floor":33,"turns":9},{"damage":6,"enemies":"3 Darklings","floor":35,"turns":2},{"damage":10,"enemies":"3 Shapes","floor":36,"turns":3},{"damage":10,"enemies":"3 Darklings","floor":38,"turns":2},{"damage":31,"enemies":"Transient","floor":41,"turns":5},{"damage":6,"enemies":"Reptomancer","floor":42,"turns":3},{"damage":21,"enemies":"Jaw Worm Horde","floor":44,"turns":2},{"damage":6,"enemies":"Spire Growth","floor":46,"turns":2},{"damage":10,"enemies":"Transient","floor":48,"turns":5},{"damage":102,"enemies":"Donu and Deca","floor":50,"turns":6}],"seed_played":"8477812918995418358","potions_obtained":[{"floor":2,"key":"Strength Potion"},{"floor":4,"key":"EssenceOfSteel"},{"floor":8,"key":"Fruit Juice"},{"floor":11,"key":"PowerPotion"},{"floor":13,"key":"FearPotion"},{"floor":18,"key":"Strength Potion"},{"floor":24,"key":"FairyPotion"},{"floor":25,"key":"Strength Potion"},{"floor":33,"key":"BloodPotion"},{"floor":36,"key":"GamblersBrew"},{"floor":44,"key":"SteroidPotion"}],"is_trial":false,"path_per_floor":["M","M","?","M","?","E","R","E","T","M","M","$","M","M","R","B",null,"M","$","?","?","M","R","E","M","T","E","M","?","R","M","R","B",null,"M","M","$","M","?","R","M","E","T","M","$","M","R","M","R","B",null],"character_chosen":"IRONCLAD","items_purchased":["Feed+1","Omamori","LiquidBronze","Brimstone"],"campfire_rested":1,"item_purchase_floors":[12,12,19,37],"current_hp_per_floor":[88,88,70,76,54,54,54,44,44,54,45,45,51,55,55,36,93,92,92,91,91,100,100,89,99,99,79,83,83,83,81,81,40,117,117,117,117,115,115,115,92,94,94,85,85,87,87,85,125,53],"gold":55,"neow_bonus":"TEN_PERCENT_HP_BONUS","is_prod":false,"is_daily":false,"chose_seed":false,"campfire_upgraded":7,"win_rate":0,"timestamp":1553184163,"path_taken":["M","M","?","M","?","E","R","E","T","M","M","$","M","M","R","BOSS","M","$","?","?","?","R","E","M","T","E","M","?","R","M","R","BOSS","M","?","$","M","?","R","M","E","T","M","$","M","R","M","R","BOSS"],"build_version":"2019-01-23","purchased_purges":3,"victory":true,"max_hp_per_floor":[88,88,88,88,88,88,88,88,88,93,93,93,93,93,93,93,93,97,97,101,101,105,105,109,113,113,113,113,113,113,117,117,117,117,117,121,121,121,121,121,121,121,121,125,125,125,125,125,125,125],"card_choices":[{"not_picked":["Searing Blow","Ghostly Armor"],"picked":"Shrug It Off","floor":1},{"not_picked":["Disarm","Clash"],"picked":"Metallicize","floor":2},{"not_picked":["Disarm","Clash","Second Wind"],"picked":"SKIP","floor":4},{"not_picked":["Pommel Strike","Rage"],"picked":"Sword Boomerang","floor":6},{"not_picked":["Combust","Thunderclap+1","Disarm"],"picked":"SKIP","floor":8},{"not_picked":["Havoc","Searing Blow+1"],"picked":"Heavy Blade+1","floor":10},{"not_picked":["Perfected Strike+1","Rampage+1"],"picked":"Cleave+1","floor":11},{"not_picked":["True Grit","Fire Breathing"],"picked":"Shrug It Off","floor":13},{"not_picked":["Flex","Berserk"],"picked":"Heavy Blade+1","floor":14},{"not_picked":["Clothesline+1","Heavy Blade+1"],"picked":"Spot Weakness","floor":18},{"not_picked":["Thunderclap+1","Warcry"],"picked":"Pommel Strike+1","floor":22},{"not_picked":["Body Slam+1","Sentinel"],"picked":"Impervious","floor":24},{"not_picked":["Wild Strike+1","Clash+1","Fire Breathing"],"picked":"SKIP","floor":25},{"not_picked":["True Grit+1","Wild Strike+1"],"picked":"Offering","floor":27},{"not_picked":["Corruption","Carnage+1"],"picked":"Pummel+1","floor":28},{"not_picked":["Shrug It Off","Armaments","Evolve+1"],"picked":"SKIP","floor":31},{"not_picked":["Anger+1","Sword Boomerang+1"],"picked":"Inflame","floor":35},{"not_picked":["Rupture+1","Shrug It Off","Cleave+1"],"picked":"SKIP","floor":36},{"not_picked":["Bludgeon+1","Anger+1"],"picked":"Battle Trance","floor":38},{"not_picked":["Second Wind","Rage","Blood for Blood+1"],"picked":"SKIP","floor":41},{"not_picked":["Armaments","Ghostly Armor+1"],"picked":"Warcry+1","floor":42},{"not_picked":["Hemokinesis+1","Havoc+1","Thunderclap+1"],"picked":"SKIP","floor":44},{"not_picked":["Hemokinesis+1","Havoc+1","Thunderclap+1"],"picked":"SKIP","floor":44},{"not_picked":["Dark Embrace","Clothesline+1"],"picked":"Warcry","floor":46},{"not_picked":["Ghostly Armor","Twin Strike+1"],"picked":"Pummel+1","floor":48}],"player_experience":121161,"relics_obtained":[{"floor":6,"key":"Molten Egg 2"},{"floor":8,"key":"Regal Pillow"},{"floor":9,"key":"Red Skull"},{"floor":24,"key":"Gremlin Horn"},{"floor":26,"key":"Boot"},{"floor":27,"key":"Meat on the Bone"},{"floor":42,"key":"Art of War"},{"floor":43,"key":"Centennial Puzzle"}],"event_choices":[{"damage_healed":0,"gold_gain":0,"player_choice":"Entered Light","damage_taken":18,"max_hp_gain":0,"max_hp_loss":0,"event_name":"Shining Light","floor":3,"gold_loss":0,"cards_upgraded":["Strike_R","Defend_R"]},{"damage_healed":0,"gold_gain":0,"player_choice":"Take Damage","damage_taken":22,"relics_obtained":["Golden Idol"],"max_hp_gain":0,"max_hp_loss":0,"event_name":"Golden Idol","floor":5,"gold_loss":0},{"damage_healed":0,"gold_gain":0,"player_choice":"Fight","damage_taken":0,"max_hp_gain":0,"max_hp_loss":0,"event_name":"Colosseum","floor":20,"gold_loss":0},{"damage_healed":0,"gold_gain":0,"player_choice":"Fled From Nobs","damage_taken":0,"max_hp_gain":0,"max_hp_loss":0,"event_name":"Colosseum","floor":20,"gold_loss":0},{"damage_healed":0,"gold_gain":0,"cards_transformed":["Strike_R"],"player_choice":"Transformed","damage_taken":0,"max_hp_gain":0,"max_hp_loss":0,"event_name":"Transmorgrifier","floor":21,"gold_loss":0,"cards_obtained":["Immolate"]},{"damage_healed":0,"gold_gain":0,"player_choice":"Paid Gold","damage_taken":0,"relics_obtained":["Blood Vial"],"max_hp_gain":0,"max_hp_loss":0,"event_name":"WeMeetAgain","floor":29,"gold_loss":89},{"damage_healed":0,"gold_gain":0,"player_choice":"Leave","damage_taken":0,"max_hp_gain":0,"max_hp_loss":0,"event_name":"FaceTrader","floor":39,"gold_loss":0}],"is_beta":false,"boss_relics":[{"not_picked":["Ectoplasm","Busted Crown"],"picked":"Philosopher\u0027s Stone"},{"not_picked":["Black Blood","Velvet Choker"],"picked":"Empty Cage"}],"items_purged_floors":[19,37,45],"is_endless":false,"potions_floor_spawned":[2,4,8,11,13,18,20,24,25,28,33,36,41,42,44,48],"ascension_level":0}