{"gold_per_floor":[116,116,34,44,44,77,77,111,111,121,121,46,146,161,161,259,259,273,283,302,315,331,331,21,21,21,38,38,38,50,60,60,60],"floor_reached":33,"playtime":1204,"items_purged":["Regret"],"score":284,"play_id":"374737d8-efec-4d4f-9a54-ab7edfaefaee","local_time":"20190326230004","is_ascension_mode":false,"campfire_choices":[{"data":"Uppercut","floor":7,"key":"SMITH"},{"data":"Shrug It Off","floor":11,"key":"SMITH"},{"data":"Spot Weakness","floor":15,"key":"SMITH"},{"floor":23,"key":"RECALL"},{"data":"Limit Break","floor":29,"key":"SMITH"},{"floor":32,"key":"REST"}],"neow_cost":"NONE","seed_source_timestamp":166889930562292,"circlet_count":0,"master_deck":["Strike_R","Strike_R","Strike_R","Strike_R","Strike_R","Defend_R","Defend_R","Defend_R","Defend_R","Bash","Uppercut+1","Ghostly Armor","Shrug It Off+1","Spot Weakness+1","Limit Break+1","True Grit+1","Feel No Pain","Shrug It Off+1"],"relics":["Burning Blood","NeowsBlessing","Mercury Hourglass","Blue Candle","Bag of Preparation","Busted Crown","Dead Branch","Meat on the Bone"],"potions_floor_usage":[8,14,18,20,31,33],"damage_taken":[{"damage":0,"enemies":"Small Slimes","floor":1,"turns":1},{"damage":0,"enemies":"2 Louse","floor":4,"turns":1},{"damage":0,"enemies":"3 Sentries","floor":6,"turns":1},{"damage":21,"enemies":"Lagavulin","floor":8,"turns":9},{"damage":1,"enemies":"Jaw Worm","floor":10,"turns":3},{"damage":4,"enemies":"2 Fungi Beasts","floor":14,"turns":3},{"damage":43,"enemies":"Hexaghost","floor":16,"turns":11},{"damage":9,"enemies":"Spheric Guardian","floor":18,"turns":5},{"damage":0,"enemies":"Chosen","floor":19,"turns":3},{"damage":11,"enemies":"Snecko","floor":20,"turns":5},{"damage":4,"enemies":"Snake Plant","floor":21,"turns":4},{"damage":20,"enemies":"Centurion and Healer","floor":22,"turns":8},{"damage":5,"enemies":"Chosen and Byrds","floor":27,"turns":5},{"damage":5,"enemies":"Snake Plant","floor":30,"turns":4},{"damage":27,"enemies":"Shelled Parasite and Fungi","floor":31,"turns":6},{"damage":85,"enemies":"Collector","floor":33,"turns":6}],"seed_played":"-8171059013207968165","potions_obtained":[{"floor":6,"key":"FearPotion"},{"floor":8,"key":"BloodPotion"},{"floor":16,"key":"Swift Potion"},{"floor":19,"key":"Poison Potion"},{"floor":30,"key":"BloodPotion"},{"floor":31,"key":"Weak Potion"}],"is_trial":false,"path_per_floor":["M","?","$","M","?","E","R","E","T","M","R","$","?","M","R","B",null,"M","M","M","M","M","R","$","$","T","M","$","R","M","M","R","B"],"character_chosen":"IRONCLAD","items_purchased":["Uppercut","Dead Branch"],"campfire_rested":1,"item_purchase_floors":[3,24],"current_hp_per_floor":[80,80,80,80,80,80,80,65,65,70,70,70,70,80,80,43,80,77,80,75,77,63,63,63,63,63,64,64,64,65,52,76,0],"gold":60,"neow_bonus":"THREE_ENEMY_KILL","is_prod":false,"is_daily":false,"chose_seed":false,"campfire_upgraded":4,"win_rate":0,"timestamp":1553650204,"path_taken":["M","?","$","M","?","E","R","E","T","M","R","?","?","M","R","BOSS","M","M","M","M","?","R","?","$","T","M","$","R","M","M","R","BOSS"],"build_version":"2019-03-15","purchased_purges":1,"victory":false,"max_hp_per_floor":[80,80,80,80,80,80,80,80,80,80,80,80,80,80,80,80,80,80,80,80,80,80,80,80,80,80,80,80,80,80,80,80,80],"card_choices":[{"not_picked":["Wild Strike","Sentinel","Body Slam"],"picked":"SKIP","floor":1},{"not_picked":["Clothesline","Havoc"],"picked":"Ghostly Armor","floor":4},{"not_picked":["Carnage","Sentinel"],"picked":"Shrug It Off","floor":6},{"not_picked":["Clash","Juggernaut","Perfected Strike"],"picked":"SKIP","floor":8},{"not_picked":["Havoc","Anger","Clothesline"],"picked":"SKIP","floor":10},{"not_picked":["Clothesline","Warcry"],"picked":"Spot Weakness","floor":14},{"not_picked":["Demon Form","Fiend Fire"],"picked":"Limit Break","floor":16},{"not_picked":["Wild Strike"],"picked":"SKIP","floor":18},{"not_picked":[],"picked":"True Grit+1","floor":19},{"not_picked":[],"picked":"Feel No Pain","floor":20},{"not_picked":["Havoc+1"],"picked":"SKIP","floor":21},{"not_picked":[],"picked":"Shrug It Off+1","floor":22},{"not_picked":["Clash+1"],"picked":"SKIP","floor":27},{"not_picked":["Headbutt"],"picked":"SKIP","floor":30},{"not_picked":["Clash"],"picked":"SKIP","floor":31}],"player_experience":779832,"relics_obtained":[{"floor":6,"key":"Blue Candle"},{"floor":8,"key":"Bag of Preparation"},{"floor":26,"key":"Meat on the Bone"}],"event_choices":[{"damage_healed":0,"gold_gain":0,"player_choice":"Leave","damage_taken":0,"max_hp_gain":0,"max_hp_loss":0,"event_name":"The Cleric","floor":2,"gold_loss":0},{"damage_healed":0,"gold_gain":0,"player_choice":"Box","damage_taken":0,"relics_obtained":["Mercury Hourglass"],"max_hp_gain":0,"max_hp_loss":0,"event_name":"Big Fish","floor":5,"gold_loss":0,"cards_obtained":["Regret"]},{"damage_healed":0,"gold_gain":100,"player_choice":"Gold","damage_taken":0,"max_hp_gain":0,"max_hp_loss":0,"event_name":"Wheel of Change","floor":13,"gold_loss":0}],"is_beta":true,"boss_relics":[{"not_picked":["White Beast Statue","Runic Pyramid"],"picked":"Busted Crown"}],"items_purged_floors":[12],"is_endless":false,"potions_floor_spawned":[6,8,16,19,30,31],"killed_by":"Collector","ascension_level":0}