{"gold_per_floor":[116,80,100,1,1,28,28,45,122,122,138,152,177,197,197,323,386,402,426,135,135],"floor_reached":21,"playtime":969,"items_purged":["Injury"],"score":183,"play_id":"9763c6cc-b246-42ce-bc32-36d1e42821aa","local_time":"20190319050152","is_ascension_mode":false,"campfire_choices":[{"floor":7,"key":"REST"},{"floor":15,"key":"REST"}],"neow_cost":"NONE","seed_source_timestamp":510126998340713,"circlet_count":0,"master_deck":["Defend_G","Defend_G","Defend_G","Defend_G","Defend_G","Strike_G","Strike_G","Strike_G","Strike_G","Strike_G+1","Survivor","Neutralize","Backstab","Bouncing Flask","Footwork","Slice","Bouncing Flask","Expertise","PiercingWail","Distraction","Backflip+1","Dash"],"relics":["Busted Crown","Dream Catcher","PreservedInsect","Gremlin Horn","Golden Idol","Tiny House","Omamori"],"potions_floor_usage":[13,16,16,19,19],"damage_taken":[{"damage":0,"enemies":"Cultist","floor":1,"turns":4},{"damage":3,"enemies":"Jaw Worm","floor":3,"turns":3},{"damage":35,"enemies":"Gremlin Nob","floor":6,"turns":6},{"damage":0,"enemies":"2 Louse","floor":8,"turns":1},{"damage":2,"enemies":"Blue Slaver","floor":11,"turns":3},{"damage":1,"enemies":"3 Louse","floor":12,"turns":2},{"damage":0,"enemies":"Large Slime","floor":13,"turns":4},{"damage":2,"enemies":"Blue Slaver","floor":14,"turns":3},{"damage":63,"enemies":"Slime Boss","floor":16,"turns":15},{"damage":20,"enemies":"Spheric Guardian","floor":18,"turns":5},{"damage":45,"enemies":"Chosen","floor":19,"turns":9},{"damage":19,"enemies":"Shelled Parasite and Fungi","floor":21,"turns":2}],"seed_played":"-3571171969226699892","potions_obtained":[{"floor":6,"key":"Ancient Potion"},{"floor":11,"key":"AttackPotion"},{"floor":12,"key":"PowerPotion"},{"floor":14,"key":"FairyPotion"},{"floor":17,"key":"LiquidBronze"},{"floor":18,"key":"GhostInAJar"}],"is_trial":false,"path_per_floor":["M","$","M","$","?","E","R","M","T","?","M","M","M","M","R","B",null,"M","M","$","M"],"character_chosen":"THE_SILENT","items_purchased":["Backstab","Footwork","Slice","Omamori","Dash"],"campfire_rested":2,"item_purchase_floors":[2,4,4,20,20],"current_hp_per_floor":[70,70,67,67,64,29,50,50,50,50,48,47,47,45,66,3,75,55,10,10,0],"gold":135,"neow_bonus":"BOSS_RELIC","is_prod":false,"is_daily":false,"chose_seed":false,"campfire_upgraded":0,"win_rate":0,"timestamp":1552980712,"path_taken":["M","$","M","$","?","E","R","M","T","?","M","M","M","M","R","BOSS","M","M","$","M"],"build_version":"2019-03-15","purchased_purges":1,"victory":false,"max_hp_per_floor":[70,70,70,70,70,70,70,70,70,70,70,70,70,70,70,70,75,75,75,75,75],"card_choices":[{"not_picked":["Prepared"],"picked":"SKIP","floor":1},{"not_picked":[],"picked":"Bouncing Flask","floor":3},{"not_picked":["Skewer"],"picked":"SKIP","floor":6},{"not_picked":[],"picked":"Bouncing Flask","floor":7},{"not_picked":["Flying Knee"],"picked":"SKIP","floor":8},{"not_picked":["Flechettes"],"picked":"SKIP","floor":11},{"not_picked":[],"picked":"Expertise","floor":12},{"not_picked":["Endless Agony"],"picked":"SKIP","floor":13},{"not_picked":[],"picked":"PiercingWail","floor":14},{"not_picked":[],"picked":"Distraction","floor":15},{"not_picked":[],"picked":"Backflip+1","floor":18},{"not_picked":["Blade Dance"],"picked":"SKIP","floor":19}],"player_experience":733900,"relics_obtained":[{"floor":6,"key":"PreservedInsect"},{"floor":9,"key":"Gremlin Horn"}],"event_choices":[{"damage_healed":0,"gold_gain":0,"player_choice":"Success","damage_taken":3,"relics_obtained":["Dream Catcher"],"max_hp_gain":0,"max_hp_loss":0,"event_name":"Scrap Ooze","floor":5,"gold_loss":0},{"damage_healed":0,"gold_gain":0,"player_choice":"Take Wound","damage_taken":0,"relics_obtained":["Golden Idol"],"max_hp_gain":0,"max_hp_loss":0,"event_name":"Golden Idol","floor":10,"gold_loss":0,"cards_obtained":["Injury"]}],"is_beta":true,"boss_relics":[{"not_picked":["Runic Dome","Fusion Hammer"],"picked":"Tiny House"}],"items_purged_floors":[20],"is_endless":false,"potions_floor_spawned":[6,11,12,14,18],"killed_by":"Shelled Parasite and Fungi","ascension_level":0}