{"gold_per_floor":[112,112,112,192,192,225,237,237,260,51,51,65,94,111,111,215,215,227,227,227,246,56,56,86,96,123,123,143,143],"floor_reached":29,"playtime":1802,"items_purged":[],"score":251,"play_id":"ec0af3ff-4e7b-44de-9f57-5749be6108ab","local_time":"20190226232321","is_ascension_mode":false,"campfire_choices":[{"floor":8,"key":"REST"},{"data":"Feel No Pain","floor":11,"key":"SMITH"},{"floor":15,"key":"REST"},{"floor":23,"key":"REST"},{"floor":27,"key":"REST"}],"neow_cost":"NONE","seed_source_timestamp":1122800432949838,"circlet_count":0,"master_deck":["Strike_R","Strike_R","Strike_R","Strike_R","Strike_R","Defend_R","Defend_R","Defend_R","Defend_R","Bash+1","Rampage","Pummel","Feel No Pain+1","Undo","Bullet Time","Impervious","Burning Pact"],"relics":["Burning Blood","FossilizedHelix","Art of War","PrismaticShard","Omamori","Sozu","Oddly Smooth Stone","Bag of Marbles"],"potions_floor_usage":[7,13,13,18],"damage_taken":[{"damage":9,"enemies":"Small Slimes","floor":1,"turns":3},{"damage":42,"enemies":"3 Sentries","floor":6,"turns":10},{"damage":0,"enemies":"Jaw Worm","floor":7,"turns":3},{"damage":4,"enemies":"Cultist","floor":12,"turns":4},{"damage":41,"enemies":"Lagavulin","floor":13,"turns":7},{"damage":0,"enemies":"Red Slaver","floor":14,"turns":5},{"damage":38,"enemies":"Slime Boss","floor":16,"turns":15},{"damage":8,"enemies":"Shell Parasite","floor":18,"turns":7},{"damage":28,"enemies":"Colosseum Slavers","floor":19,"turns":8},{"damage":7,"enemies":"3 Byrds","floor":21,"turns":7},{"damage":76,"enemies":"Book of Stabbing","floor":24,"turns":9},{"damage":7,"enemies":"3 Cultists","floor":25,"turns":8},{"damage":7,"enemies":"Chosen and Byrds","floor":28,"turns":8},{"damage":34,"enemies":"Gremlin Leader","floor":29,"turns":4}],"seed_played":"5617725811837479838","potions_obtained":[{"floor":6,"key":"AttackPotion"},{"floor":7,"key":"Energy Potion"},{"floor":12,"key":"Swift Potion"},{"floor":16,"key":"AttackPotion"}],"is_trial":false,"path_per_floor":["M","?","?","?","$","E","M","R","T","$","R","M","E","M","R","B",null,"M","?","?","M","$","R","E","M","T","R","M","E"],"character_chosen":"IRONCLAD","items_purchased":["PrismaticShard","Impervious","Burning Pact"],"campfire_rested":4,"item_purchase_floors":[10,22,22],"current_hp_per_floor":[77,77,77,77,77,41,47,71,71,71,71,73,38,44,68,36,80,78,56,56,55,55,79,9,8,8,32,31,0],"gold":143,"neow_bonus":"THREE_CARDS","is_prod":false,"is_daily":false,"chose_seed":false,"campfire_upgraded":1,"win_rate":0,"timestamp":1551236001,"path_taken":["M","?","?","?","?","E","?","R","T","$","R","M","E","M","R","BOSS","M","?","?","M","$","R","E","M","T","R","?","E"],"build_version":"2019-02-06","purchased_purges":0,"victory":false,"max_hp_per_floor":[80,80,80,80,80,80,80,80,80,80,80,80,80,80,80,80,80,80,80,80,80,80,80,80,80,80,80,80,80],"card_choices":[{"not_picked":["Infernal Blade","Power Through"],"picked":"Rampage","floor":0},{"not_picked":["True Grit","Heavy Blade"],"picked":"Pummel","floor":1},{"not_picked":["Hemokinesis","Perfected Strike"],"picked":"Feel No Pain","floor":6},{"not_picked":["Sword Boomerang","Havoc","Pommel Strike"],"picked":"SKIP","floor":7},{"not_picked":["Warcry","Predator","Searing Blow"],"picked":"SKIP","floor":12},{"not_picked":["Bane","A Thousand Cuts"],"picked":"Undo","floor":13},{"not_picked":["Bloodletting","Feel No Pain","Darkness"],"picked":"SKIP","floor":14},{"not_picked":["All For One","Unload"],"picked":"Bullet Time","floor":16},{"not_picked":["Jack Of All Trades","Anger","Heatsinks"],"picked":"SKIP","floor":18},{"not_picked":["Pommel Strike","Chill+1","Leap"],"picked":"SKIP","floor":21},{"not_picked":["Beam Cell+1","Rampage+1","Endless Agony"],"picked":"SKIP","floor":24},{"not_picked":["Bane","Dodge and Roll","Rupture"],"picked":"SKIP","floor":25},{"not_picked":["Twin Strike+1","Intimidate","Jack Of All Trades"],"picked":"SKIP","floor":28}],"player_experience":659469,"relics_obtained":[{"floor":6,"key":"FossilizedHelix"},{"floor":9,"key":"Art of War"},{"floor":13,"key":"Omamori"},{"floor":24,"key":"Oddly Smooth Stone"},{"floor":26,"key":"Bag of Marbles"}],"event_choices":[{"damage_healed":0,"gold_gain":0,"player_choice":"Leave","damage_taken":0,"max_hp_gain":0,"max_hp_loss":0,"event_name":"The Cleric","floor":2,"gold_loss":0},{"damage_healed":0,"gold_gain":0,"player_choice":"Grow","damage_taken":0,"max_hp_gain":0,"max_hp_loss":0,"event_name":"Living Wall","floor":3,"gold_loss":0,"cards_upgraded":["Bash"]},{"damage_healed":0,"gold_gain":80,"player_choice":"Gained Gold","damage_taken":0,"max_hp_gain":0,"max_hp_loss":0,"event_name":"Golden Wing","floor":4,"gold_loss":0},{"damage_healed":0,"gold_gain":0,"player_choice":"Fight","damage_taken":0,"max_hp_gain":0,"max_hp_loss":0,"event_name":"Colosseum","floor":19,"gold_loss":0},{"damage_healed":0,"gold_gain":0,"player_choice":"Fled From Nobs","damage_taken":0,"max_hp_gain":0,"max_hp_loss":0,"event_name":"Colosseum","floor":19,"gold_loss":0},{"damage_healed":0,"gold_gain":0,"player_choice":"Ignored","damage_taken":0,"max_hp_gain":0,"max_hp_loss":0,"event_name":"Purifier","floor":20,"gold_loss":0}],"is_beta":true,"boss_relics":[{"not_picked":["Busted Crown","Black Blood"],"picked":"Sozu"}],"items_purged_floors":[],"is_endless":false,"potions_floor_spawned":[6,7,12,16,25,28],"killed_by":"Gremlin Leader","ascension_level":0}