{"gold_per_floor":[114,114,114,127,49,49,83,94,94,94,19,19,19,0,0,97,97,115,115,129,91,110,110,126,126,126,126,136,84,112,112,112,112],"floor_reached":33,"playtime":1174,"items_purged":["Parasite"],"score":261,"play_id":"71e68731-b6f6-450e-9fb7-b3cf6ebe6850","local_time":"20190326205054","is_ascension_mode":false,"campfire_choices":[{"data":"Regret","floor":6,"key":"PURGE"},{"data":"Shrug It Off","floor":13,"key":"SMITH"},{"data":"Clumsy","floor":15,"key":"PURGE"},{"floor":23,"key":"REST"},{"floor":25,"key":"REST"},{"floor":27,"key":"REST"},{"data":"Heavy Blade","floor":32,"key":"SMITH"}],"neow_cost":"CURSE","seed_source_timestamp":159168310986072,"circlet_count":0,"master_deck":["Strike_R","Strike_R","Strike_R","Strike_R+1","Strike_R","Defend_R","Defend_R","Defend_R","Defend_R","Bash+1","Shrug It Off+1","Disarm","Demon Form","Offering+1","Dropkick","Shrug It Off+1","Heavy Blade+1"],"relics":["Burning Blood","Peace Pipe","Ornamental Fan","Charon\u0027s Ashes","Toxic Egg 2","Busted Crown","Pantograph","Letter Opener"],"potions_floor_usage":[7,14,24,28],"damage_taken":[{"damage":6,"enemies":"Jaw Worm","floor":1,"turns":3},{"damage":0,"enemies":"2 Louse","floor":4,"turns":2},{"damage":24,"enemies":"Gremlin Nob","floor":7,"turns":5},{"damage":5,"enemies":"Small Slimes","floor":8,"turns":4},{"damage":3,"enemies":"Looter","floor":14,"turns":4},{"damage":45,"enemies":"Slime Boss","floor":16,"turns":10},{"damage":23,"enemies":"2 Thieves","floor":18,"turns":5},{"damage":19,"enemies":"3 Byrds","floor":20,"turns":5},{"damage":19,"enemies":"Snake Plant","floor":22,"turns":4},{"damage":35,"enemies":"3 Cultists","floor":24,"turns":6},{"damage":6,"enemies":"Chosen and Byrds","floor":28,"turns":6},{"damage":44,"enemies":"Slavers","floor":30,"turns":6},{"damage":77,"enemies":"Collector","floor":33,"turns":8}],"seed_played":"-7286032704012500465","potions_obtained":[{"floor":4,"key":"FearPotion"},{"floor":8,"key":"PowerPotion"},{"floor":18,"key":"SteroidPotion"},{"floor":24,"key":"Energy Potion"}],"is_trial":false,"path_per_floor":["M","?","?","M","$","R","E","M","T","?","$","T","R","M","R","B",null,"M","$","M","$","M","R","M","R","T","R","M","$","E","?","R","B"],"character_chosen":"IRONCLAD","items_purchased":["Disarm","Dropkick","Shrug It Off+1"],"campfire_rested":3,"item_purchase_floors":[5,21,29],"current_hp_per_floor":[80,64,64,70,70,70,52,53,53,73,73,73,73,76,76,37,77,60,60,47,47,34,57,28,51,51,74,74,74,36,61,61,0],"gold":112,"neow_bonus":"ONE_RARE_RELIC","is_prod":false,"is_daily":false,"chose_seed":false,"campfire_upgraded":2,"win_rate":0,"timestamp":1553642454,"path_taken":["M","?","?","M","?","R","E","M","T","?","$","?","R","M","R","BOSS","M","$","M","$","M","R","M","R","T","R","M","$","E","?","R","BOSS"],"build_version":"2019-03-15","purchased_purges":1,"victory":false,"max_hp_per_floor":[80,80,80,80,80,80,80,80,80,80,77,77,77,77,77,77,77,77,77,77,77,77,77,77,77,77,77,77,77,77,77,77,77],"card_choices":[{"not_picked":["Warcry","Twin Strike","Armaments"],"picked":"SKIP","floor":1},{"not_picked":["Sword Boomerang","Searing Blow"],"picked":"Shrug It Off","floor":4},{"not_picked":["Pommel Strike","Wild Strike"],"picked":"Demon Form","floor":7},{"not_picked":["Heavy Blade","Thunderclap","Body Slam"],"picked":"SKIP","floor":8},{"not_picked":["Bloodletting+1","Armaments+1","Flex+1"],"picked":"SKIP","floor":14},{"not_picked":["Juggernaut","Demon Form"],"picked":"Offering+1","floor":16},{"not_picked":["Body Slam"],"picked":"SKIP","floor":18},{"not_picked":["Twin Strike"],"picked":"SKIP","floor":20},{"not_picked":["Warcry+1"],"picked":"SKIP","floor":22},{"not_picked":["Anger"],"picked":"SKIP","floor":24},{"not_picked":["Anger"],"picked":"SKIP","floor":28},{"not_picked":[],"picked":"Heavy Blade","floor":30}],"player_experience":777511,"relics_obtained":[{"floor":7,"key":"Charon\u0027s Ashes"},{"floor":12,"key":"Toxic Egg 2"},{"floor":26,"key":"Pantograph"},{"floor":30,"key":"Letter Opener"}],"event_choices":[{"damage_healed":0,"gold_gain":0,"player_choice":"Entered Light","damage_taken":16,"max_hp_gain":0,"max_hp_loss":0,"event_name":"Shining Light","floor":2,"gold_loss":0,"cards_upgraded":["Strike_R","Bash"]},{"damage_healed":0,"gold_gain":0,"player_choice":"Box","damage_taken":0,"relics_obtained":["Ornamental Fan"],"max_hp_gain":0,"max_hp_loss":0,"event_name":"Big Fish","floor":3,"gold_loss":0,"cards_obtained":["Regret"]},{"damage_healed":20,"gold_gain":0,"player_choice":"Healed and dodged fight","damage_taken":0,"max_hp_gain":0,"max_hp_loss":0,"event_name":"Mushrooms","floor":10,"gold_loss":0,"cards_obtained":["Parasite"]},{"damage_healed":25,"gold_gain":0,"player_choice":"Heal","damage_taken":0,"max_hp_gain":0,"max_hp_loss":0,"event_name":"The Library","floor":31,"gold_loss":0}],"is_beta":true,"boss_relics":[{"not_picked":["Lizard Tail","Sozu"],"picked":"Busted Crown"}],"items_purged_floors":[11],"is_endless":false,"potions_floor_spawned":[4,8,18,24],"killed_by":"Collector","ascension_level":0}