{"gold_per_floor":[114,129,129,59,59,74,74,89,139,61,61,76,91,106,106,206,206,221,136,151,1,16,16,16,16,16,31,46,46,61,76,76,176,176,191,210,210,210,210,210,210,225,225,39,39,39,69,29,29,29],"floor_reached":50,"playtime":2353,"items_purged":[],"score":662,"play_id":"f64e5fad-8065-4ba3-9583-ff473c9073e7","local_time":"20180902093713","daily_mods":["Diverse","Terminal","Hoarder"],"is_ascension_mode":false,"campfire_choices":[{"data":"Accuracy","floor":7,"key":"SMITH"},{"data":"Accuracy","floor":11,"key":"SMITH"},{"data":"Accuracy","floor":15,"key":"SMITH"},{"data":"Blade Dance","floor":23,"key":"SMITH"},{"data":"Blade Dance","floor":25,"key":"SMITH"},{"data":"Blade Dance","floor":29,"key":"SMITH"},{"data":"Blade Dance","floor":32,"key":"SMITH"},{"data":"Inflame","floor":40,"key":"SMITH"},{"data":"Mind Blast","floor":46,"key":"SMITH"},{"data":"Mind Blast","floor":49,"key":"SMITH"}],"neow_cost":"","seed_source_timestamp":0,"circlet_count":0,"master_deck":["Defend_G","Defend_G","Defend_G","Defend_G","Defend_G","Strike_G","Strike_G","Strike_G","Strike_G","Strike_G","Survivor","Neutralize","Dagger Spray","Dagger Spray","Dagger Spray","Blade Dance+1","Blade Dance+1","Blade Dance+1","Accuracy+1","Accuracy+1","Accuracy+1","Cloak And Dagger","Cloak And Dagger","Cloak And Dagger","Beam Cell","Beam Cell","Beam Cell","Metallicize","Metallicize","Metallicize","Self Repair","Self Repair","Self Repair","Blade Dance+1","Blade Dance+1","Blade Dance","Burst","Burst","Burst","Infinite Blades+1","Infinite Blades+1","Infinite Blades+1","Backstab+1","Backstab+1","Backstab+1","Caltrops+1","Caltrops+1","Caltrops+1","Outmaneuver+1","Outmaneuver+1","Outmaneuver+1","Inflame+1","Inflame","Inflame","Madness","Madness","Madness","Madness","Madness","Madness","Mind Blast+1","Mind Blast+1","Mind Blast","Escape Plan","Escape Plan","Auto Shields","Auto Shields","Auto Shields","Darkness","Darkness","Darkness","Warcry","Warcry","Warcry","Feel No Pain+1","Feel No Pain+1","Feel No Pain+1"],"special_seed":17776,"relics":["Ring of the Snake","Bronze Scales","WristBlade","Dodecahedron","Juzu Bracelet","Ornamental Fan","Orrery","Thread and Needle","Shuriken","Bag of Marbles","Frozen Egg 2"],"potions_floor_usage":[30,30,47,50,50],"damage_taken":[{"damage":0,"enemies":"Small Slimes","floor":1,"turns":5},{"damage":0,"enemies":"2 Louse","floor":2,"turns":1},{"damage":0,"enemies":"Cultist","floor":6,"turns":3},{"damage":0,"enemies":"Blue Slaver","floor":8,"turns":3},{"damage":2,"enemies":"2 Fungi Beasts","floor":12,"turns":3},{"damage":0,"enemies":"Lots of Slimes","floor":13,"turns":3},{"damage":0,"enemies":"Gremlin Gang","floor":14,"turns":2},{"damage":21,"enemies":"Hexaghost","floor":16,"turns":7},{"damage":16,"enemies":"Shell Parasite","floor":18,"turns":3},{"damage":2,"enemies":"Chosen","floor":20,"turns":3},{"damage":0,"enemies":"Centurion and Healer","floor":22,"turns":4},{"damage":0,"enemies":"Snecko","floor":27,"turns":3},{"damage":13,"enemies":"Snake Plant","floor":28,"turns":3},{"damage":0,"enemies":"Shelled Parasite and Fungi","floor":30,"turns":3},{"damage":0,"enemies":"Centurion and Healer","floor":31,"turns":5},{"damage":0,"enemies":"Collector","floor":33,"turns":4},{"damage":1,"enemies":"Orb Walker","floor":35,"turns":2},{"damage":2,"enemies":"Mysterious Sphere","floor":36,"turns":7},{"damage":3,"enemies":"3 Shapes","floor":42,"turns":1},{"damage":0,"enemies":"Giant Head","floor":47,"turns":2},{"damage":28,"enemies":"Time Eater","floor":50,"turns":5}],"seed_played":"7770520436414535672","potions_obtained":[{"floor":2,"key":"SteroidPotion"},{"floor":13,"key":"Block Potion"},{"floor":16,"key":"Energy Potion"},{"floor":30,"key":"Ancient Potion"},{"floor":31,"key":"GhostInAJar"}],"is_trial":false,"path_per_floor":["M","M","?","$","?","M","R","M","T","$","R","M","M","M","R","B",null,"M","?","M","$","M","R","?","R","T","M","M","R","M","M","R","B",null,"M","?","?","?","$","R","?","M","T","$","?","R","E","$","R"],"character_chosen":"THE_SILENT","items_purchased":["Accuracy","Metallicize","Juzu Bracelet","Auto Shields","Bag of Marbles","Feel No Pain+1"],"campfire_rested":0,"item_purchase_floors":[4,10,21,44,44,48],"current_hp_per_floor":[68,67,66,65,69,68,67,66,65,64,63,61,61,60,59,45,57,55,55,54,53,52,51,50,49,48,47,41,41,41,43,42,41,40,39,38,37,32,32,32,32,29,29,29,29,28,27,26,25,0],"gold":29,"neow_bonus":"","is_prod":false,"is_daily":true,"chose_seed":false,"campfire_upgraded":10,"win_rate":0,"timestamp":1535877433,"path_taken":["M","M","?","?","?","M","R","?","T","$","R","M","M","M","R","BOSS","M","?","M","$","M","R","?","R","T","M","M","R","M","M","R","BOSS","M","?","?","?","$","R","?","M","T","$","?","R","E","?","R","BOSS"],"build_version":"2018-08-30","purchased_purges":0,"victory":false,"max_hp_per_floor":[68,67,66,65,69,68,67,66,65,64,63,62,61,60,59,58,57,56,55,54,53,52,51,50,49,48,47,46,45,44,43,42,41,40,39,38,37,36,35,34,33,32,31,30,29,28,27,26,25,25],"card_choices":[{"not_picked":["Rupture","Clash"],"picked":"Dagger Spray","floor":1},{"not_picked":["Chaos","Sucker Punch"],"picked":"Blade Dance","floor":2},{"not_picked":["Force Field","Clothesline"],"picked":"Cloak And Dagger","floor":6},{"not_picked":["True Grit","Tactician"],"picked":"Beam Cell","floor":8},{"not_picked":["Cloak And Dagger","Melter"],"picked":"Self Repair","floor":12},{"not_picked":["Twin Strike","Rip and Tear","Flechettes"],"picked":"SKIP","floor":13},{"not_picked":["Eviscerate","Bane"],"picked":"Blade Dance","floor":14},{"not_picked":["Amplify","Fission"],"picked":"Burst","floor":16},{"not_picked":["Hello World","Iron Wave"],"picked":"Infinite Blades+1","floor":18},{"not_picked":["Cleave+1","Tempest+1","Dodge and Roll"],"picked":"SKIP","floor":20},{"not_picked":["Wild Strike+1","Redo","Carnage+1"],"picked":"SKIP","floor":22},{"not_picked":["Endless Agony","Poisoned Stab","Cold Snap+1"],"picked":"SKIP","floor":27},{"not_picked":["Cold Snap","Stack+1","BootSequence"],"picked":"SKIP","floor":28},{"not_picked":["Bane","Havoc+1","Clothesline+1"],"picked":"SKIP","floor":30},{"not_picked":["Shrug It Off","Flechettes"],"picked":"Backstab+1","floor":31},{"not_picked":["Body Slam","PiercingWail"],"picked":"Caltrops+1","floor":34},{"not_picked":["Battle Trance","Flying Knee+1"],"picked":"Outmaneuver+1","floor":35},{"not_picked":["Darkness","Chill"],"picked":"Inflame","floor":36},{"not_picked":["Panache","Dark Shackles"],"picked":"Mind Blast","floor":41},{"not_picked":["Heel Hook","Redo"],"picked":"Escape Plan","floor":42},{"not_picked":["Wild Strike","Heel Hook+1"],"picked":"Warcry","floor":47}],"player_experience":484698,"relics_obtained":[{"floor":9,"key":"Bronze Scales"},{"floor":26,"key":"Ornamental Fan"},{"floor":36,"key":"Thread and Needle"},{"floor":43,"key":"Shuriken"},{"floor":47,"key":"Frozen Egg 2"}],"event_choices":[{"event_name":"Golden Wing","player_choice":"Ignored","floor":3,"damage_taken":0},{"event_name":"Big Fish","player_choice":"Donut","floor":5,"damage_taken":0},{"event_name":"Addict","player_choice":"Obtained Relic","floor":19,"damage_taken":0},{"event_name":"Accursed Blacksmith","player_choice":"Forge","floor":24,"damage_taken":0},{"event_name":"Mysterious Sphere","player_choice":"Fight","floor":36,"damage_taken":0},{"event_name":"Tomb of Lord Red Mask","player_choice":"Ignored","floor":37,"damage_taken":0},{"event_name":"Winding Halls","player_choice":"Embrace Madness","floor":38,"damage_taken":0},{"event_name":"SensoryStone","player_choice":"Memory 1","floor":41,"damage_taken":0},{"event_name":"Transmorgrifier","player_choice":"Transform","floor":45,"damage_taken":0}],"is_beta":false,"boss_relics":[{"not_picked":["Cursed Key","Velvet Choker"],"picked":"WristBlade"},{"not_picked":["HoveringKite","Fusion Hammer"],"picked":"Orrery"}],"items_purged_floors":[],"is_endless":false,"potions_floor_spawned":[2,13,16,22,28,30,31,33,36],"killed_by":"Time Eater","ascension_level":0}