{"gold_per_floor":[114,189,204,204,219,219,234,234,259,289,304,2,17,32,32,132,132,147,162,177,177,192,192,68,83,83,83,83,83,113,140,152,264,276,303,330,357,195,210,240,240,255,255,255,255,0,50,65,65,65],"floor_reached":51,"playtime":3410,"items_purged":["Decay","Doubt","Normality"],"score":928,"play_id":"0a9a6302-7aa6-4c11-aaff-202d482cbf84","local_time":"20180901201741","daily_mods":["Shiny","Cursed Run","Uncertain Future"],"is_ascension_mode":false,"campfire_choices":[{"data":"Barricade","floor":6,"key":"SMITH"},{"data":"Berserk","floor":8,"key":"SMITH"},{"floor":15,"key":"REST"},{"data":"Limit Break","floor":23,"key":"SMITH"},{"data":"1","floor":29,"key":"LIFT"},{"data":"Exhume","floor":32,"key":"SMITH"},{"data":"2","floor":41,"key":"LIFT"},{"data":"3","floor":45,"key":"LIFT"},{"data":"Offering","floor":49,"key":"SMITH"}],"neow_cost":"","seed_source_timestamp":0,"circlet_count":0,"master_deck":["Double Tap","Demon Form+1","Bludgeon","Feed","Limit Break+1","Barricade+1","Fiend Fire","Dark Embrace","Berserk+1","Impervious","Juggernaut","Brutality","Reaper","Exhume+1","Offering+1","Immolate","Body Slam","Flex+1","Flex+1","Rupture","Pommel Strike","Intimidate+1","Ghostly Armor+1","Heavy Blade","Limit Break+1","Iron Wave+1","Burning Pact+1","Shockwave+1","Feel No Pain","Shrug It Off+1","Regret","Cleave+1","Rupture+1","Decay","Impervious+1","Shame","Parasite","Heavy Blade","Cleave","Flex+1","Rupture","Uppercut+1","Double Tap+1","Doubt","Limit Break+1","Writhe","Metallicize","Regret"],"special_seed":17775,"relics":["Cursed Key","Darkstone Periapt","Du-Vu Doll","Toxic Egg 2","Oddly Smooth Stone","Ornamental Fan","Vajra","Runic Cube","Orichalcum","Girya","MawBank","Calling Bell","Art of War","Pear","Torii","Boot","Smiling Mask","Red Mask","Lantern"],"potions_floor_usage":[7,13,40],"damage_taken":[{"damage":0,"enemies":"Jaw Worm","floor":1,"turns":2},{"damage":6,"enemies":"2 Louse","floor":3,"turns":1},{"damage":0,"enemies":"Cultist","floor":5,"turns":3},{"damage":9,"enemies":"Large Slime","floor":7,"turns":4},{"damage":24,"enemies":"Lagavulin","floor":10,"turns":3},{"damage":0,"enemies":"3 Louse","floor":11,"turns":1},{"damage":16,"enemies":"Looter","floor":13,"turns":4},{"damage":20,"enemies":"Exordium Wildlife","floor":14,"turns":4},{"damage":6,"enemies":"Slime Boss","floor":16,"turns":5},{"damage":21,"enemies":"3 Byrds","floor":18,"turns":4},{"damage":24,"enemies":"Shell Parasite","floor":19,"turns":7},{"damage":15,"enemies":"Centurion and Healer","floor":20,"turns":6},{"damage":6,"enemies":"3 Cultists","floor":22,"turns":3},{"damage":16,"enemies":"Cultist and Chosen","floor":25,"turns":5},{"damage":46,"enemies":"Book of Stabbing","floor":30,"turns":5},{"damage":7,"enemies":"Shelled Parasite and Fungi","floor":31,"turns":3},{"damage":29,"enemies":"Automaton","floor":33,"turns":5},{"damage":17,"enemies":"Orb Walker","floor":35,"turns":2},{"damage":80,"enemies":"3 Darklings","floor":36,"turns":8},{"damage":16,"enemies":"4 Shapes","floor":37,"turns":4},{"damage":37,"enemies":"Transient","floor":39,"turns":5},{"damage":35,"enemies":"Nemesis","floor":40,"turns":7},{"damage":10,"enemies":"Reptomancer","floor":42,"turns":2},{"damage":20,"enemies":"Spire Growth","floor":48,"turns":3},{"damage":35,"enemies":"Time Eater","floor":50,"turns":8}],"seed_played":"7006954628493323479","potions_obtained":[{"floor":1,"key":"SkillPotion"},{"floor":11,"key":"SkillPotion"},{"floor":14,"key":"SpeedPotion"},{"floor":19,"key":"FearPotion"},{"floor":22,"key":"GamblersBrew"},{"floor":42,"key":"SteroidPotion"}],"is_trial":false,"path_per_floor":["M","?","M","?","M","R","M","R","T","E","M","$","M","M","R","B",null,"M","M","M","?","M","R","$","M","T","?","?","R","E","M","R","B",null,"M","M","M","$","M","E","R","M","T","?","R","?","T","M","R","B"],"character_chosen":"IRONCLAD","items_purchased":["Vajra","Intimidate+1","Shrug It Off+1","Flex+1"],"campfire_rested":1,"item_purchase_floors":[12,12,24,38],"current_hp_per_floor":[80,69,63,60,62,62,74,74,80,57,57,57,44,39,67,67,101,101,97,101,101,101,101,101,85,91,75,75,75,66,84,84,61,144,138,101,85,85,76,144,144,134,140,140,140,140,146,156,156,127],"gold":65,"neow_bonus":"","is_prod":false,"is_daily":true,"chose_seed":false,"campfire_upgraded":5,"win_rate":0,"timestamp":1535829461,"path_taken":["M","?","M","?","?","R","M","R","T","E","M","$","M","M","R","BOSS","M","M","M","?","M","R","$","M","T","?","?","R","E","M","R","BOSS","M","M","M","$","M","E","R","M","T","?","R","?","?","M","R","BOSS"],"build_version":"2018-08-30","purchased_purges":3,"victory":true,"max_hp_per_floor":[80,80,80,80,80,80,83,83,89,89,89,89,92,95,95,101,101,101,101,101,101,101,101,101,101,107,107,107,107,110,110,110,116,144,144,144,144,144,144,144,144,144,150,150,150,150,156,156,156,162],"card_choices":[{"not_picked":["Hemokinesis","True Grit","Havoc"],"picked":"SKIP","floor":1},{"not_picked":["Wild Strike","True Grit"],"picked":"Body Slam","floor":3},{"not_picked":["Perfected Strike","Sword Boomerang"],"picked":"Flex+1","floor":5},{"not_picked":["Dark Embrace","Sentinel+1"],"picked":"Flex+1","floor":7},{"not_picked":["Fiend Fire","Perfected Strike"],"picked":"Rupture","floor":10},{"not_picked":["Clothesline","Sword Boomerang"],"picked":"Pommel Strike","floor":11},{"not_picked":["Warcry+1","Wild Strike"],"picked":"Ghostly Armor+1","floor":13},{"not_picked":["Flame Barrier+1","Intimidate+1"],"picked":"Heavy Blade","floor":14},{"not_picked":["Demon Form","Bludgeon"],"picked":"Limit Break+1","floor":16},{"not_picked":["Clothesline","Thunderclap"],"picked":"Iron Wave+1","floor":18},{"not_picked":["Pommel Strike","Anger+1"],"picked":"Burning Pact+1","floor":19},{"not_picked":["True Grit+1","Pommel Strike"],"picked":"Shockwave+1","floor":20},{"not_picked":["Clash","Uppercut"],"picked":"Feel No Pain","floor":22},{"not_picked":["Pommel Strike","Combust","Anger"],"picked":"SKIP","floor":25},{"not_picked":["Fiend Fire","Inflame"],"picked":"Cleave+1","floor":30},{"not_picked":["Rage+1","Sword Boomerang"],"picked":"Rupture+1","floor":31},{"not_picked":["Demon Form","Feed"],"picked":"Impervious+1","floor":33},{"not_picked":["Sever Soul","Thunderclap","Anger"],"picked":"SKIP","floor":35},{"not_picked":["Armaments+1","Body Slam"],"picked":"Heavy Blade","floor":36},{"not_picked":["Warcry+1","Perfected Strike"],"picked":"Cleave","floor":37},{"not_picked":["Clothesline","Disarm+1"],"picked":"Rupture","floor":39},{"not_picked":["Headbutt","Sword Boomerang"],"picked":"Uppercut+1","floor":40},{"not_picked":["Havoc+1","Cleave"],"picked":"Double Tap+1","floor":42},{"not_picked":["Flame Barrier+1","Headbutt+1"],"picked":"Metallicize","floor":48}],"player_experience":478895,"relics_obtained":[{"floor":9,"key":"Oddly Smooth Stone"},{"floor":10,"key":"Ornamental Fan"},{"floor":26,"key":"Girya"},{"floor":30,"key":"MawBank"},{"floor":34,"key":"Art of War"},{"floor":34,"key":"Pear"},{"floor":34,"key":"Torii"},{"floor":40,"key":"Boot"},{"floor":43,"key":"Smiling Mask"},{"floor":47,"key":"Lantern"}],"event_choices":[{"event_name":"World of Goop","player_choice":"Gather Gold","floor":2,"damage_taken":0},{"event_name":"Scrap Ooze","player_choice":"success","floor":4,"damage_taken":3},{"event_name":"The Mausoleum","player_choice":"Yes","floor":21,"damage_taken":0},{"event_name":"Cursed Tome","player_choice":"Obtained Book","floor":27,"damage_taken":0},{"event_name":"Accursed Blacksmith","player_choice":"Forge","floor":28,"damage_taken":0},{"event_name":"Duplicator","player_choice":"One dupe","floor":44,"damage_taken":0},{"event_name":"Tomb of Lord Red Mask","player_choice":"Paid","floor":46,"damage_taken":0}],"is_beta":false,"boss_relics":[{"not_picked":["Runic Dome","Astrolabe"],"picked":"Runic Cube"},{"not_picked":["Lizard Tail","Empty Cage"],"picked":"Calling Bell"}],"items_purged_floors":[12,24,38],"is_endless":false,"potions_floor_spawned":[1,11,14,19,22,30,33,37,42],"ascension_level":0}