{"gold_per_floor":[113,113,130,130,144,144,162,181,181,181,225,240,210,235,235,330,330,330],"floor_reached":18,"playtime":1872,"items_purged":[],"score":294,"play_id":"7eef3724-c94e-47e4-9327-f38cfcbd5ecb","local_time":"20190324110658","is_ascension_mode":true,"campfire_choices":[{"data":"Hemokinesis","floor":6,"key":"SMITH"},{"data":"Armaments","floor":15,"key":"SMITH"}],"neow_cost":"NONE","seed_source_timestamp":2410920020564,"circlet_count":0,"master_deck":["AscendersBane","Strike_R","Strike_R","Defend_R","Defend_R","Defend_R","Defend_R","Bash","Hemokinesis+1","Disarm","Iron Wave","True Grit","Iron Wave","Rupture","Armaments+1","Feed","Fiend Fire+1","Ghostly Armor+1","Power Through+1"],"relics":["Burning Blood","Art of War","Golden Idol","Bottled Flame","Spirit Poop","Mango","Astrolabe"],"potions_floor_usage":[5,11,14,16],"damage_taken":[{"damage":7,"enemies":"Small Slimes","floor":1,"turns":5},{"damage":3,"enemies":"2 Louse","floor":3,"turns":3},{"damage":3,"enemies":"Jaw Worm","floor":5,"turns":1},{"damage":13,"enemies":"Blue Slaver","floor":7,"turns":5},{"damage":24,"enemies":"Lots of Slimes","floor":8,"turns":7},{"damage":17,"enemies":"3 Sentries","floor":11,"turns":9},{"damage":7,"enemies":"Red Slaver","floor":12,"turns":6},{"damage":22,"enemies":"Exordium Wildlife","floor":14,"turns":5},{"damage":11,"enemies":"The Guardian","floor":16,"turns":14},{"damage":20,"enemies":"Shell Parasite","floor":18,"turns":16}],"seed_played":"8973111268044406650","potions_obtained":[{"floor":1,"key":"Fire Potion"},{"floor":5,"key":"EssenceOfSteel"},{"floor":12,"key":"BloodPotion"},{"floor":13,"key":"FearPotion"}],"is_trial":false,"path_per_floor":["M","?","M","?","M","R","M","M","T","?","E","M","?","M","R","B",null,"M"],"character_chosen":"IRONCLAD","items_purchased":[],"campfire_rested":0,"item_purchase_floors":[],"current_hp_per_floor":[67,67,70,44,47,47,40,22,22,22,25,24,24,16,16,11,70,50],"gold":330,"neow_bonus":"TRANSFORM_CARD","is_prod":false,"is_daily":false,"chose_seed":false,"campfire_upgraded":2,"win_rate":0,"timestamp":1553422018,"path_taken":["M","?","M","?","?","R","M","M","T","?","E","?","?","M","R","BOSS","M"],"build_version":"2019-01-23","purchased_purges":0,"victory":false,"max_hp_per_floor":[75,75,75,75,75,75,75,75,75,75,89,89,89,89,89,89,89,89],"card_choices":[{"not_picked":["Armaments","Shockwave"],"picked":"Disarm","floor":1},{"not_picked":["Perfected Strike","Dual Wield","Warcry"],"picked":"SKIP","floor":3},{"not_picked":["Perfected Strike","Dual Wield","Warcry"],"picked":"SKIP","floor":3},{"not_picked":["Fire Breathing","Havoc"],"picked":"Iron Wave","floor":5},{"not_picked":["Seeing Red","Iron Wave"],"picked":"True Grit","floor":7},{"not_picked":["Clash","Havoc"],"picked":"Iron Wave","floor":8},{"not_picked":["Wild Strike","Bludgeon"],"picked":"Second Wind","floor":11},{"not_picked":["Iron Wave","Sever Soul"],"picked":"Rupture","floor":12},{"not_picked":["Clothesline","Combust"],"picked":"Armaments","floor":14},{"not_picked":["Brutality","Dark Embrace"],"picked":"Feed","floor":16}],"player_experience":747414,"relics_obtained":[{"floor":9,"key":"Bottled Flame"},{"floor":11,"key":"Mango"}],"event_choices":[{"damage_healed":0,"gold_gain":0,"player_choice":"Box","damage_taken":0,"relics_obtained":["Art of War"],"max_hp_gain":0,"max_hp_loss":0,"event_name":"Big Fish","floor":2,"gold_loss":0,"cards_obtained":["Regret"]},{"damage_healed":0,"gold_gain":0,"player_choice":"Take Damage","damage_taken":26,"relics_obtained":["Golden Idol"],"max_hp_gain":0,"max_hp_loss":0,"event_name":"Golden Idol","floor":4,"gold_loss":0},{"cards_removed":["Regret"],"damage_healed":0,"gold_gain":0,"player_choice":"Offered Curse","damage_taken":0,"relics_obtained":["Spirit Poop"],"max_hp_gain":0,"max_hp_loss":0,"event_name":"Bonfire Elementals","floor":10,"gold_loss":0},{"damage_healed":0,"gold_gain":0,"player_choice":"Bought 2 Potions","damage_taken":0,"max_hp_gain":0,"max_hp_loss":0,"event_name":"The Woman in Blue","floor":13,"gold_loss":0}],"is_beta":false,"boss_relics":[{"not_picked":["Empty Cage","Sozu"],"picked":"Astrolabe"}],"items_purged_floors":[],"is_endless":false,"potions_floor_spawned":[1,5,12],"killed_by":"Shell Parasite","ascension_level":16}