{"gold_per_floor":[111,127,141,141,89,104,123,149,174,132,132,159,159,176,176,271,271,285,268,284,303,322,322,147,175,175,193,213,213],"floor_reached":29,"playtime":5746,"items_purged":[],"score":261,"play_id":"b8575360-8d10-4a49-b5c0-ec6141186769","local_time":"20180712223739","is_ascension_mode":false,"campfire_choices":[{"data":"Anger","floor":11,"key":"SMITH"},{"floor":13,"key":"REST"},{"data":"Demon Form","floor":15,"key":"SMITH"},{"floor":23,"key":"REST"}],"neow_cost":"","seed_source_timestamp":1121165973532163,"circlet_count":0,"master_deck":["Strike_R","Strike_R","Strike_R+1","Strike_R","Strike_R+1","Defend_R","Defend_R","Defend_R","Defend_R","Bash","Intimidate","Shrug It Off","Pommel Strike","Anger+1","Dropkick","Rage","Infernal Blade","Metallicize","Demon Form+1","Juggernaut","Anger","Flex","Power Through","Warcry","Thunderclap","Reaper","Perfected Strike","Disarm","Perfected Strike+1","Anger+1"],"relics":["Burning Blood","Regal Pillow","Bag of Preparation","Bronze Scales","Black Star","Blood Vial","Potion Belt","Bottled Flame"],"potions_floor_usage":[12,16,25,25,28],"damage_taken":[{"damage":3,"enemies":"Small Slimes","floor":1,"turns":4},{"damage":6,"enemies":"Jaw Worm","floor":2,"turns":5},{"damage":0,"enemies":"2 Louse","floor":3,"turns":3},{"damage":12,"enemies":"Large Slime","floor":6,"turns":6},{"damage":1,"enemies":"3 Louse","floor":7,"turns":5},{"damage":19,"enemies":"Lagavulin","floor":8,"turns":6},{"damage":27,"enemies":"Gremlin Nob","floor":12,"turns":4},{"damage":1,"enemies":"Looter","floor":14,"turns":2},{"damage":30,"enemies":"The Guardian","floor":16,"turns":7},{"damage":1,"enemies":"3 Byrds","floor":18,"turns":3},{"damage":12,"enemies":"2 Thieves","floor":19,"turns":4},{"damage":35,"enemies":"Chosen and Byrds","floor":20,"turns":6},{"damage":19,"enemies":"Cultist and Chosen","floor":21,"turns":7},{"damage":32,"enemies":"Slaver and Parasite","floor":22,"turns":7},{"damage":26,"enemies":"Book of Stabbing","floor":25,"turns":7},{"damage":33,"enemies":"3 Cultists","floor":27,"turns":7},{"damage":36,"enemies":"Centurion and Healer","floor":28,"turns":8},{"damage":22,"enemies":"Slaver and Parasite","floor":29,"turns":1}],"seed_played":"6615540484711043484","potions_obtained":[{"floor":1,"key":"AttackPotion"},{"floor":2,"key":"Swift Potion"},{"floor":12,"key":"Poison Potion"},{"floor":16,"key":"SpeedPotion"},{"floor":20,"key":"FairyPotion"},{"floor":22,"key":"SkillPotion"},{"floor":27,"key":"Energy Potion"}],"is_trial":false,"path_per_floor":["M","M","M","?","$","M","M","E","T","?","R","E","R","M","R","B",null,"M","M","M","M","M","R","$","E","T","M","M"],"character_chosen":"IRONCLAD","items_purchased":["Anger","Reaper","Perfected Strike"],"campfire_rested":2,"item_purchase_floors":[5,24,24],"current_hp_per_floor":[80,80,80,64,64,58,63,50,50,50,50,29,68,73,73,49,80,80,74,45,32,14,53,53,33,33,22,18,0],"gold":213,"neow_bonus":"","is_prod":false,"is_daily":false,"chose_seed":false,"campfire_upgraded":2,"win_rate":0.0,"timestamp":1531431459,"path_taken":["M","M","M","?","$","M","M","E","T","?","R","E","R","M","R","BOSS","M","M","M","M","M","R","$","E","T","M","M","M"],"build_version":"2018-07-05","purchased_purges":0,"victory":false,"max_hp_per_floor":[80,80,80,80,80,80,80,80,80,80,80,80,80,80,80,80,80,80,80,80,80,80,80,80,80,80,80,80,80],"card_choices":[{"not_picked":["Hemokinesis","Shockwave"],"picked":"Intimidate","floor":1},{"not_picked":["Blood for Blood","Warcry"],"picked":"Shrug It Off","floor":2},{"not_picked":["Warcry","Sword Boomerang"],"picked":"Pommel Strike","floor":3},{"not_picked":["Thunderclap","True Grit"],"picked":"Dropkick","floor":6},{"not_picked":["Iron Wave","Shockwave"],"picked":"Rage","floor":7},{"not_picked":["True Grit","Whirlwind"],"picked":"Infernal Blade","floor":8},{"not_picked":["Clash","Seeing Red"],"picked":"Metallicize","floor":12},{"not_picked":["Sword Boomerang","Metallicize"],"picked":"Demon Form","floor":14},{"not_picked":["Offering","Berserk"],"picked":"Juggernaut","floor":16},{"not_picked":["Feel No Pain","Entrench"],"picked":"Anger","floor":18},{"not_picked":["Body Slam+1","Armaments"],"picked":"Flex","floor":19},{"not_picked":["Twin Strike","Sword Boomerang"],"picked":"Power Through","floor":20},{"not_picked":["Cleave","Clothesline"],"picked":"Warcry","floor":21},{"not_picked":["Twin Strike+1","Whirlwind"],"picked":"Thunderclap","floor":22},{"not_picked":["Combust","Whirlwind"],"picked":"Disarm","floor":25},{"not_picked":["Juggernaut","True Grit+1"],"picked":"Perfected Strike+1","floor":27},{"not_picked":["Second Wind+1","Thunderclap"],"picked":"Anger+1","floor":28}],"player_experience":987,"relics_obtained":[{"floor":8,"key":"Regal Pillow"},{"floor":9,"key":"Bag of Preparation"},{"floor":12,"key":"Bronze Scales"},{"floor":25,"key":"Blood Vial"},{"floor":25,"key":"Potion Belt"},{"floor":26,"key":"Bottled Flame"}],"event_choices":[{"event_name":"Shining Light","player_choice":"Entered Light","floor":4,"damage_taken":0},{"event_name":"World of Goop","player_choice":"Left","floor":10,"damage_taken":0}],"boss_relics":[{"not_picked":["Orrery","Runic Dome"],"picked":"Black Star"}],"items_purged_floors":[],"is_endless":false,"potions_floor_spawned":[1,2,12,16,20,22,27],"killed_by":"Slaver and Parasite","ascension_level":0}