{"gold_per_floor":[110,110,35,35,53,53,53,83,83,93,93,110,110,120,120,120],"floor_reached":16,"playtime":845,"items_purged":["Strike_B"],"score":90,"play_id":"8b7fe6f5-4de9-4f27-aaac-d4ead31d26af","local_time":"20180721113044","is_ascension_mode":false,"campfire_choices":[{"data":"Zap","floor":6,"key":"SMITH"},{"data":"Defend_B","floor":15,"key":"SMITH"}],"neow_cost":"NONE","seed_source_timestamp":1863648340928866,"circlet_count":0,"master_deck":["Strike_B+1","Strike_B","Strike_B+1","Defend_B+1","Defend_B","Defend_B","Defend_B","Zap+1","Dualcast"],"relics":["Cracked Core","Oddly Smooth Stone","Smiling Mask"],"potions_floor_usage":[12,14,16,16],"damage_taken":[{"damage":11,"enemies":"Jaw Worm","floor":1,"turns":3},{"damage":0,"enemies":"Cultist","floor":5,"turns":4},{"damage":0,"enemies":"2 Louse","floor":10,"turns":2},{"damage":1,"enemies":"Gremlin Gang","floor":12,"turns":6},{"damage":0,"enemies":"Looter","floor":14,"turns":4},{"damage":67,"enemies":"Slime Boss","floor":16,"turns":13}],"seed_played":"-8949413671054274909","potions_obtained":[{"floor":12,"key":"SpeedPotion"},{"floor":13,"key":"Dexterity Potion"},{"floor":13,"key":"Regen Potion"}],"is_trial":false,"path_per_floor":["M","?","$","?","M","R","$","?","T","M","?","M","?","M","R"],"character_chosen":"DEFECT","items_purchased":[],"campfire_rested":0,"item_purchase_floors":[],"current_hp_per_floor":[64,61,61,61,61,61,61,61,61,61,46,45,45,45,45,0],"gold":120,"neow_bonus":"THREE_SMALL_POTIONS","is_prod":false,"is_daily":false,"chose_seed":false,"campfire_upgraded":2,"win_rate":0,"timestamp":1532169044,"path_taken":["M","?","$","?","M","R","$","?","T","M","?","M","?","?","R","BOSS"],"build_version":"2018-07-19v2","purchased_purges":1,"victory":false,"max_hp_per_floor":[75,75,75,75,75,75,75,75,75,75,75,75,75,75,75,75],"card_choices":[{"not_picked":["Stack","FTL","Defragment"],"picked":"SKIP","floor":1},{"not_picked":["Fusion","White Noise","Stack"],"picked":"SKIP","floor":5},{"not_picked":["Stack","Turbo","White Noise"],"picked":"SKIP","floor":10},{"not_picked":["Buffer","Hologram","Coolheaded"],"picked":"SKIP","floor":12},{"not_picked":["Leap","Self Repair","Fusion"],"picked":"SKIP","floor":14}],"player_experience":151322,"relics_obtained":[{"floor":9,"key":"Smiling Mask"}],"event_choices":[{"event_name":"Scrap Ooze","player_choice":"success","floor":2,"damage_taken":3},{"event_name":"Golden Idol","player_choice":"Ignored","floor":4,"damage_taken":0},{"event_name":"Dead Adventurer","player_choice":"Searched \u00271\u0027 times","floor":8,"damage_taken":0},{"event_name":"Shining Light","player_choice":"Entered Light","floor":11,"damage_taken":0},{"event_name":"The Lab","player_choice":"Got Potions","floor":13,"damage_taken":0}],"is_beta":false,"boss_relics":[],"items_purged_floors":[3],"is_endless":false,"potions_floor_spawned":[10,12],"killed_by":"Slime Boss","ascension_level":0}