{"gold_per_floor":[211,211,211,223,38,38,51,81,81,81,98,112,112,126,126,230,230,246,219,232,246,44,44,64,64,88,88,0,0,13,27,27,27],"floor_reached":33,"playtime":2311,"items_purged":["Strike_G","Strike_G"],"score":389,"play_id":"a1281f61-4743-4dfe-8694-2f982ce12672","local_time":"20190319190944","is_ascension_mode":true,"campfire_choices":[{"data":"Footwork","floor":6,"key":"SMITH"},{"floor":10,"key":"REST"},{"floor":13,"key":"REST"},{"data":"Neutralize","floor":15,"key":"SMITH"},{"floor":23,"key":"REST"},{"data":"Deadly Poison","floor":27,"key":"SMITH"},{"floor":29,"key":"REST"},{"data":"Catalyst","floor":32,"key":"SMITH"}],"neow_cost":"NONE","seed_source_timestamp":7334304379436,"circlet_count":0,"master_deck":["AscendersBane","Defend_G","Defend_G","Defend_G","Defend_G","Defend_G","Strike_G","Strike_G","Strike_G","Survivor","Neutralize+1","Dodge and Roll+1","Infinite Blades","Leg Sweep","Footwork+1","Dodge and Roll","Doppelganger","Poisoned Stab","Deadly Poison+1","Endless Agony","Tools of the Trade","Quick Slash+1","Dodge and Roll","Footwork+1","Pain","Bouncing Flask","Noxious Fumes","Catalyst+1"],"relics":["Ring of the Snake","Tingsha","Smiling Mask","Ice Cream","Sozu","DollysMirror","WarpedTongs","Anchor"],"potions_floor_usage":[11,20],"damage_taken":[{"damage":0,"enemies":"Small Slimes","floor":1,"turns":4},{"damage":0,"enemies":"2 Louse","floor":4,"turns":4},{"damage":0,"enemies":"Cultist","floor":7,"turns":5},{"damage":32,"enemies":"Gremlin Nob","floor":8,"turns":7},{"damage":38,"enemies":"Gremlin Gang","floor":11,"turns":12},{"damage":4,"enemies":"Large Slime","floor":12,"turns":11},{"damage":0,"enemies":"Red Slaver","floor":14,"turns":4},{"damage":17,"enemies":"The Guardian","floor":16,"turns":13},{"damage":0,"enemies":"Shell Parasite","floor":18,"turns":6},{"damage":20,"enemies":"2 Thieves","floor":19,"turns":5},{"damage":20,"enemies":"Snake Plant","floor":20,"turns":4},{"damage":6,"enemies":"Sentry and Sphere","floor":21,"turns":8},{"damage":1,"enemies":"Snecko","floor":24,"turns":6},{"damage":18,"enemies":"Centurion and Healer","floor":30,"turns":8},{"damage":7,"enemies":"3 Cultists","floor":31,"turns":7},{"damage":35,"enemies":"Collector","floor":33,"turns":6}],"seed_played":"5806206497033370996","potions_obtained":[{"floor":1,"key":"SpeedPotion"},{"floor":8,"key":"Regen Potion"},{"floor":11,"key":"SteroidPotion"},{"floor":12,"key":"SteroidPotion"}],"is_trial":false,"path_per_floor":["M","?","?","M","$","R","M","E","T","R","M","M","R","M","R","B",null,"M","M","M","M","$","R","M","?","T","R","$","R","M","M","R","B"],"character_chosen":"THE_SILENT","items_purchased":["Leg Sweep","Footwork","DollysMirror","Bouncing Flask"],"campfire_rested":4,"item_purchase_floors":[5,5,22,28],"current_hp_per_floor":[63,63,63,63,63,63,63,31,31,52,29,25,46,46,46,29,60,60,40,20,14,14,35,34,34,34,34,34,55,37,30,30,0],"gold":27,"neow_bonus":"HUNDRED_GOLD","is_prod":false,"is_daily":false,"chose_seed":false,"campfire_upgraded":4,"win_rate":0,"timestamp":1553018984,"path_taken":["M","?","?","M","$","R","M","E","T","R","M","M","R","?","R","BOSS","M","?","M","M","$","R","M","?","T","R","$","R","M","M","R","BOSS"],"build_version":"2019-01-23","purchased_purges":2,"victory":false,"max_hp_per_floor":[70,70,70,70,70,70,70,70,70,70,70,70,70,70,70,70,70,70,70,70,70,70,70,70,70,70,70,70,70,70,70,70,70],"card_choices":[{"not_picked":["Catalyst","Terror"],"picked":"Dodge and Roll","floor":1},{"not_picked":["Expertise","Flechettes"],"picked":"Infinite Blades","floor":4},{"not_picked":["Riddle With Holes","PiercingWail"],"picked":"Dodge and Roll","floor":7},{"not_picked":["Slice","Accuracy"],"picked":"Doppelganger","floor":8},{"not_picked":["Eviscerate","Backflip"],"picked":"Poisoned Stab","floor":11},{"not_picked":["Flying Knee","Dagger Throw"],"picked":"Deadly Poison","floor":12},{"not_picked":["Deflect","Quick Slash"],"picked":"Endless Agony","floor":14},{"not_picked":["Die Die Die","Venomology"],"picked":"Tools of the Trade","floor":16},{"not_picked":["Finisher","Riddle With Holes","Bane"],"picked":"SKIP","floor":18},{"not_picked":["Bane","Terror"],"picked":"Quick Slash+1","floor":19},{"not_picked":["Cloak And Dagger+1","Sucker Punch"],"picked":"Dodge and Roll","floor":20},{"not_picked":["Deflect","Terror","Cloak And Dagger"],"picked":"SKIP","floor":21},{"not_picked":["Riddle With Holes","Flechettes+1","Caltrops"],"picked":"SKIP","floor":24},{"not_picked":["Flechettes","Tactician"],"picked":"Noxious Fumes","floor":30},{"not_picked":["Skewer","Dagger Spray+1"],"picked":"Catalyst","floor":31}],"player_experience":711142,"relics_obtained":[{"floor":8,"key":"Smiling Mask"},{"floor":9,"key":"Ice Cream"},{"floor":26,"key":"Anchor"}],"event_choices":[{"damage_healed":0,"gold_gain":0,"player_choice":"Grow","damage_taken":0,"max_hp_gain":0,"max_hp_loss":0,"event_name":"Living Wall","floor":2,"gold_loss":0,"cards_upgraded":["Dodge and Roll"]},{"damage_healed":0,"gold_gain":0,"player_choice":"Gave Potion","damage_taken":0,"relics_obtained":["Tingsha"],"max_hp_gain":0,"max_hp_loss":0,"event_name":"WeMeetAgain","floor":3,"gold_loss":0},{"damage_healed":0,"gold_gain":0,"player_choice":"Rummage","damage_taken":0,"relics_obtained":["WarpedTongs"],"max_hp_gain":0,"max_hp_loss":0,"event_name":"Accursed Blacksmith","floor":25,"gold_loss":0,"cards_obtained":["Pain"]}],"is_beta":false,"boss_relics":[{"not_picked":["Ectoplasm","Eternal Feather"],"picked":"Sozu"}],"items_purged_floors":[5,28],"is_endless":false,"potions_floor_spawned":[1,8,11,12,18,24,30],"killed_by":"Collector","ascension_level":11}