{"gold_per_floor":[116,116,128,140,140,140,140,215,215,227,48,65,97,112,112,214,214,225,98,98,108,383,383,394,408,480,480,69,96,115,115],"floor_reached":31,"playtime":1765,"items_purged":["Regret"],"score":257,"play_id":"4898a309-b339-432f-beee-5afbf61bf3dd","local_time":"20190308141810","is_ascension_mode":false,"campfire_choices":[{"data":"Armaments","floor":6,"key":"SMITH"},{"data":"Bloodletting","floor":15,"key":"SMITH"},{"floor":23,"key":"RECALL"},{"floor":27,"key":"REST"}],"neow_cost":"NONE","seed_source_timestamp":175718503893833,"circlet_count":0,"master_deck":["Strike_R","Strike_R","Strike_R+1","Strike_R","Defend_R","Defend_R","Defend_R","Defend_R","Bash","Deep Breath","Armaments+1","Feel No Pain","Cleave+1","Sentinel","Rupture+1","Dark Embrace+1","Havoc","Immolate","Shrug It Off","Bloodletting+1","Offering","Disarm","Rupture+1","Warcry","Pommel Strike","Headbutt","Exhume","Good Instincts","Heavy Blade","Feel No Pain+1"],"relics":["Burning Blood","Frozen Egg 2","Whetstone","Self Forming Clay","White Beast Statue","Vajra","Mummified Hand","Red Skull"],"potions_floor_usage":[13,25,25,29,30,30,31],"damage_taken":[{"damage":6,"enemies":"Jaw Worm","floor":1,"turns":3},{"damage":7,"enemies":"2 Louse","floor":3,"turns":4},{"damage":1,"enemies":"Cultist","floor":4,"turns":3},{"damage":3,"enemies":"2 Fungi Beasts","floor":10,"turns":4},{"damage":6,"enemies":"Exordium Wildlife","floor":12,"turns":5},{"damage":20,"enemies":"Gremlin Nob","floor":13,"turns":4},{"damage":7,"enemies":"Blue Slaver","floor":14,"turns":6},{"damage":18,"enemies":"Slime Boss","floor":16,"turns":9},{"damage":15,"enemies":"3 Byrds","floor":18,"turns":6},{"damage":12,"enemies":"Shell Parasite","floor":21,"turns":3},{"damage":31,"enemies":"Snecko","floor":24,"turns":5},{"damage":25,"enemies":"Shelled Parasite and Fungi","floor":25,"turns":4},{"damage":45,"enemies":"Slavers","floor":29,"turns":3},{"damage":5,"enemies":"Cultist and Chosen","floor":30,"turns":6},{"damage":15,"enemies":"Snake Plant","floor":31,"turns":2}],"seed_played":"-5264354686638343722","potions_obtained":[{"floor":1,"key":"EssenceOfSteel"},{"floor":12,"key":"Energy Potion"},{"floor":18,"key":"FearPotion"},{"floor":21,"key":"EssenceOfSteel"},{"floor":25,"key":"SteroidPotion"},{"floor":29,"key":"Ancient Potion"},{"floor":30,"key":"Swift Potion"}],"is_trial":false,"path_per_floor":["M","?","M","M","?","R","?","?","T","M","$","M","E","M","R","B",null,"M","$","?","M","?","R","M","M","T","R","$","E","M","M"],"character_chosen":"IRONCLAD","items_purchased":["Dark Embrace+1","Havoc","Rupture+1","Warcry","Mummified Hand","Good Instincts"],"campfire_rested":1,"item_purchase_floors":[11,11,19,19,28,28],"current_hp_per_floor":[80,85,84,85,78,78,78,67,67,70,70,70,56,55,55,43,85,76,76,76,70,70,70,45,26,26,51,51,12,13,0],"gold":115,"neow_bonus":"RANDOM_COLORLESS","is_prod":false,"is_daily":false,"chose_seed":false,"campfire_upgraded":2,"win_rate":0,"timestamp":1552054690,"path_taken":["M","?","M","M","?","R","?","?","T","M","$","M","E","M","R","BOSS","M","$","?","M","?","R","M","M","T","R","$","E","M","M"],"build_version":"2019-01-23","purchased_purges":1,"victory":false,"max_hp_per_floor":[80,85,85,85,85,85,85,85,85,85,85,85,85,85,85,85,85,85,85,85,85,85,85,85,85,85,85,85,85,85,85],"card_choices":[{"not_picked":["Hemokinesis","Cleave"],"picked":"Armaments","floor":1},{"not_picked":["Shrug It Off","Sentinel"],"picked":"Feel No Pain","floor":3},{"not_picked":["Headbutt","Searing Blow"],"picked":"Cleave","floor":4},{"not_picked":["Searing Blow","Hemokinesis"],"picked":"Rupture+1","floor":10},{"not_picked":["Sword Boomerang","Perfected Strike"],"picked":"Immolate","floor":12},{"not_picked":["Ghostly Armor","Warcry"],"picked":"Shrug It Off","floor":13},{"not_picked":["Pommel Strike","Hemokinesis"],"picked":"Bloodletting","floor":14},{"not_picked":["Berserk+1","Impervious"],"picked":"Offering","floor":16},{"not_picked":["Clash","Twin Strike"],"picked":"Disarm","floor":18},{"not_picked":["Body Slam","Twin Strike"],"picked":"Pommel Strike","floor":21},{"not_picked":["Clothesline+1","Shrug It Off"],"picked":"Headbutt","floor":24},{"not_picked":["True Grit","Twin Strike+1"],"picked":"Exhume","floor":25},{"not_picked":["Power Through+1","Perfected Strike+1"],"picked":"Heavy Blade","floor":29},{"not_picked":["Anger+1","Hemokinesis"],"picked":"Feel No Pain+1","floor":30}],"player_experience":1030408,"relics_obtained":[{"floor":9,"key":"Whetstone"},{"floor":13,"key":"Self Forming Clay"},{"floor":29,"key":"Red Skull"}],"event_choices":[{"damage_healed":0,"gold_gain":0,"player_choice":"Donut","damage_taken":0,"max_hp_gain":5,"max_hp_loss":0,"event_name":"Big Fish","floor":2,"gold_loss":0},{"damage_healed":0,"gold_gain":0,"player_choice":"Success","damage_taken":7,"relics_obtained":["Frozen Egg 2"],"max_hp_gain":0,"max_hp_loss":0,"event_name":"Scrap Ooze","floor":5,"gold_loss":0},{"damage_healed":0,"gold_gain":0,"cards_transformed":["Strike_R"],"player_choice":"Change","damage_taken":0,"max_hp_gain":0,"max_hp_loss":0,"event_name":"Living Wall","floor":7,"gold_loss":0,"cards_obtained":["Sentinel"]},{"damage_healed":0,"gold_gain":75,"player_choice":"Gather Gold","damage_taken":11,"max_hp_gain":0,"max_hp_loss":0,"event_name":"World of Goop","floor":8,"gold_loss":0},{"damage_healed":0,"gold_gain":0,"player_choice":"Opened","damage_taken":0,"relics_obtained":["Vajra"],"max_hp_gain":0,"max_hp_loss":0,"event_name":"The Mausoleum","floor":20,"gold_loss":0},{"damage_healed":0,"gold_gain":275,"player_choice":"Desecrate","damage_taken":0,"max_hp_gain":0,"max_hp_loss":0,"event_name":"Golden Shrine","floor":22,"gold_loss":0,"cards_obtained":["Regret"]}],"is_beta":false,"boss_relics":[{"not_picked":["Cursed Key","Snecko Eye"],"picked":"White Beast Statue"}],"items_purged_floors":[28],"is_endless":false,"potions_floor_spawned":[1,12,18,21,24,25,29,30],"killed_by":"Snake Plant","ascension_level":0}