{"gold_per_floor":[114,189,189,74,89,89,89,117,140,140,174,192,192,209,209,287,287,305,230,430,445,455,455,73,73,73,86,121,136,136,155,155,230,230,240,240,76,76,86,111,111,128,154,154,154,59,70,81,81,81,81,81,81,81,107,107],"floor_reached":57,"playtime":3842,"items_purged":["Strike_G"],"score":2670,"play_id":"7c99c194-2134-4404-828b-d1d9be71a3dc","local_time":"20190329010846","is_ascension_mode":true,"campfire_choices":[{"data":"Noxious Fumes","floor":6.0,"key":"SMITH"},{"data":"Catalyst","floor":15.0,"key":"SMITH"},{"data":"Footwork","floor":23.0,"key":"SMITH"},{"data":"Crippling Poison","floor":25.0,"key":"SMITH"},{"data":"Footwork","floor":30.0,"key":"SMITH"},{"data":"Malaise","floor":32.0,"key":"SMITH"},{"floor":41.0,"key":"RECALL"},{"data":"Leg Sweep","floor":44.0,"key":"SMITH"},{"data":"Footwork","floor":49.0,"key":"SMITH"},{"data":"Deadly Poison","floor":53.0,"key":"SMITH"}],"neow_cost":"NONE","seed_source_timestamp":1366698943249474,"circlet_count":0,"master_deck":["AscendersBane","Defend_G","Defend_G","Defend_G","Defend_G","Defend_G","Strike_G","Strike_G","Strike_G","Survivor","Neutralize+1","Catalyst+1","Noxious Fumes+1","Backflip","Leg Sweep+1","Blur","Footwork+1","Crippling Poison+1","Deadly Poison+1","Corpse Explosion","PiercingWail","Malaise+1","Footwork+1","Dodge and Roll+1","Adrenaline","Backflip+1","After Image+1","Dodge and Roll+1","Quick Slash+1","Footwork+1","Backflip","Poisoned Stab+1","Acrobatics"],"special_seed":0,"relics":["Ring of the Snake","NeowsBlessing","Kunai","Molten Egg 2","Blood Vial","Mango","Coffee Dripper","TwistedFunnel","Pocketwatch","Sundial","Busted Crown","Bag of Marbles","WingedGreaves","Ninja Scroll"],"potions_floor_usage":[],"damage_taken":[{"damage":0.0,"enemies":"Small Slimes","floor":1.0,"turns":1.0},{"damage":0.0,"enemies":"2 Louse","floor":5.0,"turns":1.0},{"damage":0.0,"enemies":"Lagavulin","floor":8.0,"turns":1.0},{"damage":25.0,"enemies":"3 Sentries","floor":11.0,"turns":9.0},{"damage":1.0,"enemies":"Cultist","floor":12.0,"turns":5.0},{"damage":3.0,"enemies":"Blue Slaver","floor":14.0,"turns":6.0},{"damage":38.0,"enemies":"Slime Boss","floor":16.0,"turns":14.0},{"damage":11.0,"enemies":"Shell Parasite","floor":18.0,"turns":5.0},{"damage":9.0,"enemies":"2 Thieves","floor":21.0,"turns":4.0},{"damage":4.0,"enemies":"Chosen and Byrds","floor":22.0,"turns":7.0},{"damage":0.0,"enemies":"Centurion and Healer","floor":27.0,"turns":4.0},{"damage":8.0,"enemies":"Slavers","floor":28.0,"turns":3.0},{"damage":0.0,"enemies":"3 Cultists","floor":29.0,"turns":3.0},{"damage":0.0,"enemies":"Snake Plant","floor":31.0,"turns":5.0},{"damage":14.0,"enemies":"Automaton","floor":33.0,"turns":8.0},{"damage":0.0,"enemies":"Orb Walker","floor":35.0,"turns":3.0},{"damage":0.0,"enemies":"3 Darklings","floor":39.0,"turns":3.0},{"damage":0.0,"enemies":"Giant Head","floor":40.0,"turns":10.0},{"damage":1.0,"enemies":"4 Shapes","floor":42.0,"turns":3.0},{"damage":0.0,"enemies":"Writhing Mass","floor":47.0,"turns":6.0},{"damage":0.0,"enemies":"3 Darklings","floor":48.0,"turns":5.0},{"damage":6.0,"enemies":"Time Eater","floor":50.0,"turns":17.0},{"damage":16.0,"enemies":"Awakened One","floor":51.0,"turns":32.0},{"damage":18,"enemies":"Shield and Spear","floor":55,"turns":10},{"damage":37,"enemies":"The Heart","floor":56,"turns":12}],"seed_played":"-3168191441958093289","potions_obtained":[{"floor":12.0,"key":"GhostInAJar"},{"floor":14.0,"key":"EssenceOfSteel"},{"floor":22.0,"key":"Explosive Potion"},{"floor":27.0,"key":"SkillPotion"},{"floor":28.0,"key":"Block Potion"},{"floor":35.0,"key":"Swift Potion"}],"is_trial":false,"path_per_floor":["M","?","?","$","M","R","?","E","T","?","E","M","?","M","R","B",null,"M","?","?","M","M","R","$","R","T","M","E","M","R","M","R","B",null,"M","?","$","?","M","E","R","M","T","R","?","$","M","M","R","B","B",null,"R","$","E","B",null],"character_chosen":"THE_SILENT","items_purchased":["Noxious Fumes","Backflip","TwistedFunnel","Footwork","Bag of Marbles","Footwork","Backflip"],"campfire_rested":0,"item_purchase_floors":[4,4,24,24,37,46,46],"current_hp_per_floor":[59,48,48,48,48,48,37,37,37,53,44,45,45,44,44,8,60,51,51,51,44,42,42,42,42,42,44,38,40,40,42,42,30,65,67,67,67,67,69,71,71,72,72,72,72,72,74,76,76,71,57,72,72,72,56,21],"gold":107,"neow_bonus":"THREE_ENEMY_KILL","is_prod":false,"is_daily":false,"chose_seed":false,"campfire_upgraded":9,"win_rate":0,"timestamp":1553836126,"path_taken":["M","?","?","$","M","R","?","E","T","?","E","M","?","M","R","BOSS","M","?","?","M","M","R","$","R","T","M","E","?","R","M","R","BOSS","M","?","$","?","M","E","R","?","T","R","?","?","M","M","R","BOSS","BOSS","R","$","E","BOSS"],"build_version":"2019-03-15","purchased_purges":1,"victory":true,"max_hp_per_floor":[66,66,66,66,66,66,66,66,66,66,80,80,77,77,77,77,77,77,77,77,77,77,77,77,77,77,77,77,77,77,77,77,77,77,77,77,77,77,77,77,77,77,77,77,77,77,77,77,77,77,77,77,77,77,77,77],"card_choices":[{"not_picked":["Flying Knee","Reflex"],"picked":"Catalyst","floor":1.0},{"not_picked":["Backflip","Footwork"],"picked":"Leg Sweep","floor":5.0},{"not_picked":["Concentrate","Infinite Blades"],"picked":"Blur","floor":8.0},{"not_picked":["Dagger Spray+1","Bouncing Flask"],"picked":"Footwork","floor":11.0},{"not_picked":["Outmaneuver","Accuracy"],"picked":"Crippling Poison","floor":12.0},{"not_picked":["Sucker Punch+1","Quick Slash+1"],"picked":"Deadly Poison","floor":14.0},{"not_picked":["Burst","Tools of the Trade"],"picked":"Corpse Explosion","floor":16.0},{"not_picked":["Prepared","Slice+1"],"picked":"PiercingWail","floor":18.0},{"not_picked":["Outmaneuver+1","Reflex+1","Deadly Poison"],"picked":"SKIP","floor":21.0},{"not_picked":["Acrobatics","Quick Slash+1"],"picked":"Malaise","floor":22.0},{"not_picked":["Expertise","Quick Slash+1"],"picked":"Poisoned Stab+1","floor":27.0},{"not_picked":["Bane+1","Flechettes+1"],"picked":"Dodge and Roll+1","floor":28.0},{"not_picked":["Sucker Punch+1","Poisoned Stab+1"],"picked":"Adrenaline","floor":29.0},{"not_picked":["Expertise","Acrobatics"],"picked":"Backflip+1","floor":31.0},{"not_picked":["Venomology","Phantasmal Killer"],"picked":"After Image","floor":33.0},{"not_picked":["Riddle With Holes+1"],"picked":"SKIP","floor":35.0},{"not_picked":[],"picked":"Dodge and Roll+1","floor":39.0},{"not_picked":[],"picked":"Quick Slash+1","floor":40.0},{"not_picked":["Endless Agony+1"],"picked":"SKIP","floor":42.0},{"not_picked":[],"picked":"Poisoned Stab+1","floor":47.0},{"not_picked":[],"picked":"Acrobatics","floor":48.0},{"not_picked":["Heel Hook+1"],"picked":"SKIP","floor":55},{"not_picked":["Heel Hook+1"],"picked":"SKIP","floor":55}],"player_experience":1346151,"relics_obtained":[{"floor":8.0,"key":"Molten Egg 2"},{"floor":9.0,"key":"Blood Vial"},{"floor":11.0,"key":"Mango"},{"floor":26.0,"key":"Pocketwatch"},{"floor":28.0,"key":"Sundial"},{"floor":40.0,"key":"WingedGreaves"},{"floor":55,"key":"Ninja Scroll"}],"event_choices":[{"damage_healed":0.0,"max_hp_gain":0.0,"max_hp_loss":0.0,"gold_gain":75.0,"event_name":"World of Goop","player_choice":"Gather Gold","floor":2.0,"gold_loss":0.0,"damage_taken":11.0},{"damage_healed":0.0,"max_hp_gain":0.0,"max_hp_loss":0.0,"gold_gain":0.0,"event_name":"Living Wall","player_choice":"Grow","floor":3.0,"gold_loss":0.0,"damage_taken":0.0,"cards_upgraded":["Neutralize"]},{"damage_healed":0.0,"max_hp_gain":0.0,"max_hp_loss":0.0,"gold_gain":0.0,"event_name":"Scrap Ooze","player_choice":"Success","floor":7.0,"gold_loss":0.0,"damage_taken":11.0,"relics_obtained":["Kunai"]},{"damage_healed":16.0,"max_hp_gain":0.0,"max_hp_loss":0.0,"gold_gain":0.0,"event_name":"Mushrooms","player_choice":"Healed and dodged fight","floor":10.0,"gold_loss":0.0,"damage_taken":0.0,"cards_obtained":["Parasite"]},{"cards_removed":["Parasite"],"damage_healed":0.0,"max_hp_gain":0.0,"max_hp_loss":0.0,"gold_gain":0.0,"event_name":"Purifier","player_choice":"Purged","floor":13.0,"gold_loss":0.0,"damage_taken":0.0},{"cards_removed":["Strike_G"],"damage_healed":0.0,"max_hp_gain":0.0,"max_hp_loss":0.0,"gold_gain":0.0,"event_name":"Beggar","player_choice":"Gave Gold","floor":19.0,"gold_loss":75.0,"damage_taken":0.0},{"damage_healed":0.0,"max_hp_gain":0.0,"max_hp_loss":0.0,"gold_gain":200.0,"event_name":"Wheel of Change","player_choice":"Gold","floor":20.0,"gold_loss":0.0,"damage_taken":0.0},{"cards_removed":["Poisoned Stab"],"damage_healed":0.0,"max_hp_gain":0.0,"max_hp_loss":0.0,"gold_gain":0.0,"event_name":"Falling","player_choice":"Removed Attack","floor":36.0,"gold_loss":0.0,"damage_taken":0.0},{"damage_healed":0.0,"max_hp_gain":0.0,"max_hp_loss":0.0,"gold_gain":0.0,"event_name":"Upgrade Shrine","player_choice":"Upgraded","floor":38.0,"gold_loss":0.0,"damage_taken":0.0,"cards_upgraded":["After Image"]},{"damage_healed":0.0,"max_hp_gain":0.0,"max_hp_loss":0.0,"gold_gain":0.0,"event_name":"Lab","player_choice":"Got Potions","floor":45.0,"gold_loss":0.0,"damage_taken":0.0}],"is_beta":true,"boss_relics":[{"not_picked":["Empty Cage","Astrolabe"],"picked":"Coffee Dripper"},{"not_picked":["Eternal Feather","Ring of the Serpent"],"picked":"Busted Crown"}],"items_purged_floors":[24],"is_endless":false,"potions_floor_spawned":[12,14,22,27,28,35,39,48,55],"ascension_level":20}