{"gold_per_floor":[210,210,210,285,298,328,328,354,354,354,370,390,390,390,390,488,488,498,511,526,536,536,566,566,582,605,605,622,650,139,155,155,260,260,272,290,290,201,213,213,246,246,301,331,350,350,382,400,400,400],"floor_reached":51,"playtime":2439,"items_purged":[],"score":1033,"play_id":"2be1f6d7-cadd-466c-8922-75d84a2f06df","local_time":"20190325004428","is_ascension_mode":true,"campfire_choices":[{"floor":7,"key":"REST"},{"data":"Bash","floor":10,"key":"SMITH"},{"data":"Flame Barrier","floor":13,"key":"SMITH"},{"data":"Infernal Blade","floor":15,"key":"SMITH"},{"data":"Whirlwind","floor":24,"key":"SMITH"},{"data":"Immolate","floor":27,"key":"SMITH"},{"data":"True Grit","floor":32,"key":"SMITH"},{"data":"Demon Form","floor":40,"key":"SMITH"},{"data":"Battle Trance","floor":42,"key":"SMITH"},{"data":"Sentinel","floor":46,"key":"SMITH"},{"data":"Spot Weakness","floor":49,"key":"SMITH"}],"neow_cost":"NONE","seed_source_timestamp":312931224800400,"circlet_count":0,"master_deck":["Strike_R+1","Strike_R+1","Strike_R+1","Strike_R+1","Strike_R+1","Defend_R+1","Defend_R+1","Defend_R+1","Defend_R+1","Bash+1","Clothesline+1","Anger","Infernal Blade+1","Battle Trance+1","Flame Barrier+1","Immolate+1","Whirlwind+1","Pummel+1","Power Through+1","True Grit+1","Reaper+1","Headbutt+1","Feel No Pain","Iron Wave+1","Carnage+1","Sword Boomerang+1","Demon Form+1","Sentinel+1","Shrug It Off+1","Corruption","Pommel Strike+1","Spot Weakness+1","Sentinel+1","Pommel Strike+1","Sword Boomerang+1"],"relics":["Burning Blood","Shuriken","Boot","Letter Opener","Sozu","Bronze Scales","PreservedInsect","Molten Egg 2","Ornamental Fan","Oddly Smooth Stone","Snecko Eye","Darkstone Periapt","Bag of Marbles","Whetstone","Nunchaku","Pen Nib"],"potions_floor_usage":[8,12],"damage_taken":[{"damage":8,"enemies":"2 Louse","floor":1,"turns":3},{"damage":3,"enemies":"Jaw Worm","floor":5,"turns":4},{"damage":40,"enemies":"3 Sentries","floor":6,"turns":7},{"damage":6,"enemies":"Gremlin Nob","floor":8,"turns":4},{"damage":0,"enemies":"Cultist","floor":11,"turns":2},{"damage":2,"enemies":"3 Louse","floor":12,"turns":3},{"damage":10,"enemies":"Slime Boss","floor":16,"turns":8},{"damage":0,"enemies":"Spheric Guardian","floor":18,"turns":2},{"damage":12,"enemies":"2 Thieves","floor":19,"turns":4},{"damage":10,"enemies":"Centurion and Healer","floor":20,"turns":4},{"damage":0,"enemies":"Snake Plant","floor":21,"turns":3},{"damage":11,"enemies":"Book of Stabbing","floor":23,"turns":5},{"damage":0,"enemies":"3 Cultists","floor":25,"turns":3},{"damage":6,"enemies":"Centurion and Healer","floor":28,"turns":3},{"damage":5,"enemies":"Gremlin Leader","floor":29,"turns":3},{"damage":0,"enemies":"Snake Plant","floor":31,"turns":3},{"damage":66,"enemies":"Automaton","floor":33,"turns":9},{"damage":8,"enemies":"Orb Walker","floor":35,"turns":2},{"damage":0,"enemies":"3 Shapes","floor":36,"turns":2},{"damage":0,"enemies":"Maw","floor":39,"turns":5},{"damage":3,"enemies":"Reptomancer","floor":41,"turns":4},{"damage":17,"enemies":"Nemesis","floor":44,"turns":3},{"damage":23,"enemies":"4 Shapes","floor":45,"turns":3},{"damage":5,"enemies":"Giant Head","floor":47,"turns":4},{"damage":0,"enemies":"Spire Growth","floor":48,"turns":1},{"damage":20,"enemies":"Donu and Deca","floor":50,"turns":4}],"seed_played":"-7164478581595798728","potions_obtained":[{"floor":6,"key":"Block Potion"},{"floor":11,"key":"Block Potion"},{"floor":16,"key":"Ancient Potion"}],"is_trial":false,"path_per_floor":["M","?","?","?","M","E","R","E","T","R","M","M","R","?","R","B",null,"M","M","M","M","?","E","R","M","T","R","M","E","$","M","R","B",null,"M","M","?","$","M","R","E","R","T","E","M","R","E","M","R","B",null],"character_chosen":"IRONCLAD","items_purchased":["Ornamental Fan","Oddly Smooth Stone","Iron Wave+1","Carnage+1","Corruption","Pommel Strike+1"],"campfire_rested":1,"item_purchase_floors":[30,30,30,30,38,38],"current_hp_per_floor":[70,54,54,43,46,12,36,36,36,36,42,46,46,72,72,68,77,80,74,70,76,76,71,71,80,80,80,80,80,80,80,80,20,65,68,80,80,80,80,80,80,80,80,74,78,78,80,80,80,66],"gold":400,"neow_bonus":"HUNDRED_GOLD","is_prod":false,"is_daily":false,"chose_seed":false,"campfire_upgraded":10,"win_rate":1,"timestamp":1553499868,"path_taken":["M","?","?","?","?","E","R","E","T","R","?","M","R","?","R","BOSS","M","M","M","M","?","E","R","M","T","R","M","E","$","M","R","BOSS","M","M","?","?","?","R","E","R","T","E","M","R","E","M","R","BOSS"],"build_version":"2019-01-23","purchased_purges":0,"victory":true,"max_hp_per_floor":[80,80,80,80,80,80,80,80,80,80,80,80,80,80,80,80,80,80,80,80,80,80,80,80,80,80,80,80,80,80,80,80,80,80,80,80,80,80,80,80,80,80,80,80,80,80,80,80,80,80],"card_choices":[{"not_picked":["Iron Wave","Bloodletting"],"picked":"Clothesline","floor":1},{"not_picked":["Headbutt","Second Wind"],"picked":"Anger","floor":5},{"not_picked":["Heavy Blade","Sword Boomerang"],"picked":"Infernal Blade","floor":6},{"not_picked":["Clothesline","Flex","Dropkick"],"picked":"SKIP","floor":8},{"not_picked":["Iron Wave","Pommel Strike"],"picked":"Battle Trance","floor":11},{"not_picked":["Fiend Fire","Clothesline"],"picked":"Flame Barrier","floor":12},{"not_picked":["Brutality","Berserk"],"picked":"Immolate","floor":16},{"not_picked":["Thunderclap+1","Wild Strike"],"picked":"Whirlwind","floor":18},{"not_picked":["Combust","Burning Pact"],"picked":"Pummel","floor":19},{"not_picked":["Flex","Hemokinesis"],"picked":"Power Through+1","floor":20},{"not_picked":["Havoc","Pommel Strike"],"picked":"True Grit","floor":21},{"not_picked":["Bloodletting","Burning Pact"],"picked":"Reaper","floor":23},{"not_picked":["Heavy Blade+1","Iron Wave+1"],"picked":"Headbutt+1","floor":25},{"not_picked":["Dropkick+1","Rampage+1","Warcry"],"picked":"SKIP","floor":28},{"not_picked":["Combust","Cleave"],"picked":"Feel No Pain","floor":29},{"not_picked":["Warcry","Clothesline+1"],"picked":"Sword Boomerang+1","floor":31},{"not_picked":["Bludgeon+1","Offering"],"picked":"Demon Form","floor":33},{"not_picked":["Flex","Body Slam+1"],"picked":"Sentinel+1","floor":35},{"not_picked":["Wild Strike+1","Perfected Strike+1"],"picked":"Shrug It Off+1","floor":36},{"not_picked":["Thunderclap+1","Flex+1","True Grit"],"picked":"SKIP","floor":39},{"not_picked":["Reckless Charge+1","Sword Boomerang+1"],"picked":"Spot Weakness","floor":41},{"not_picked":["Reckless Charge+1","Sword Boomerang+1"],"picked":"Sentinel","floor":44},{"not_picked":["Twin Strike+1","Clash+1"],"picked":"Pommel Strike+1","floor":45},{"not_picked":["Brutality","Rampage+1"],"picked":"Sword Boomerang+1","floor":47},{"not_picked":["Entrench+1","Dropkick+1","Havoc+1"],"picked":"SKIP","floor":48}],"player_experience":78947,"relics_obtained":[{"floor":6,"key":"Shuriken"},{"floor":8,"key":"Boot"},{"floor":9,"key":"Letter Opener"},{"floor":23,"key":"Bronze Scales"},{"floor":26,"key":"PreservedInsect"},{"floor":29,"key":"Molten Egg 2"},{"floor":37,"key":"Darkstone Periapt"},{"floor":41,"key":"Bag of Marbles"},{"floor":43,"key":"Whetstone"},{"floor":44,"key":"Nunchaku"},{"floor":47,"key":"Pen Nib"}],"event_choices":[{"damage_healed":0,"gold_gain":0,"player_choice":"Entered Light","damage_taken":16,"max_hp_gain":0,"max_hp_loss":0,"event_name":"Shining Light","floor":2,"gold_loss":0,"cards_upgraded":["Clothesline","Strike_R"]},{"damage_healed":0,"gold_gain":0,"player_choice":"Ignored","damage_taken":0,"max_hp_gain":0,"max_hp_loss":0,"event_name":"Liars Game","floor":3,"gold_loss":0},{"damage_healed":0,"gold_gain":75,"player_choice":"Gather Gold","damage_taken":11,"max_hp_gain":0,"max_hp_loss":0,"event_name":"World of Goop","floor":4,"gold_loss":0},{"damage_healed":26,"gold_gain":0,"player_choice":"Banana","damage_taken":0,"max_hp_gain":0,"max_hp_loss":0,"event_name":"Big Fish","floor":14,"gold_loss":0},{"damage_healed":0,"gold_gain":0,"player_choice":"Simplicity","damage_taken":0,"max_hp_gain":0,"max_hp_loss":0,"event_name":"Back to Basics","floor":22,"gold_loss":0,"cards_upgraded":["Strike_R","Strike_R","Strike_R","Strike_R","Defend_R","Defend_R","Defend_R","Defend_R"]},{"damage_healed":0,"gold_gain":0,"player_choice":"Relic","damage_taken":0,"max_hp_gain":0,"max_hp_loss":0,"event_name":"Wheel of Change","floor":37,"gold_loss":0}],"is_beta":false,"boss_relics":[{"not_picked":["Tiny House","Empty Cage"],"picked":"Sozu"},{"not_picked":["Black Star","Fusion Hammer"],"picked":"Snecko Eye"}],"items_purged_floors":[],"is_endless":false,"potions_floor_spawned":[6,11,16,20,29,31,33,39,45,47],"ascension_level":6}