{"gold_per_floor":[113,113,44,44,60,60,70,80,106,106,116,151,151,164,164,261,261,280,291,291,291,310,310,310],"floor_reached":24,"playtime":1244,"items_purged":[],"score":302,"play_id":"da19f0a3-2132-432a-bdae-3adab6cbbee0","local_time":"20190221003343","is_ascension_mode":true,"campfire_choices":[{"data":"Defragment","floor":6,"key":"SMITH"},{"data":"Tempest","floor":10,"key":"SMITH"},{"data":"Conserve Battery","floor":15,"key":"SMITH"},{"floor":23,"key":"REST"}],"neow_cost":"NONE","seed_source_timestamp":8046211311381,"circlet_count":0,"master_deck":["Strike_B","Strike_B","Defend_B","Defend_B","Defend_B+1","Defend_B+1","Zap","Dualcast","Auto Shields","Defragment+1","Tempest+1","Ball Lightning","Steam","Skim","Echo Form+1","Conserve Battery+1","Tempest","Skim","Recycle","Decay"],"relics":["Cracked Core","War Paint","Pear","Inserter"],"potions_floor_usage":[12,16,24],"damage_taken":[{"damage":1,"enemies":"2 Louse","floor":1,"turns":2},{"damage":0,"enemies":"Small Slimes","floor":5,"turns":3},{"damage":0,"enemies":"Cultist","floor":7,"turns":3},{"damage":4,"enemies":"Large Slime","floor":8,"turns":4},{"damage":3,"enemies":"Red Slaver","floor":11,"turns":3},{"damage":22,"enemies":"3 Sentries","floor":12,"turns":6},{"damage":0,"enemies":"2 Fungi Beasts","floor":14,"turns":2},{"damage":11,"enemies":"The Guardian","floor":16,"turns":9},{"damage":18,"enemies":"Spheric Guardian","floor":18,"turns":5},{"damage":0,"enemies":"Chosen","floor":19,"turns":4},{"damage":17,"enemies":"Shelled Parasite and Fungi","floor":22,"turns":6},{"damage":84,"enemies":"Slavers","floor":24,"turns":6}],"seed_played":"1337027011736433587","potions_obtained":[{"floor":7,"key":"Regen Potion"},{"floor":14,"key":"GamblersBrew"},{"floor":16,"key":"Energy Potion"}],"is_trial":false,"path_per_floor":["M","?","$","?","M","R","M","M","T","R","M","E","?","M","R","B",null,"M","M","?","?","M","R","E"],"character_chosen":"DEFECT","items_purchased":["Defragment"],"campfire_rested":1,"item_purchase_floors":[3],"current_hp_per_floor":[74,62,62,62,62,62,62,58,58,58,55,58,58,58,58,47,81,63,63,63,63,46,73,0],"gold":310,"neow_bonus":"TEN_PERCENT_HP_BONUS","is_prod":false,"is_daily":false,"chose_seed":false,"campfire_upgraded":3,"win_rate":0,"timestamp":1550705623,"path_taken":["M","?","$","?","M","R","?","M","T","R","M","E","?","?","R","BOSS","M","M","?","?","M","R","E"],"build_version":"2019-01-23","purchased_purges":0,"victory":false,"max_hp_per_floor":[82,82,82,82,82,82,82,82,82,82,82,92,92,92,92,92,92,92,92,92,92,92,92,92],"card_choices":[{"not_picked":["Turbo","Double Energy"],"picked":"Auto Shields","floor":1},{"not_picked":["Stack","Gash"],"picked":"Tempest","floor":5},{"not_picked":["Coolheaded","Conserve Battery"],"picked":"Ball Lightning","floor":7},{"not_picked":["Redo","Ball Lightning"],"picked":"Steam","floor":8},{"not_picked":["Ball Lightning","Compile Driver"],"picked":"Skim","floor":11},{"not_picked":["Coolheaded","Amplify"],"picked":"Echo Form","floor":12},{"not_picked":["Self Repair","Fusion"],"picked":"Conserve Battery","floor":14},{"not_picked":["Loop","Go for the Eyes+1"],"picked":"Tempest","floor":18},{"not_picked":["Scrape","Self Repair","Beam Cell+1"],"picked":"SKIP","floor":19},{"not_picked":["Hello World+1","Hologram","Fusion"],"picked":"SKIP","floor":22}],"player_experience":654210,"relics_obtained":[{"floor":12,"key":"Pear"}],"event_choices":[{"damage_healed":0,"gold_gain":0,"player_choice":"Success","damage_taken":12,"relics_obtained":["War Paint"],"max_hp_gain":0,"max_hp_loss":0,"event_name":"Scrap Ooze","floor":2,"gold_loss":0},{"damage_healed":0,"gold_gain":0,"player_choice":"0 cards matched","damage_taken":0,"max_hp_gain":0,"max_hp_loss":0,"event_name":"Match and Keep!","floor":4,"gold_loss":0,"cards_obtained":[]},{"damage_healed":0,"gold_gain":0,"player_choice":"Upgraded","damage_taken":0,"max_hp_gain":0,"max_hp_loss":0,"event_name":"Upgrade Shrine","floor":13,"gold_loss":0,"cards_upgraded":["Echo Form"]},{"damage_healed":0,"gold_gain":0,"cards_transformed":["Strike_B","Strike_B"],"player_choice":"Became Test Subject","damage_taken":0,"max_hp_gain":0,"max_hp_loss":0,"event_name":"Drug Dealer","floor":20,"gold_loss":0,"cards_obtained":["Skim","Recycle"]},{"damage_healed":0,"gold_gain":0,"player_choice":"Smashed Altar","damage_taken":0,"max_hp_gain":0,"max_hp_loss":0,"event_name":"Forgotten Altar","floor":21,"gold_loss":0,"cards_obtained":["Decay"]}],"is_beta":false,"boss_relics":[{"not_picked":["Calling Bell","Coffee Dripper"],"picked":"Inserter"}],"items_purged_floors":[],"is_endless":false,"potions_floor_spawned":[7,14,16],"killed_by":"Slavers","ascension_level":8}