{"gold_per_floor":[113,126,126,143,160,160,173,173,173,173,193,223,237,256,256,360,360,380,413,401,414,414],"floor_reached":22,"playtime":1597,"items_purged":[],"score":182,"play_id":"d28cbf37-41f7-4fa9-adbc-5e9530911588","local_time":"20180721095733","is_ascension_mode":false,"campfire_choices":[{"data":"Zap","floor":6,"key":"SMITH"},{"data":"Dualcast","floor":8,"key":"SMITH"},{"data":"Defend_B","floor":10,"key":"SMITH"},{"floor":15,"key":"REST"}],"neow_cost":"NONE","seed_source_timestamp":1857305158842037,"circlet_count":0,"master_deck":["Strike_B+1","Strike_B+1","Strike_B","Strike_B","Defend_B+1","Defend_B","Defend_B","Defend_B","Zap+1","Dualcast+1"],"relics":["Cracked Core","Bottled Lightning","Odd Mushroom","Busted Crown","Red Mask"],"potions_floor_usage":[4,5,5,5,16,18,20],"damage_taken":[{"damage":1,"enemies":"Cultist","floor":1,"turns":4},{"damage":0,"enemies":"2 Louse","floor":2,"turns":2},{"damage":0,"enemies":"Small Slimes","floor":4,"turns":3},{"damage":4,"enemies":"Gremlin Gang","floor":5,"turns":3},{"damage":4,"enemies":"Blue Slaver","floor":7,"turns":3},{"damage":2,"enemies":"3 Louse","floor":11,"turns":3},{"damage":16,"floor":12,"turns":4},{"damage":0,"enemies":"2 Fungi Beasts","floor":13,"turns":3},{"damage":0,"enemies":"Exordium Thugs","floor":14,"turns":4},{"damage":16,"enemies":"Slime Boss","floor":16,"turns":12},{"damage":5,"enemies":"3 Byrds","floor":18,"turns":5},{"damage":44,"floor":19,"turns":5},{"damage":11,"enemies":"2 Thieves","floor":20,"turns":4},{"damage":19,"enemies":"Chosen and Byrds","floor":21,"turns":7},{"damage":14,"enemies":"Centurion and Healer","floor":22,"turns":4}],"seed_played":"-4830351425072210011","potions_obtained":[{"floor":4,"key":"LiquidBronze"},{"floor":12,"key":"Block Potion"},{"floor":13,"key":"Energy Potion"},{"floor":19,"key":"Regen Potion"}],"is_trial":false,"path_per_floor":["M","M","?","M","M","R","M","R","T","R","M","?","M","M","R","B",null,"M","?","M","M"],"character_chosen":"DEFECT","items_purchased":[],"campfire_rested":1,"item_purchase_floors":[],"current_hp_per_floor":[74,74,59,59,55,55,51,51,51,51,49,33,33,33,55,39,75,70,26,29,10,0],"gold":414,"neow_bonus":"THREE_SMALL_POTIONS","is_prod":false,"is_daily":false,"chose_seed":false,"campfire_upgraded":3,"win_rate":0,"timestamp":1532163453,"path_taken":["M","M","?","M","M","R","M","R","T","R","?","?","M","M","R","BOSS","M","?","M","?","M"],"build_version":"2018-07-19v2","purchased_purges":0,"victory":false,"max_hp_per_floor":[75,75,75,75,75,75,75,75,75,75,75,75,75,75,75,75,75,75,75,75,75,75],"card_choices":[{"not_picked":["Glacier","Compile Driver","Hologram"],"picked":"SKIP","floor":1},{"not_picked":["Ball Lightning","Beam Cell","Coolheaded"],"picked":"SKIP","floor":2},{"not_picked":["Conserve Battery","Turbo","Redo"],"picked":"SKIP","floor":4},{"not_picked":["Barrage","Leap","Beam Cell"],"picked":"SKIP","floor":5},{"not_picked":["Barrage","Scrape","Conserve Battery"],"picked":"SKIP","floor":7},{"not_picked":["Steam","Conserve Battery","Redo"],"picked":"SKIP","floor":11},{"not_picked":["Go for the Eyes","Machine Learning","Gash"],"picked":"SKIP","floor":13},{"not_picked":["Aggregate","Sweeping Beam","Rebound"],"picked":"SKIP","floor":14},{"not_picked":["Darkness"],"picked":"SKIP","floor":18},{"not_picked":["Tempest"],"picked":"SKIP","floor":20},{"not_picked":["Sweeping Beam"],"picked":"SKIP","floor":21}],"player_experience":145036,"relics_obtained":[{"floor":9,"key":"Bottled Lightning"},{"floor":12,"key":"Odd Mushroom"},{"floor":19,"key":"Red Mask"}],"event_choices":[{"event_name":"Shining Light","player_choice":"Entered Light","floor":3,"damage_taken":0},{"event_name":"Mushrooms","player_choice":"Fought Mushrooms","floor":12,"damage_taken":0},{"event_name":"Masked Bandits","player_choice":"Fought over 380 gold","floor":19,"damage_taken":0}],"is_beta":false,"boss_relics":[{"not_picked":["Sozu","Snecko Eye"],"picked":"Busted Crown"}],"items_purged_floors":[],"is_endless":false,"potions_floor_spawned":[1,4,12,13,19],"killed_by":"Centurion and Healer","ascension_level":0}