{"gold_per_floor":[113,126,126,136,150,178,178,195,220,220,220,220,239,25,25,155,155,168,168,87,87,106,106,130,130,130,130,148,187,210,226,226,352,352,377,2,17,42,56,56,80,99,125,125,125,0,21,42,42,42],"floor_reached":50,"playtime":8958,"items_purged":["Strike_G","Strike_G"],"score":495,"play_id":"a5e32307-e7c3-4960-8ce1-ecf2dd85d251","local_time":"20190318205433","is_ascension_mode":false,"campfire_choices":[{"data":"Noxious Fumes","floor":7.0,"key":"SMITH"},{"data":"Infinite Blades","floor":10.0,"key":"SMITH"},{"floor":12.0,"key":"REST"},{"floor":15.0,"key":"REST"},{"data":"Tools of the Trade","floor":23.0,"key":"SMITH"},{"data":"Infinite Blades","floor":25.0,"key":"SMITH"},{"floor":27.0,"key":"REST"},{"floor":32.0,"key":"REST"},{"data":"Malaise","floor":40,"key":"SMITH"},{"data":"Footwork","floor":45,"key":"SMITH"},{"data":"Caltrops","floor":49,"key":"SMITH"}],"neow_cost":"NONE","seed_source_timestamp":0,"circlet_count":0,"master_deck":["Defend_G","Defend_G","Defend_G","Defend_G","Defend_G","Strike_G","Strike_G","Survivor","Neutralize","Noxious Fumes+1","Backflip","Infinite Blades+1","Sucker Punch","Infinite Blades+1","Well Laid Plans","Caltrops+1","Deflect","Jack Of All Trades","Tools of the Trade+1","Prepared+1","Die Die Die","RitualDagger","PiercingWail","PiercingWail","Backflip+1","Infinite Blades+1","Backstab","Dash","Malaise+1","Acrobatics+1","Footwork+1","Acrobatics","Backstab+1","PiercingWail+1","Dagger Throw+1","Well Laid Plans+1"],"special_seed":0,"relics":["Ring of the Snake","Orichalcum","Lantern","Golden Idol","WristBlade","MutagenicStrength","Oddly Smooth Stone","Vajra","Eternal Feather","Blood Vial","Strawberry","Red Mask"],"potions_floor_usage":[37,39,50,50,50],"damage_taken":[{"damage":0.0,"enemies":"Small Slimes","floor":1.0,"turns":3.0},{"damage":0.0,"enemies":"Cultist","floor":2.0,"turns":4.0},{"damage":0.0,"enemies":"Jaw Worm","floor":4.0,"turns":6.0},{"damage":0.0,"enemies":"2 Fungi Beasts","floor":5.0,"turns":4.0},{"damage":35.0,"enemies":"3 Sentries","floor":6.0,"turns":7.0},{"damage":7.0,"enemies":"3 Louse","floor":8.0,"turns":4.0},{"damage":10.0,"enemies":"Exordium Thugs","floor":13.0,"turns":6.0},{"damage":30.0,"enemies":"The Guardian","floor":16.0,"turns":11.0},{"damage":3.0,"enemies":"3 Byrds","floor":18.0,"turns":4.0},{"damage":18.0,"enemies":"Shell Parasite","floor":22.0,"turns":6.0},{"damage":12.0,"enemies":"Snake Plant","floor":24.0,"turns":5.0},{"damage":2.0,"enemies":"Centurion and Healer","floor":28.0,"turns":6.0},{"damage":4.0,"enemies":"Book of Stabbing","floor":29.0,"turns":6.0},{"damage":5.0,"enemies":"3 Cultists","floor":30.0,"turns":4.0},{"damage":15.0,"enemies":"Snake Plant","floor":31.0,"turns":5.0},{"damage":18.0,"enemies":"Automaton","floor":33.0,"turns":9.0},{"damage":0.0,"enemies":"Orb Walker","floor":35.0,"turns":2.0},{"damage":9,"enemies":"3 Shapes","floor":37,"turns":4},{"damage":3,"enemies":"Transient","floor":38,"turns":5},{"damage":17,"enemies":"Sphere and 2 Shapes","floor":39,"turns":4},{"damage":4,"enemies":"Maw","floor":41,"turns":8},{"damage":4,"enemies":"Transient","floor":42,"turns":5},{"damage":3,"enemies":"Spire Growth","floor":47,"turns":5},{"damage":0,"enemies":"Sphere and 2 Shapes","floor":48,"turns":4},{"damage":80,"enemies":"Awakened One","floor":50,"turns":12}],"seed_played":"-2696609266102057236","potions_obtained":[{"floor":1.0,"key":"GamblersBrew"},{"floor":4.0,"key":"Poison Potion"},{"floor":13.0,"key":"Regen Potion"},{"floor":22.0,"key":"EssenceOfSteel"},{"floor":30.0,"key":"Swift Potion"},{"floor":31.0,"key":"Block Potion"},{"floor":37,"key":"SpeedPotion"},{"floor":38,"key":"PowerPotion"},{"floor":42,"key":"Energy Potion"}],"is_trial":false,"path_per_floor":["M","M","?","M","M","E","R","M","T","R","?","R","M","$","R","B",null,"M","?","$","?","M","R","M","R","T","R","M","E","M","M","R","B",null,"M","$","M","M","M","R","M","M","T","?","R","?","M","M","R","B"],"character_chosen":"THE_SILENT","items_purchased":["Deflect","Jack Of All Trades","Die Die Die","Footwork","Blood Vial","Acrobatics"],"campfire_rested":4,"item_purchase_floors":[14,14,20,36,36,36],"current_hp_per_floor":[77,77,77,77,77,42,42,35,35,35,16,39,29,29,52,22,77,74,74,74,68,50,50,38,38,38,61,59,55,50,35,58,55,77,77,77,68,67,52,70,68,66,73,73,80,80,77,79,80,0],"gold":42,"neow_bonus":"TEN_PERCENT_HP_BONUS","is_prod":false,"is_daily":false,"chose_seed":false,"campfire_upgraded":7,"win_rate":0.0,"timestamp":1552942473,"path_taken":["M","M","?","M","?","E","R","M","T","R","?","R","M","$","R","BOSS","M","?","$","?","M","R","M","R","T","R","?","E","M","M","R","BOSS","M","$","?","M","M","R","?","M","T","?","R","?","M","M","R","BOSS"],"build_version":"2019-01-23","purchased_purges":2,"victory":false,"max_hp_per_floor":[77,77,77,77,77,77,77,77,77,77,77,77,77,77,77,77,77,77,77,77,77,77,77,77,77,77,77,77,77,77,77,77,77,77,77,77,77,77,77,77,77,77,84,80,80,80,80,80,80,80],"card_choices":[{"not_picked":["Deflect","Caltrops"],"picked":"Noxious Fumes","floor":1.0},{"not_picked":["Poisoned Stab","Dagger Spray"],"picked":"Backflip","floor":2.0},{"not_picked":["Flying Knee","Tactician"],"picked":"Infinite Blades","floor":4.0},{"not_picked":["Flying Knee","Unload"],"picked":"Sucker Punch","floor":5.0},{"not_picked":["Acrobatics","Deadly Poison"],"picked":"Infinite Blades","floor":6.0},{"not_picked":["Underhanded Strike","Slice"],"picked":"Well Laid Plans","floor":8.0},{"not_picked":["Reflex","Deadly Poison"],"picked":"Caltrops","floor":13.0},{"not_picked":["Glass Knife","Night Terror"],"picked":"Tools of the Trade","floor":16.0},{"not_picked":["Underhanded Strike","Deadly Poison"],"picked":"Prepared+1","floor":18.0},{"not_picked":["Flying Knee","Wraith Form v2"],"picked":"PiercingWail","floor":22.0},{"not_picked":["Eviscerate+1","Heel Hook"],"picked":"PiercingWail","floor":24.0},{"not_picked":["Deflect","Underhanded Strike+1"],"picked":"Backflip+1","floor":28.0},{"not_picked":["Blade Dance","Die Die Die"],"picked":"Infinite Blades+1","floor":29.0},{"not_picked":["Predator","Dagger Spray+1"],"picked":"Backstab","floor":30.0},{"not_picked":["Bouncing Flask","Choke"],"picked":"Dash","floor":31.0},{"not_picked":["Doppelganger","Wraith Form v2"],"picked":"Malaise","floor":33.0},{"not_picked":["Dodge and Roll","Slice"],"picked":"Acrobatics+1","floor":35.0},{"not_picked":["Riddle With Holes+1","All Out Attack"],"picked":"Backstab+1","floor":37},{"not_picked":["Sucker Punch+1","Backflip","Reflex+1"],"picked":"SKIP","floor":38},{"not_picked":["Quick Slash","Outmaneuver"],"picked":"PiercingWail+1","floor":39},{"not_picked":["Endless Agony","PiercingWail+1"],"picked":"Dagger Throw+1","floor":41},{"not_picked":["Choke","Dagger Throw"],"picked":"Well Laid Plans+1","floor":42},{"not_picked":["Deadly Poison","Blade Dance","Quick Slash+1"],"picked":"SKIP","floor":47},{"not_picked":["Unload","Eviscerate+1","Finisher"],"picked":"SKIP","floor":48}],"player_experience":49555,"relics_obtained":[{"floor":6.0,"key":"Orichalcum"},{"floor":9.0,"key":"Lantern"},{"floor":26.0,"key":"Oddly Smooth Stone"},{"floor":29.0,"key":"Vajra"},{"floor":43,"key":"Strawberry"}],"event_choices":[{"cards_removed":["Strike_G"],"damage_healed":0.0,"max_hp_gain":0.0,"max_hp_loss":0.0,"gold_gain":0.0,"event_name":"Purifier","player_choice":"Purged","floor":3.0,"gold_loss":0.0,"damage_taken":0.0},{"damage_healed":0.0,"max_hp_gain":0.0,"max_hp_loss":0.0,"gold_gain":0.0,"event_name":"Golden Idol","player_choice":"Take Damage","floor":11.0,"gold_loss":0.0,"damage_taken":19.0,"relics_obtained":["Golden Idol"]},{"damage_healed":0.0,"max_hp_gain":0.0,"max_hp_loss":0.0,"gold_gain":0.0,"event_name":"Drug Dealer","player_choice":"Inject Mutagens","floor":19.0,"gold_loss":0.0,"damage_taken":0.0,"relics_obtained":["MutagenicStrength"]},{"damage_healed":0.0,"max_hp_gain":0.0,"max_hp_loss":0.0,"gold_gain":0.0,"event_name":"Nest","player_choice":"Joined the Cult","floor":21.0,"gold_loss":0.0,"damage_taken":6.0,"cards_obtained":["RitualDagger"]},{"damage_healed":0,"gold_gain":0,"player_choice":"Max HP","damage_taken":0,"max_hp_gain":0,"max_hp_loss":4,"event_name":"Winding Halls","floor":44,"gold_loss":0},{"damage_healed":0,"gold_gain":0,"player_choice":"Paid","damage_taken":0,"relics_obtained":["Red Mask"],"max_hp_gain":0,"max_hp_loss":0,"event_name":"Tomb of Lord Red Mask","floor":46,"gold_loss":125}],"is_beta":false,"boss_relics":[{"not_picked":["Runic Dome","Lizard Tail"],"picked":"WristBlade"},{"not_picked":["Coffee Dripper","Black Star"],"picked":"Eternal Feather"}],"items_purged_floors":[14,36],"is_endless":false,"potions_floor_spawned":[1,4,13,22,30,31,37,38,42],"killed_by":"Awakened One","ascension_level":0}