{"gold_per_floor":[113,113,126,139,156,212,212,212,212,212,225,244,519,531,531,531],"floor_reached":16,"playtime":648,"items_purged":[],"score":129,"play_id":"cb1e2972-c22d-4652-8936-9996833402f8","local_time":"20190217222820","is_ascension_mode":false,"campfire_choices":[{"floor":7,"key":"RECALL"},{"data":"Heavy Blade","floor":10,"key":"SMITH"},{"data":"Bash","floor":15,"key":"SMITH"}],"neow_cost":"NONE","seed_source_timestamp":34690901589927,"circlet_count":0,"master_deck":["Strike_R","Strike_R","Strike_R","Strike_R","Defend_R","Defend_R","Defend_R","Defend_R","Bash+1","Heavy Blade+1","Pommel Strike","Dropkick","Clash","Dropkick","Thunderclap","Regret","Clash"],"relics":["Burning Blood","Bronze Scales","Tiny Chest","Bottled Lightning"],"potions_floor_usage":[6,14,16],"damage_taken":[{"damage":0,"enemies":"2 Louse","floor":1,"turns":3},{"damage":6,"enemies":"Cultist","floor":3,"turns":2},{"damage":3,"enemies":"Jaw Worm","floor":4,"turns":3},{"damage":9,"enemies":"2 Fungi Beasts","floor":5,"turns":4},{"damage":0,"enemies":"Gremlin Nob","floor":6,"turns":2},{"damage":11,"enemies":"Lots of Slimes","floor":11,"turns":3},{"damage":11,"enemies":"Exordium Thugs","floor":12,"turns":4},{"damage":0,"enemies":"2 Fungi Beasts","floor":14,"turns":2},{"damage":76,"enemies":"The Guardian","floor":16,"turns":8}],"seed_played":"644972527450208607","potions_obtained":[{"floor":4,"key":"AttackPotion"},{"floor":5,"key":"LiquidBronze"},{"floor":12,"key":"GamblersBrew"}],"is_trial":false,"path_per_floor":["M","?","M","M","M","E","R","T","T","R","M","M","?","M","R","B"],"character_chosen":"IRONCLAD","items_purchased":[],"campfire_rested":0,"item_purchase_floors":[],"current_hp_per_floor":[80,80,80,80,77,80,80,80,80,80,75,70,70,76,76,0],"gold":531,"neow_bonus":"RANDOM_COMMON_RELIC","is_prod":false,"is_daily":false,"chose_seed":false,"campfire_upgraded":2,"win_rate":0,"timestamp":1550438900,"path_taken":["M","?","?","M","M","E","R","?","T","R","M","M","?","M","R","BOSS"],"build_version":"2019-01-23","purchased_purges":0,"victory":false,"max_hp_per_floor":[80,80,80,80,80,80,80,80,80,80,80,80,80,80,80,80],"card_choices":[{"not_picked":["Twin Strike","Cleave"],"picked":"Heavy Blade","floor":1},{"not_picked":["Twin Strike","Wild Strike"],"picked":"Pommel Strike","floor":3},{"not_picked":["Evolve","Warcry"],"picked":"Dropkick","floor":4},{"not_picked":["Havoc","Iron Wave"],"picked":"Clash","floor":5},{"not_picked":["Second Wind","Brutality","Fire Breathing"],"picked":"SKIP","floor":6},{"not_picked":["Fire Breathing","Heavy Blade"],"picked":"Dropkick","floor":11},{"not_picked":["Headbutt","Pommel Strike"],"picked":"Thunderclap","floor":12},{"not_picked":["Thunderclap","Brutality"],"picked":"Clash","floor":14}],"player_experience":633920,"relics_obtained":[{"floor":6,"key":"Tiny Chest"},{"floor":9,"key":"Bottled Lightning"}],"event_choices":[{"cards_removed":["Strike_R"],"damage_healed":0,"gold_gain":0,"player_choice":"Purged","damage_taken":0,"max_hp_gain":0,"max_hp_loss":0,"event_name":"Purifier","floor":2,"gold_loss":0},{"damage_healed":0,"gold_gain":275,"player_choice":"Desecrate","damage_taken":0,"max_hp_gain":0,"max_hp_loss":0,"event_name":"Golden Shrine","floor":13,"gold_loss":0,"cards_obtained":["Regret"]}],"is_beta":false,"boss_relics":[],"items_purged_floors":[],"is_endless":false,"potions_floor_spawned":[4,5,12],"killed_by":"The Guardian","ascension_level":0}