{"gold_per_floor":[114,129,144,106,106,121,136,136,136,151,151,166,166,196,196,296,296,311,11,11,26,41,71,71,86,86,101,101,116,131,131,131,231,231,246,16,31,0,15,45,45,60,60,75,75,90,90,105,105,105],"floor_reached":50,"playtime":4830,"items_purged":[],"score":550,"play_id":"313f3d6e-6784-4871-901f-c8dbd56fbacb","local_time":"20181019235707","daily_mods":["Allstar","Uncertain Future","Terminal"],"is_ascension_mode":false,"campfire_choices":[{"data":"Caltrops","floor":11,"key":"SMITH"},{"data":"Blade Dance","floor":13,"key":"SMITH"},{"data":"After Image","floor":15,"key":"SMITH"},{"data":"Madness","floor":24,"key":"SMITH"},{"data":"Footwork","floor":28,"key":"SMITH"},{"data":"Thinking Ahead","floor":32,"key":"SMITH"},{"floor":41,"key":"REST"},{"data":"Sadistic Nature","floor":47,"key":"SMITH"},{"floor":49,"key":"REST"}],"neow_cost":"","seed_source_timestamp":0,"circlet_count":0,"master_deck":["Defend_G","Defend_G","Defend_G","Defend_G","Defend_G","Strike_G","Strike_G+1","Strike_G","Strike_G","Strike_G","Survivor","Neutralize+1","Madness+1","Forethought","Purity","Thinking Ahead+1","Discovery+1","Backflip","Dagger Spray","Riddle With Holes","Caltrops+1","Dagger Spray","Dagger Spray","Footwork+1","Blade Dance+1","After Image+1","Die Die Die","All Out Attack","Slice","Bouncing Flask","Leg Sweep","Backflip","Acrobatics","Deadly Poison+1","Venomology","Flying Knee","Sadistic Nature+1","Noxious Fumes","Dodge and Roll+1","Crippling Poison+1","Flying Knee","Caltrops+1","Noxious Fumes+1","Writhe","Cloak And Dagger","Blade Dance","Footwork+1"],"special_seed":17823,"relics":["Ring of the Snake","Kunai","Strawberry","Odd Mushroom","Bag of Preparation","Busted Crown","TwistedFunnel","MutagenicStrength","Dream Catcher","Whetstone","Lizard Tail","Red Mask","Darkstone Periapt","Question Card"],"potions_floor_usage":[12,16,16,21,23,35,37,40,42,42,42,42,46,48,48,50],"damage_taken":[{"damage":0,"enemies":"2 Louse","floor":1,"turns":3},{"damage":0,"enemies":"Small Slimes","floor":2,"turns":5},{"damage":0,"enemies":"Cultist","floor":3,"turns":5},{"damage":0,"enemies":"3 Louse","floor":6,"turns":4},{"damage":6,"enemies":"Large Slime","floor":7,"turns":6},{"damage":1,"enemies":"Exordium Thugs","floor":10,"turns":5},{"damage":0,"enemies":"The Mushroom Lair","floor":12,"turns":3},{"damage":22,"enemies":"Lagavulin","floor":14,"turns":9},{"damage":30,"enemies":"Slime Boss","floor":16,"turns":15},{"damage":0,"enemies":"Spheric Guardian","floor":18,"turns":3},{"damage":0,"enemies":"3 Byrds","floor":21,"turns":2},{"damage":4,"enemies":"Snake Plant","floor":22,"turns":5},{"damage":0,"enemies":"Book of Stabbing","floor":23,"turns":5},{"damage":5,"enemies":"Shelled Parasite and Fungi","floor":25,"turns":5},{"damage":0,"enemies":"Centurion and Healer","floor":27,"turns":5},{"damage":0,"enemies":"Snecko","floor":29,"turns":4},{"damage":0,"enemies":"Chosen and Byrds","floor":30,"turns":3},{"damage":33,"enemies":"Automaton","floor":33,"turns":15},{"damage":3,"enemies":"3 Darklings","floor":35,"turns":4},{"damage":0,"enemies":"3 Shapes","floor":37,"turns":4},{"damage":16,"enemies":"Transient","floor":39,"turns":5},{"damage":14,"enemies":"Nemesis","floor":40,"turns":9},{"damage":9,"enemies":"Maw","floor":42,"turns":8},{"damage":0,"enemies":"Jaw Worm Horde","floor":44,"turns":3},{"damage":0,"enemies":"4 Shapes","floor":46,"turns":1},{"damage":11,"enemies":"Spire Growth","floor":48,"turns":5},{"damage":83,"enemies":"Donu and Deca","floor":50,"turns":9}],"seed_played":"-7407834617241982638","potions_obtained":[{"floor":1,"key":"AttackPotion"},{"floor":6,"key":"Weak Potion"},{"floor":7,"key":"PowerPotion"},{"floor":12,"key":"GamblersBrew"},{"floor":14,"key":"PowerPotion"},{"floor":25,"key":"Dexterity Potion"},{"floor":29,"key":"Strength Potion"},{"floor":30,"key":"FearPotion"},{"floor":35,"key":"Energy Potion"},{"floor":40,"key":"Regen Potion"}],"is_trial":false,"path_per_floor":["M","M","M","$","?","M","M","?","T","M","R","?","R","E","R","B",null,"M","$","?","M","M","E","R","M","T","M","R","M","M","?","R","B",null,"M","$","M","?","M","E","R","M","T","M","?","M","R","M","R"],"character_chosen":"THE_SILENT","items_purchased":["Caltrops","TwistedFunnel","Fruit Juice","Sadistic Nature","Noxious Fumes"],"campfire_rested":2,"item_purchase_floors":[4,19,19,36,36],"current_hp_per_floor":[68,67,66,65,62,62,56,56,63,62,62,62,62,40,40,10,59,58,57,56,60,56,56,56,51,51,51,51,51,51,50,49,16,47,44,44,44,43,27,13,25,28,28,28,42,41,40,29,38,0],"gold":105,"neow_bonus":"","is_prod":false,"is_daily":true,"chose_seed":false,"campfire_upgraded":7,"win_rate":0,"timestamp":1539989827,"path_taken":["M","M","M","$","?","M","M","?","T","M","R","?","R","E","R","BOSS","M","$","?","M","M","E","R","?","T","M","R","M","M","?","R","BOSS","M","$","M","?","M","E","R","M","T","M","?","?","R","M","R","BOSS"],"build_version":"2018-10-18","purchased_purges":0,"victory":false,"max_hp_per_floor":[68,67,66,65,64,63,62,61,67,66,65,64,63,62,61,60,59,58,57,56,60,59,58,57,56,55,54,53,52,51,50,49,48,47,46,45,44,43,42,41,40,39,38,37,42,41,40,39,38,38],"card_choices":[{"not_picked":["Flechettes","Prepared"],"picked":"Backflip","floor":1},{"not_picked":["Sucker Punch","Dagger Throw"],"picked":"Dagger Spray","floor":2},{"not_picked":["Deflect","Deadly Poison"],"picked":"Riddle With Holes","floor":3},{"not_picked":["Acrobatics","Quick Slash"],"picked":"Dagger Spray","floor":6},{"not_picked":["Heel Hook","Endless Agony"],"picked":"Dagger Spray","floor":7},{"not_picked":["Burst","Bane"],"picked":"Footwork","floor":10},{"not_picked":["Crippling Poison","Backflip"],"picked":"Blade Dance","floor":12},{"not_picked":["Storm of Steel","Masterful Stab"],"picked":"After Image","floor":14},{"not_picked":["Doppelganger","Phantasmal Killer"],"picked":"Die Die Die","floor":16},{"not_picked":[],"picked":"All Out Attack","floor":18},{"not_picked":[],"picked":"Slice","floor":21},{"not_picked":[],"picked":"Bouncing Flask","floor":22},{"not_picked":["Reflex"],"picked":"SKIP","floor":23},{"not_picked":[],"picked":"Leg Sweep","floor":25},{"not_picked":[],"picked":"Backflip","floor":27},{"not_picked":[],"picked":"Acrobatics","floor":29},{"not_picked":[],"picked":"Deadly Poison+1","floor":30},{"not_picked":[],"picked":"Venomology","floor":33},{"not_picked":[],"picked":"Flying Knee","floor":35},{"not_picked":[],"picked":"Dodge and Roll+1","floor":37},{"not_picked":[],"picked":"Crippling Poison+1","floor":39},{"not_picked":[],"picked":"Flying Knee","floor":40},{"not_picked":[],"picked":"Caltrops+1","floor":42},{"not_picked":["Catalyst"],"picked":"Noxious Fumes+1","floor":44},{"not_picked":["Dagger Throw"],"picked":"Cloak And Dagger","floor":46},{"not_picked":["PiercingWail"],"picked":"Blade Dance","floor":48},{"not_picked":["Choke+1"],"picked":"Footwork+1","floor":49}],"player_experience":593971,"relics_obtained":[{"floor":9,"key":"Strawberry"},{"floor":12,"key":"Odd Mushroom"},{"floor":14,"key":"Bag of Preparation"},{"floor":23,"key":"Dream Catcher"},{"floor":26,"key":"Whetstone"},{"floor":40,"key":"Darkstone Periapt"},{"floor":43,"key":"Question Card"}],"event_choices":[{"damage_healed":0,"gold_gain":0,"player_choice":"Success","damage_taken":3,"relics_obtained":["Kunai"],"max_hp_gain":0,"max_hp_loss":0,"event_name":"Scrap Ooze","floor":5,"gold_loss":0},{"damage_healed":0,"gold_gain":0,"player_choice":"Grow","damage_taken":0,"max_hp_gain":0,"max_hp_loss":0,"event_name":"Living Wall","floor":8,"gold_loss":0,"cards_upgraded":["Discovery"]},{"damage_healed":0,"gold_gain":0,"player_choice":"Fought Mushrooms","damage_taken":0,"max_hp_gain":0,"max_hp_loss":0,"event_name":"Mushrooms","floor":12,"gold_loss":0},{"damage_healed":0,"gold_gain":0,"player_choice":"Inject Mutagens","damage_taken":0,"relics_obtained":["MutagenicStrength"],"max_hp_gain":0,"max_hp_loss":0,"event_name":"Drug Dealer","floor":20,"gold_loss":0},{"damage_healed":0,"gold_gain":0,"player_choice":"Ignored","damage_taken":0,"max_hp_gain":0,"max_hp_loss":0,"event_name":"Transmorgrifier","floor":31,"gold_loss":0},{"damage_healed":0,"gold_gain":0,"player_choice":"Paid","damage_taken":0,"relics_obtained":["Red Mask"],"max_hp_gain":0,"max_hp_loss":0,"event_name":"Tomb of Lord Red Mask","floor":38,"gold_loss":31},{"damage_healed":9,"gold_gain":0,"player_choice":"Writhe","damage_taken":0,"max_hp_gain":0,"max_hp_loss":0,"event_name":"Winding Halls","floor":45,"gold_loss":0,"cards_obtained":["Writhe"]}],"is_beta":false,"boss_relics":[{"not_picked":["Pandora\u0027s Box","Eternal Feather"],"picked":"Busted Crown"},{"not_picked":["Cursed Key","Snecko Eye"],"picked":"Lizard Tail"}],"items_purged_floors":[],"is_endless":false,"potions_floor_spawned":[1,6,7,12,14,25,29,30,35,40,44],"killed_by":"Donu and Deca","ascension_level":0}