{"gold_per_floor":[111,61,81,156,156,183,194,194,194,209,134,134,154,164,164,263,263,274,274,174,186,186,186,101,115,115,115],"floor_reached":27,"playtime":1747,"items_purged":["Strike_B","Strike_B"],"score":263,"play_id":"9c03f7d0-de4a-4514-b5d6-89e1f0748ece","local_time":"20190205173227","is_ascension_mode":false,"campfire_choices":[{"data":"Fusion","floor":8.0,"key":"SMITH"},{"data":"Hologram","floor":12.0,"key":"SMITH"},{"data":"Hologram","floor":15.0,"key":"SMITH"},{"data":"Dualcast","floor":23.0,"key":"SMITH"}],"neow_cost":"NONE","seed_source_timestamp":1902039405679408,"circlet_count":0,"master_deck":["Defend_B","Defend_B","Defend_B","Defend_B","Zap","Dualcast+1","BootSequence","Hologram+1","Fusion+1","Hologram+1","Meteor Strike","Clumsy"],"special_seed":0,"relics":["Cracked Core","NeowsBlessing","Bird Faced Urn","Unceasing Top","FossilizedHelix","Cursed Key","Vajra","Dream Catcher"],"potions_floor_usage":[27],"damage_taken":[{"damage":0.0,"enemies":"Small Slimes","floor":1.0,"turns":1.0},{"damage":0.0,"enemies":"2 Louse","floor":3.0,"turns":1.0},{"damage":0.0,"enemies":"Gremlin Nob","floor":6.0,"turns":1.0},{"damage":0.0,"enemies":"Cultist","floor":7.0,"turns":4.0},{"damage":0.0,"enemies":"Exordium Thugs","floor":10.0,"turns":5.0},{"damage":2.0,"enemies":"Blue Slaver","floor":13.0,"turns":5.0},{"damage":6.0,"enemies":"3 Louse","floor":14.0,"turns":4.0},{"damage":16.0,"enemies":"The Guardian","floor":16.0,"turns":15.0},{"damage":0.0,"enemies":"Chosen","floor":18.0,"turns":3.0},{"damage":42.0,"enemies":"3 Byrds","floor":21.0,"turns":7.0},{"damage":0.0,"enemies":"Centurion and Healer","floor":25.0,"turns":2.0},{"damage":33,"enemies":"Chosen and Byrds","floor":27,"turns":6}],"seed_played":"-2540328157334193698","potions_obtained":[{"floor":1.0,"key":"GamblersBrew"},{"floor":13.0,"key":"Energy Potion"},{"floor":14.0,"key":"Swift Potion"},{"floor":16.0,"key":"Block Potion"},{"floor":25.0,"key":"Dexterity Potion"}],"is_trial":false,"path_per_floor":["M","?","M","?","?","E","M","R","T","M","$","R","M","M","R","B",null,"M","?","$","M","?","R","?","M","T","M"],"character_chosen":"DEFECT","items_purchased":[],"campfire_rested":0,"item_purchase_floors":[],"current_hp_per_floor":[75,75,75,64,64,64,64,64,64,64,64,64,62,56,56,40,75,75,75,75,33,33,33,33,33,33,0],"gold":115,"neow_bonus":"THREE_ENEMY_KILL","is_prod":false,"is_daily":false,"chose_seed":false,"campfire_upgraded":4,"win_rate":0,"timestamp":1549409547,"path_taken":["M","?","M","?","?","E","?","R","T","M","$","R","M","M","R","BOSS","M","?","$","M","?","R","?","?","T","M"],"build_version":"2019-01-23","purchased_purges":2,"victory":false,"max_hp_per_floor":[75,75,75,75,75,75,75,75,75,75,75,75,75,75,75,75,75,75,75,75,75,75,75,75,75,75,75],"card_choices":[{"not_picked":["Rip and Tear","Steam"],"picked":"BootSequence","floor":1.0},{"not_picked":["Sweeping Beam","Redo"],"picked":"Hologram","floor":3.0},{"not_picked":["Leap","Capacitor"],"picked":"Fusion","floor":6.0},{"not_picked":["Defragment","Gash"],"picked":"Hologram","floor":7.0},{"not_picked":["Self Repair","Lockon","Static Discharge"],"picked":"SKIP","floor":10.0},{"not_picked":["Rebound","Ball Lightning","Stack"],"picked":"SKIP","floor":13.0},{"not_picked":["Aggregate","Stack","Auto Shields"],"picked":"SKIP","floor":14.0},{"not_picked":["Seek","Thunder Strike"],"picked":"Meteor Strike","floor":16.0},{"not_picked":["Heatsinks","Ball Lightning","Cold Snap"],"picked":"SKIP","floor":18.0},{"not_picked":["Compile Driver","White Noise","Leap+1"],"picked":"SKIP","floor":21.0},{"not_picked":["Rip and Tear+1","Sweeping Beam","Rebound+1"],"picked":"SKIP","floor":25.0}],"player_experience":716840,"relics_obtained":[{"floor":5.0,"key":"Bird Faced Urn"},{"floor":6.0,"key":"Unceasing Top"},{"floor":9.0,"key":"FossilizedHelix"},{"floor":26.0,"key":"Dream Catcher"}],"event_choices":[{"cards_removed":["Strike_B"],"damage_healed":0.0,"max_hp_gain":0.0,"max_hp_loss":0.0,"gold_gain":0.0,"event_name":"The Cleric","player_choice":"Card Removal","floor":2.0,"gold_loss":50.0,"damage_taken":0.0},{"damage_healed":0.0,"max_hp_gain":0.0,"max_hp_loss":0.0,"gold_gain":75.0,"event_name":"World of Goop","player_choice":"Gather Gold","floor":4.0,"gold_loss":0.0,"damage_taken":11.0},{"damage_healed":0.0,"max_hp_gain":0.0,"max_hp_loss":0.0,"gold_gain":0.0,"event_name":"Wheel of Change","player_choice":"Relic","floor":5.0,"gold_loss":0.0,"damage_taken":0.0},{"cards_removed":["Strike_B"],"damage_healed":0.0,"max_hp_gain":0.0,"max_hp_loss":0.0,"gold_gain":0.0,"event_name":"Back to Basics","player_choice":"Elegance","floor":19.0,"gold_loss":0.0,"damage_taken":0.0},{"damage_healed":0.0,"max_hp_gain":0.0,"max_hp_loss":0.0,"gold_gain":0.0,"event_name":"Cursed Tome","player_choice":"Ignored","floor":22.0,"gold_loss":0.0,"damage_taken":0.0},{"damage_healed":0.0,"max_hp_gain":0.0,"max_hp_loss":0.0,"gold_gain":0.0,"event_name":"Addict","player_choice":"Obtained Relic","floor":24.0,"gold_loss":85.0,"damage_taken":0.0,"relics_obtained":["Vajra"]}],"is_beta":false,"boss_relics":[{"not_picked":["Calling Bell","Fusion Hammer"],"picked":"Cursed Key"}],"items_purged_floors":[11,20],"is_endless":false,"potions_floor_spawned":[1,13,14,16,25],"killed_by":"Chosen and Byrds","ascension_level":0}