{"gold_per_floor":[115,115,62,81,98,133,133,133,209,238,238,238,256,34,34,112,112,132,132,132,132,149,149],"floor_reached":23,"playtime":1063,"items_purged":[],"score":394,"play_id":"9396dabc-330d-4c0e-9fc1-d60bb2b5c565","local_time":"20190305151707","is_ascension_mode":true,"campfire_choices":[{"data":"Static Discharge","floor":7.0,"key":"SMITH"},{"floor":12.0,"key":"REST"},{"data":"Zap","floor":15.0,"key":"SMITH"}],"neow_cost":"NONE","seed_source_timestamp":285034399728908,"circlet_count":0,"master_deck":["AscendersBane","Strike_B","Strike_B","Strike_B","Defend_B","Defend_B","Defend_B","Defend_B","Zap+1","Dualcast","Doom and Gloom","Static Discharge+1","Gash","Echo Form","Glacier","Chill","Rainbow","Barrage","RitualDagger","Turbo"],"special_seed":0,"relics":["Cracked Core","NeowsBlessing","Potion Belt","Oddly Smooth Stone","Membership Card","Inserter"],"potions_floor_usage":[19,19],"damage_taken":[{"damage":0.0,"enemies":"Cultist","floor":1.0,"turns":1.0},{"damage":0.0,"enemies":"2 Louse","floor":4.0,"turns":1.0},{"damage":0.0,"enemies":"Small Slimes","floor":5.0,"turns":1.0},{"damage":31.0,"enemies":"Gremlin Nob","floor":6.0,"turns":4.0},{"damage":25.0,"enemies":"3 Sentries","floor":10.0,"turns":4.0},{"damage":6.0,"enemies":"2 Fungi Beasts","floor":13.0,"turns":3.0},{"damage":4.0,"enemies":"Hexaghost","floor":16.0,"turns":9.0},{"damage":18.0,"enemies":"3 Byrds","floor":18.0,"turns":6.0},{"damage":19,"enemies":"Colosseum Slavers","floor":19,"turns":3},{"damage":24,"enemies":"Shell Parasite","floor":22,"turns":6},{"damage":11,"enemies":"Gremlin Leader","floor":23,"turns":2}],"seed_played":"4548174386479319941","potions_obtained":[{"floor":4.0,"key":"Poison Potion"},{"floor":6.0,"key":"AttackPotion"},{"floor":18.0,"key":"FearPotion"}],"is_trial":false,"path_per_floor":["M","?","$","M","M","E","R","?","T","E","?","R","M","$","R","B",null,"M","?","?","?","M","E"],"character_chosen":"DEFECT","items_purchased":["Fire Potion","Membership Card"],"campfire_rested":1,"item_purchase_floors":[3,14],"current_hp_per_floor":[64,64,64,64,64,33,33,33,33,8,8,29,23,23,23,19,58,40,21,35,29,5,0],"gold":149,"neow_bonus":"THREE_ENEMY_KILL","is_prod":false,"is_daily":false,"chose_seed":false,"campfire_upgraded":2,"win_rate":0,"timestamp":1551820627,"path_taken":["M","?","$","M","?","E","R","?","T","E","?","R","M","$","R","BOSS","M","?","?","?","M","E"],"build_version":"2019-01-23","purchased_purges":0,"victory":false,"max_hp_per_floor":[71,71,71,71,71,71,71,71,71,71,71,71,71,71,71,71,71,71,71,71,71,71,71],"card_choices":[{"not_picked":["Turbo","Hologram"],"picked":"Doom and Gloom","floor":1.0},{"not_picked":["Streamline","Beam Cell"],"picked":"Static Discharge","floor":4.0},{"not_picked":["Turbo","Barrage"],"picked":"Gash","floor":5.0},{"not_picked":["Beam Cell","Gash"],"picked":"Echo Form","floor":6.0},{"not_picked":["Cold Snap","Tempest"],"picked":"Glacier","floor":10.0},{"not_picked":["Rebound","Hologram"],"picked":"Chill","floor":13.0},{"not_picked":["Creative AI","Thunder Strike"],"picked":"Rainbow","floor":16.0},{"not_picked":["Sweeping Beam","Aggregate"],"picked":"Barrage","floor":18.0},{"not_picked":["Compile Driver","Hologram"],"picked":"Turbo","floor":22}],"player_experience":679515,"relics_obtained":[{"floor":6.0,"key":"Potion Belt"},{"floor":10.0,"key":"Oddly Smooth Stone"}],"event_choices":[{"cards_removed":["Strike_B"],"damage_healed":0.0,"max_hp_gain":0.0,"max_hp_loss":0.0,"gold_gain":0.0,"event_name":"Purifier","player_choice":"Purged","floor":2.0,"gold_loss":0.0,"damage_taken":0.0},{"damage_healed":0.0,"max_hp_gain":0.0,"max_hp_loss":0.0,"gold_gain":0.0,"event_name":"Golden Idol","player_choice":"Ignored","floor":8.0,"gold_loss":0.0,"damage_taken":0.0},{"damage_healed":0.0,"max_hp_gain":0.0,"max_hp_loss":0.0,"gold_gain":0.0,"event_name":"Shining Light","player_choice":"Ignored","floor":11.0,"gold_loss":0.0,"damage_taken":0.0},{"damage_healed":0,"gold_gain":0,"player_choice":"Fight","damage_taken":0,"max_hp_gain":0,"max_hp_loss":0,"event_name":"Colosseum","floor":19,"gold_loss":0},{"damage_healed":0,"gold_gain":0,"player_choice":"Fled From Nobs","damage_taken":0,"max_hp_gain":0,"max_hp_loss":0,"event_name":"Colosseum","floor":19,"gold_loss":0},{"damage_healed":14,"gold_gain":0,"player_choice":"Heal","damage_taken":0,"max_hp_gain":0,"max_hp_loss":0,"event_name":"The Library","floor":20,"gold_loss":0},{"damage_healed":0,"gold_gain":0,"player_choice":"Joined the Cult","damage_taken":6,"max_hp_gain":0,"max_hp_loss":0,"event_name":"Nest","floor":21,"gold_loss":0,"cards_obtained":["RitualDagger"]}],"is_beta":false,"boss_relics":[{"not_picked":["Astrolabe","Black Star"],"picked":"Inserter"}],"items_purged_floors":[],"is_endless":false,"potions_floor_spawned":[4,6,18],"killed_by":"Gremlin Leader","ascension_level":20}