{"gold_per_floor":[109,109,120,45,57,88,88,49,76,76,28,28,56,73,73,177,177,187,205,105,105,122,122,135,152,152,152,170,204,204,218,218,313,313,324,324,337,45,56,56,66,66,66,66,85,85,85,112,112,112,112,112,25,52,52],"floor_reached":55,"playtime":3546,"items_purged":["Strike_B","Strike_B"],"score":702,"play_id":"e472a236-e2f2-49aa-9b81-354c7dc58fc3","local_time":"20190208115313","is_ascension_mode":false,"campfire_choices":[{"data":"Gash","floor":10.0,"key":"SMITH"},{"data":"Gash","floor":15.0,"key":"SMITH"},{"data":"Hologram","floor":23.0,"key":"SMITH"},{"data":"Seek","floor":27.0,"key":"SMITH"},{"data":"Beam Cell","floor":30.0,"key":"SMITH"},{"data":"Go for the Eyes","floor":32.0,"key":"SMITH"},{"floor":40.0,"key":"RECALL"},{"data":"Apotheosis","floor":42.0,"key":"SMITH"},{"floor":44.0,"key":"REST"},{"data":"Thinking Ahead","floor":49.0,"key":"SMITH"},{"data":"BootSequence","floor":52.0,"key":"SMITH"}],"neow_cost":"NONE","seed_source_timestamp":157106979553953,"circlet_count":0,"master_deck":["Defend_B","Defend_B","Defend_B","Defend_B","Zap","Dualcast","Gash+1","Gash+1","Sweeping Beam","Seek+1","FTL","Beam Cell+1","All For One","Hologram+1","Go for the Eyes","All For One","Thinking Ahead+1","Auto Shields","Gash","Apotheosis+1","Swift Strike","BootSequence+1","Dark Shackles","Leap"],"special_seed":0,"relics":["Cracked Core","NeowsBlessing","Lantern","Boot","Strawberry","Centennial Puzzle","Cursed Key","Meat on the Bone","Empty Cage","Mercury Hourglass","Orichalcum","Thread and Needle"],"potions_floor_usage":[55],"damage_taken":[{"damage":0.0,"enemies":"2 Louse","floor":1.0,"turns":1.0},{"damage":0.0,"enemies":"Cultist","floor":3.0,"turns":1.0},{"damage":0.0,"enemies":"Jaw Worm","floor":5.0,"turns":1.0},{"damage":29.0,"enemies":"3 Sentries","floor":6.0,"turns":9.0},{"damage":0.0,"enemies":"Gremlin Nob","floor":13.0,"turns":3.0},{"damage":1.0,"enemies":"Exordium Thugs","floor":14.0,"turns":3.0},{"damage":32.0,"enemies":"The Guardian","floor":16.0,"turns":8.0},{"damage":0.0,"enemies":"3 Byrds","floor":18.0,"turns":3.0},{"damage":8.0,"enemies":"Shell Parasite","floor":19.0,"turns":2.0},{"damage":0.0,"enemies":"Shelled Parasite and Fungi","floor":22.0,"turns":3.0},{"damage":9.0,"enemies":"Snake Plant","floor":24.0,"turns":3.0},{"damage":0.0,"enemies":"3 Cultists","floor":25.0,"turns":5.0},{"damage":7.0,"enemies":"Shelled Parasite and Fungi","floor":28.0,"turns":2.0},{"damage":8.0,"enemies":"Gremlin Leader","floor":29.0,"turns":5.0},{"damage":0.0,"enemies":"Centurion and Healer","floor":31.0,"turns":1.0},{"damage":49.0,"enemies":"Collector","floor":33.0,"turns":7.0},{"damage":17.0,"enemies":"3 Shapes","floor":35.0,"turns":3.0},{"damage":6.0,"enemies":"Orb Walker","floor":37.0,"turns":2.0},{"damage":1.0,"enemies":"Spire Growth","floor":39.0,"turns":2.0},{"damage":4.0,"enemies":"Sphere and 2 Shapes","floor":41.0,"turns":3.0},{"damage":0.0,"enemies":"Jaw Worm Horde","floor":45.0,"turns":2.0},{"damage":2.0,"enemies":"Nemesis","floor":48.0,"turns":3.0},{"damage":37.0,"enemies":"Awakened One","floor":50.0,"turns":8.0},{"damage":27.0,"enemies":"Shield and Spear","floor":54.0,"turns":5.0},{"damage":61,"enemies":"The Heart","floor":55,"turns":5}],"seed_played":"6444190132380066723","potions_obtained":[{"floor":3.0,"key":"LiquidBronze"},{"floor":6.0,"key":"Weak Potion"},{"floor":24.0,"key":"Dexterity Potion"},{"floor":25.0,"key":"SpeedPotion"},{"floor":33.0,"key":"Energy Potion"},{"floor":48.0,"key":"Fruit Juice"},{"floor":54.0,"key":"PowerPotion"}],"is_trial":false,"path_per_floor":["M","?","M","$","M","E","?","$","T","R","$","?","E","M","R","B",null,"M","M","$","?","M","R","M","M","T","R","M","E","R","M","R","B",null,"M","?","M","$","M","R","M","R","T","R","M","?","?","E","R","B",null,"R","$","E","B"],"character_chosen":"DEFECT","items_purchased":["FTL","Beam Cell","Gash","Apotheosis","Swift Strike","Dark Shackles"],"campfire_rested":1,"item_purchase_floors":[8,11,38,38,38,53],"current_hp_per_floor":[75,75,75,75,75,46,46,46,46,46,46,53,53,52,52,20,82,82,74,74,74,74,74,65,65,65,65,58,50,50,50,50,13,79,62,62,56,56,55,55,51,51,51,74,74,74,74,77,77,52,84,84,84,57,0],"gold":52,"neow_bonus":"THREE_ENEMY_KILL","is_prod":false,"is_daily":false,"chose_seed":false,"campfire_upgraded":9,"win_rate":0,"timestamp":1549648393,"path_taken":["M","?","?","$","M","E","?","?","T","R","$","?","E","M","R","BOSS","M","?","$","?","M","R","M","M","T","R","M","E","R","M","R","BOSS","M","?","M","$","M","R","M","R","T","R","M","?","?","E","R","BOSS","R","$","E","BOSS"],"build_version":"2019-01-23","purchased_purges":2,"victory":false,"max_hp_per_floor":[75,75,75,75,75,75,75,75,75,75,75,82,82,82,82,82,82,82,82,82,82,82,82,82,82,82,82,82,82,82,82,82,82,79,79,79,79,79,79,79,79,79,79,79,79,79,79,84,84,84,84,84,84,84,84],"card_choices":[{"not_picked":["Ball Lightning","Beam Cell"],"picked":"Gash","floor":1.0},{"not_picked":["Redo","Sweeping Beam"],"picked":"Gash","floor":3.0},{"not_picked":["Sweeping Beam","Beam Cell"],"picked":"Go for the Eyes","floor":5.0},{"not_picked":["Turbo","Heatsinks"],"picked":"Sweeping Beam","floor":6.0},{"not_picked":["Redo","Stack","Consume"],"picked":"SKIP","floor":13.0},{"not_picked":["Cold Snap","Sweeping Beam","Thunder Strike"],"picked":"SKIP","floor":14.0},{"not_picked":["Core Surge","Electrodynamics"],"picked":"All For One","floor":16.0},{"not_picked":["Steam Power","Darkness","Steam"],"picked":"SKIP","floor":18.0},{"not_picked":["Storm+1","Self Repair","Barrage"],"picked":"SKIP","floor":19.0},{"not_picked":["Stack+1","Streamline"],"picked":"Hologram","floor":22.0},{"not_picked":["Barrage","Aggregate","Cold Snap"],"picked":"SKIP","floor":24.0},{"not_picked":["Steam","FTL"],"picked":"Go for the Eyes","floor":25.0},{"not_picked":["Undo+1","Barrage","Rainbow"],"picked":"SKIP","floor":28.0},{"not_picked":["Turbo","Ball Lightning","Sweeping Beam"],"picked":"SKIP","floor":29.0},{"not_picked":["Loop","Turbo","Rip and Tear+1"],"picked":"SKIP","floor":31.0},{"not_picked":["Fission","Amplify"],"picked":"All For One","floor":33.0},{"not_picked":["Steam Power","Streamline+1","Genetic Algorithm+1"],"picked":"SKIP","floor":35.0},{"not_picked":["Impatience","Jack Of All Trades"],"picked":"Thinking Ahead","floor":36.0},{"not_picked":["Lockon+1","Conserve Battery"],"picked":"Auto Shields","floor":37.0},{"not_picked":["Defragment+1","Self Repair+1","Glacier+1"],"picked":"SKIP","floor":39.0},{"not_picked":["Ball Lightning","Lockon+1","Tempest"],"picked":"SKIP","floor":41.0},{"not_picked":["Steam","FTL"],"picked":"BootSequence","floor":45.0},{"not_picked":["Storm+1","Hello World+1","Steam Power"],"picked":"SKIP","floor":48.0},{"not_picked":["Melter","Reboot"],"picked":"Leap","floor":54.0}],"player_experience":753216,"relics_obtained":[{"floor":6.0,"key":"Lantern"},{"floor":9.0,"key":"Boot"},{"floor":12.0,"key":"Strawberry"},{"floor":13.0,"key":"Centennial Puzzle"},{"floor":29.0,"key":"Meat on the Bone"},{"floor":43.0,"key":"Mercury Hourglass"},{"floor":48.0,"key":"Orichalcum"},{"floor":54.0,"key":"Thread and Needle"}],"event_choices":[{"damage_healed":0.0,"max_hp_gain":0.0,"max_hp_loss":0.0,"gold_gain":0.0,"event_name":"Match and Keep!","player_choice":"0 cards matched","floor":2.0,"gold_loss":0.0,"damage_taken":0.0,"cards_obtained":[]},{"cards_removed":["Strike_B"],"damage_healed":0.0,"max_hp_gain":0.0,"max_hp_loss":0.0,"gold_gain":0.0,"event_name":"NoteForYourself","player_choice":"Took Card","floor":7.0,"gold_loss":0.0,"damage_taken":0.0,"cards_obtained":["Seek"]},{"damage_healed":0.0,"max_hp_gain":0.0,"max_hp_loss":0.0,"gold_gain":0.0,"event_name":"Wheel of Change","player_choice":"Relic","floor":12.0,"gold_loss":0.0,"damage_taken":0.0},{"damage_healed":0.0,"max_hp_gain":0.0,"max_hp_loss":0.0,"gold_gain":0.0,"event_name":"Ghosts","player_choice":"Ignored","floor":21.0,"gold_loss":0.0,"damage_taken":0.0},{"damage_healed":0.0,"max_hp_gain":0.0,"max_hp_loss":0.0,"gold_gain":0.0,"event_name":"SensoryStone","player_choice":"Memory 1","floor":36.0,"gold_loss":0.0,"damage_taken":0.0},{"cards_removed":["Go for the Eyes"],"damage_healed":0.0,"max_hp_gain":0.0,"max_hp_loss":0.0,"gold_gain":0.0,"event_name":"Falling","player_choice":"Removed Attack","floor":46.0,"gold_loss":0.0,"damage_taken":0.0},{"cards_removed":["Regret"],"damage_healed":0.0,"max_hp_gain":0.0,"max_hp_loss":0.0,"gold_gain":0.0,"event_name":"Fountain of Cleansing","player_choice":"Removed Curses","floor":47.0,"gold_loss":0.0,"damage_taken":0.0}],"is_beta":false,"boss_relics":[{"not_picked":["Runic Pyramid","Snecko Eye"],"picked":"Cursed Key"},{"not_picked":["Astrolabe","Fusion Hammer"],"picked":"Empty Cage"}],"items_purged_floors":[4,20],"is_endless":false,"potions_floor_spawned":[3,6,24,25,33,48,54],"killed_by":"The Heart","ascension_level":0}