{"gold_per_floor":[369,379,396,396,305,305,336,351,405,416,491,519,519,536,536,615,615,629,647,176,189,24,24,57,83,83,83,95,425,444,444,444,444],"floor_reached":33,"playtime":1410,"items_purged":["Strike_R"],"score":619,"play_id":"69788fe5-7858-4a0d-9be1-58f9d3db5263","local_time":"20190328085440","is_ascension_mode":true,"campfire_choices":[{"data":"Whirlwind","floor":6.0,"key":"SMITH"},{"data":"Uppercut","floor":15.0,"key":"SMITH"},{"data":"Pommel Strike","floor":23.0,"key":"SMITH"},{"data":"Limit Break","floor":32,"key":"SMITH"}],"neow_cost":"TEN_PERCENT_HP_LOSS","seed_source_timestamp":1311180431969914,"circlet_count":0,"master_deck":["AscendersBane","Strike_R","Strike_R","Strike_R","Strike_R","Defend_R","Defend_R","Defend_R","Defend_R","Bash+1","Metallicize","Clothesline","Whirlwind+1","Pommel Strike+1","Uppercut+1","Spot Weakness","Fiend Fire","Pommel Strike","Limit Break+1","Pommel Strike","Feed","Disarm"],"special_seed":0,"relics":["Burning Blood","Bottled Flame","Bronze Scales","Vajra","FossilizedHelix","Coffee Dripper","Ice Cream","Omamori","Red Mask","PreservedInsect","Question Card","Dream Catcher","Old Coin","MutagenicStrength"],"potions_floor_usage":[],"damage_taken":[{"damage":8.0,"enemies":"Small Slimes","floor":1.0,"turns":4.0},{"damage":1.0,"enemies":"Cultist","floor":2.0,"turns":3.0},{"damage":4.0,"enemies":"Jaw Worm","floor":3.0,"turns":4.0},{"damage":29.0,"enemies":"Lagavulin","floor":7.0,"turns":7.0},{"damage":0.0,"enemies":"Lots of Slimes","floor":8.0,"turns":1.0},{"damage":0.0,"enemies":"Gremlin Gang","floor":10.0,"turns":2.0},{"damage":25.0,"enemies":"3 Sentries","floor":12.0,"turns":5.0},{"damage":0.0,"enemies":"Red Slaver","floor":14.0,"turns":2.0},{"damage":18.0,"enemies":"Slime Boss","floor":16.0,"turns":6.0},{"damage":6.0,"enemies":"Chosen","floor":18.0,"turns":4.0},{"damage":0.0,"enemies":"Spheric Guardian","floor":19.0,"turns":3.0},{"damage":0.0,"enemies":"Snecko","floor":21.0,"turns":4.0},{"damage":0.0,"enemies":"Masked Bandits","floor":24.0,"turns":2.0},{"damage":25.0,"enemies":"Book of Stabbing","floor":25.0,"turns":4.0},{"damage":0.0,"enemies":"Chosen and Byrds","floor":28.0,"turns":3.0},{"damage":26.0,"enemies":"Slavers","floor":29.0,"turns":9.0},{"damage":16.0,"enemies":"Sentry and Sphere","floor":30.0,"turns":4.0},{"damage":45,"enemies":"Collector","floor":33,"turns":5}],"seed_played":"1127685980133545645","potions_obtained":[{"floor":10.0,"key":"FearPotion"},{"floor":16.0,"key":"Explosive Potion"},{"floor":19.0,"key":"Fire Potion"},{"floor":28.0,"key":"Ancient Potion"}],"is_trial":false,"path_per_floor":["M","M","M","?","$","R","E","M","T","M","?","E","?","M","R","B",null,"M","M","$","M","$","R","?","E","T","?","M","E","M","?","R","B"],"character_chosen":"IRONCLAD","items_purchased":["Whirlwind","Fire Potion","Feed","Ice Cream","Omamori"],"campfire_rested":0,"item_purchase_floors":[5,5,20,20,22],"current_hp_per_floor":[66,68,68,68,68,68,45,51,51,57,46,27,27,33,33,21,56,56,62,62,68,68,68,68,52,52,52,58,41,34,34,34,0],"gold":444,"neow_bonus":"TWO_FIFTY_GOLD","is_prod":false,"is_daily":false,"chose_seed":false,"campfire_upgraded":4,"win_rate":0,"timestamp":1553777680,"path_taken":["M","M","M","?","$","R","E","M","T","?","?","E","?","?","R","BOSS","M","?","$","M","?","R","?","E","T","?","M","E","M","?","R","BOSS"],"build_version":"2019-03-15","purchased_purges":1,"victory":false,"max_hp_per_floor":[68,68,68,68,68,68,68,68,68,68,68,68,68,68,68,68,68,68,68,68,68,68,68,68,71,71,71,71,74,77,77,77,77],"card_choices":[{"not_picked":["Anger","Twin Strike"],"picked":"Pommel Strike","floor":1.0},{"not_picked":["Shrug It Off","Cleave"],"picked":"Metallicize","floor":2.0},{"not_picked":["Perfected Strike","Flex"],"picked":"Clothesline","floor":3.0},{"not_picked":["Warcry","Combust"],"picked":"Pommel Strike","floor":7.0},{"not_picked":["Wild Strike","Heavy Blade"],"picked":"Uppercut","floor":8.0},{"not_picked":["Ghostly Armor","Disarm"],"picked":"Spot Weakness","floor":10.0},{"not_picked":["Cleave","Anger"],"picked":"Fiend Fire","floor":12.0},{"not_picked":["Warcry","Cleave"],"picked":"Pommel Strike","floor":14.0},{"not_picked":["Bludgeon","Double Tap"],"picked":"Limit Break","floor":16.0},{"not_picked":["Iron Wave","Reckless Charge"],"picked":"Pommel Strike","floor":18.0},{"not_picked":["Sword Boomerang","Twin Strike+1","Clothesline"],"picked":"SKIP","floor":19.0},{"not_picked":["Sever Soul","Twin Strike","Combust"],"picked":"SKIP","floor":21.0},{"not_picked":["Rampage","Heavy Blade","Dual Wield"],"picked":"SKIP","floor":25.0},{"not_picked":["Wild Strike","Pommel Strike","Heavy Blade"],"picked":"Disarm","floor":28.0},{"not_picked":["Sentinel","Clash","Dropkick","Cleave"],"picked":"SKIP","floor":29.0},{"not_picked":["Limit Break","Corruption","Clash","Rupture"],"picked":"SKIP","floor":30.0}],"player_experience":1336574,"relics_obtained":[{"floor":7.0,"key":"Bottled Flame"},{"floor":9.0,"key":"Bronze Scales"},{"floor":12.0,"key":"Vajra"},{"floor":24.0,"key":"Red Mask"},{"floor":25.0,"key":"PreservedInsect"},{"floor":26.0,"key":"Question Card"},{"floor":29.0,"key":"Old Coin"}],"event_choices":[{"damage_healed":0.0,"max_hp_gain":0.0,"max_hp_loss":0.0,"gold_gain":0.0,"event_name":"Upgrade Shrine","player_choice":"Upgraded","floor":4.0,"gold_loss":0.0,"damage_taken":0.0,"cards_upgraded":["Bash"]},{"damage_healed":0.0,"max_hp_gain":0.0,"max_hp_loss":0.0,"gold_gain":75.0,"event_name":"World of Goop","player_choice":"Gather Gold","floor":11.0,"gold_loss":0.0,"damage_taken":11.0},{"cards_removed":["Pommel Strike"],"damage_healed":0.0,"max_hp_gain":0.0,"max_hp_loss":0.0,"gold_gain":0.0,"event_name":"WeMeetAgain","player_choice":"Gave Card","floor":13.0,"gold_loss":0.0,"damage_taken":0.0,"relics_obtained":["FossilizedHelix"]},{"damage_healed":0.0,"max_hp_gain":0.0,"max_hp_loss":0.0,"gold_gain":0.0,"event_name":"Masked Bandits","player_choice":"Fought Bandits","floor":24.0,"gold_loss":0.0,"damage_taken":0.0},{"damage_healed":0.0,"max_hp_gain":0.0,"max_hp_loss":0.0,"gold_gain":0.0,"event_name":"Addict","player_choice":"Stole Relic","floor":27.0,"gold_loss":0.0,"damage_taken":0.0,"relics_obtained":["Dream Catcher"],"cards_obtained":["Shame"]},{"damage_healed":0,"gold_gain":0,"player_choice":"Inject Mutagens","damage_taken":0,"relics_obtained":["MutagenicStrength"],"max_hp_gain":0,"max_hp_loss":0,"event_name":"Drug Dealer","floor":31,"gold_loss":0}],"is_beta":true,"boss_relics":[{"not_picked":["Pandora\u0027s Box","Velvet Choker"],"picked":"Coffee Dripper"}],"items_purged_floors":[20],"is_endless":false,"potions_floor_spawned":[10,14,16,18,19,28],"killed_by":"Collector","ascension_level":20}