{"gold_per_floor":[112,184,201,53,73,73,85,85,85,97,97,116,116,136,136,234,234,248,163,213,228,289,289,304,304,304,323,3,53,53,66,66,161,161,161,211,41,55,66,66,82,82,130,180,197,4,77,140,140,140],"floor_reached":50,"playtime":1755,"items_purged":["Doubt"],"score":538,"play_id":"03561c10-c200-443c-b47a-1b477872e666","local_time":"20181206021127","is_ascension_mode":false,"campfire_choices":[{"data":"Demon Form","floor":6,"key":"SMITH"},{"data":"Spot Weakness","floor":8,"key":"SMITH"},{"data":"Anger","floor":11,"key":"SMITH"},{"data":"Infernal Blade","floor":15,"key":"SMITH"},{"floor":23,"key":"REST"},{"data":"Limit Break","floor":25,"key":"SMITH"},{"floor":30,"key":"RECALL"},{"floor":32,"key":"REST"},{"data":"Barricade","floor":40,"key":"SMITH"},{"floor":42,"key":"REST"},{"data":"Feel No Pain","floor":49,"key":"SMITH"}],"neow_cost":"NONE","seed_source_timestamp":541654968539371,"circlet_count":0,"master_deck":["Strike_R+1","Strike_R+1","Strike_R+1","Strike_R+1","Defend_R+1","Defend_R+1","Defend_R+1","Defend_R+1","Bash+1","Clash+1","Anger+1","Anger+1","Demon Form+1","Spot Weakness+1","Twin Strike+1","Impervious+1","Flex+1","Infernal Blade+1","Impervious+1","Anger+1","Mind Blast+1","Cleave+1","Heavy Blade+1","Limit Break+1","Iron Wave+1","Disarm+1","Warcry+1","Anger+1","Barricade+1","Madness+1","Exhume+1","Anger+1","Cleave+1","Sword Boomerang+1","Sword Boomerang+1","Anger+1","Feel No Pain+1","Immolate","Shrug It Off","Disarm+1"],"relics":["Burning Blood","Letter Opener","SsserpentHead","Cursed Key","Blue Candle","Omamori","Runic Cube","Dream Catcher","Mark of the Bloom","Happy Flower"],"potions_floor_usage":[35,45,50,50],"damage_taken":[{"damage":0,"enemies":"Small Slimes","floor":1,"turns":3},{"damage":0,"enemies":"2 Louse","floor":3,"turns":1},{"damage":6,"enemies":"Cultist","floor":5,"turns":3},{"damage":32,"enemies":"Gremlin Gang","floor":7,"turns":4},{"damage":2,"enemies":"Blue Slaver","floor":10,"turns":3},{"damage":10,"enemies":"Exordium Thugs","floor":12,"turns":4},{"damage":1,"enemies":"2 Fungi Beasts","floor":14,"turns":3},{"damage":27,"enemies":"The Guardian","floor":16,"turns":9},{"damage":20,"enemies":"2 Thieves","floor":18,"turns":3},{"damage":17,"enemies":"Shell Parasite","floor":21,"turns":4},{"damage":19,"enemies":"Chosen and Byrds","floor":22,"turns":6},{"damage":12,"enemies":"Centurion and Healer","floor":24,"turns":5},{"damage":16,"enemies":"Snake Plant","floor":27,"turns":5},{"damage":23,"enemies":"3 Cultists","floor":31,"turns":5},{"damage":48,"enemies":"Collector","floor":33,"turns":6},{"damage":0,"enemies":"3 Darklings","floor":35,"turns":2},{"damage":8,"enemies":"Orb Walker","floor":38,"turns":3},{"damage":31,"enemies":"Maw","floor":39,"turns":6},{"damage":26,"enemies":"Spire Growth","floor":41,"turns":5},{"damage":21,"enemies":"3 Darklings","floor":45,"turns":3},{"damage":0,"enemies":"Maw","floor":48,"turns":8},{"damage":41,"enemies":"Donu and Deca","floor":50,"turns":5}],"seed_played":"8239741811204637925","potions_obtained":[{"floor":7,"key":"SmokeBomb"},{"floor":10,"key":"FearPotion"},{"floor":12,"key":"EssenceOfSteel"},{"floor":21,"key":"FearPotion"},{"floor":39,"key":"Weak Potion"}],"is_trial":false,"path_per_floor":["M","?","M","$","M","R","M","R","T","M","R","M","?","M","R","B",null,"M","$","?","M","M","R","M","R","T","M","$","?","R","M","R","B",null,"M","?","$","M","M","R","M","R","T","?","M","$","T","M","R","B"],"character_chosen":"IRONCLAD","items_purchased":["Demon Form","Mind Blast","Omamori","Disarm","Warcry","Exhume","Anger","Cleave","Immolate","Shrug It Off"],"campfire_rested":3,"item_purchase_floors":[4,19,28,28,28,37,37,37,46,46],"current_hp_per_floor":[80,80,80,80,80,80,54,54,54,58,58,54,54,59,59,38,80,66,66,66,55,42,66,60,60,60,50,50,50,50,33,57,15,80,80,80,80,78,53,53,33,57,57,57,36,36,36,36,36,0],"gold":140,"neow_bonus":"TRANSFORM_CARD","is_prod":false,"is_daily":false,"chose_seed":false,"campfire_upgraded":7,"win_rate":0,"timestamp":1544062287,"path_taken":["M","?","M","$","M","R","M","R","T","M","R","M","?","M","R","BOSS","M","$","?","M","?","R","M","R","T","M","$","?","R","M","R","BOSS","M","?","$","M","M","R","M","R","T","?","M","$","?","?","R","BOSS"],"build_version":"2018-11-15","purchased_purges":1,"victory":false,"max_hp_per_floor":[80,80,80,80,80,80,80,80,80,80,80,80,80,80,80,80,80,80,80,80,80,80,80,80,80,80,80,80,80,80,80,80,80,80,80,80,80,80,80,80,80,80,80,80,80,80,80,80,80,80],"card_choices":[{"not_picked":["Twin Strike","Thunderclap"],"picked":"Anger","floor":1},{"not_picked":["Searing Blow","Havoc"],"picked":"Anger","floor":3},{"not_picked":["Havoc","Blood for Blood"],"picked":"Spot Weakness","floor":5},{"not_picked":["Anger","Clothesline"],"picked":"Twin Strike","floor":7},{"not_picked":["Clothesline","Armaments"],"picked":"Impervious","floor":10},{"not_picked":["Flame Barrier","Reckless Charge"],"picked":"Flex","floor":12},{"not_picked":["Sentinel","True Grit"],"picked":"Infernal Blade","floor":14},{"not_picked":["Feed","Exhume"],"picked":"Impervious","floor":16},{"not_picked":["Pommel Strike","Twin Strike"],"picked":"Anger+1","floor":18},{"not_picked":["Shrug It Off","Perfected Strike"],"picked":"Cleave","floor":21},{"not_picked":["Headbutt","Cleave"],"picked":"Heavy Blade+1","floor":22},{"not_picked":["Havoc","Warcry"],"picked":"Limit Break","floor":24},{"not_picked":["Whirlwind","Power Through"],"picked":"Iron Wave","floor":27},{"not_picked":["Pommel Strike","Twin Strike"],"picked":"Anger","floor":31},{"not_picked":["Fiend Fire","Offering"],"picked":"Barricade","floor":33},{"not_picked":["Bandage Up","PanicButton"],"picked":"Madness","floor":36},{"not_picked":["Wild Strike+1","Bloodletting"],"picked":"Sword Boomerang+1","floor":38},{"not_picked":["Twin Strike","Bloodletting+1"],"picked":"Sword Boomerang+1","floor":39},{"not_picked":["Searing Blow+1","Shrug It Off"],"picked":"Anger","floor":41},{"not_picked":["Flex","Shrug It Off"],"picked":"Feel No Pain","floor":45},{"not_picked":["Sentinel+1","Ghostly Armor"],"picked":"Disarm+1","floor":48}],"player_experience":786608,"relics_obtained":[{"floor":9,"key":"Letter Opener"},{"floor":43,"key":"Dream Catcher"},{"floor":47,"key":"Happy Flower"}],"event_choices":[{"damage_healed":0,"gold_gain":72,"player_choice":"Gained Gold","damage_taken":0,"max_hp_gain":0,"max_hp_loss":0,"event_name":"Golden Wing","floor":2,"gold_loss":0},{"damage_healed":0,"gold_gain":0,"player_choice":"Trade","damage_taken":0,"relics_obtained":["SsserpentHead"],"max_hp_gain":0,"max_hp_loss":0,"event_name":"FaceTrader","floor":13,"gold_loss":0},{"damage_healed":0,"gold_gain":0,"player_choice":"Gave Potion","damage_taken":0,"relics_obtained":["Blue Candle"],"max_hp_gain":0,"max_hp_loss":0,"event_name":"WeMeetAgain","floor":20,"gold_loss":0},{"damage_healed":0,"gold_gain":0,"player_choice":"Ignored","damage_taken":0,"max_hp_gain":0,"max_hp_loss":0,"event_name":"Vampires","floor":29,"gold_loss":0},{"damage_healed":0,"gold_gain":0,"player_choice":"Memory 1","damage_taken":0,"max_hp_gain":0,"max_hp_loss":0,"event_name":"SensoryStone","floor":36,"gold_loss":0},{"damage_healed":0,"gold_gain":0,"player_choice":"Upgrade","damage_taken":0,"relics_obtained":["Mark of the Bloom"],"max_hp_gain":0,"max_hp_loss":0,"event_name":"MindBloom","floor":44,"gold_loss":0,"cards_upgraded":["Strike_R","Strike_R","Strike_R","Strike_R","Defend_R","Defend_R","Defend_R","Defend_R","Bash","Clash","Anger","Twin Strike","Impervious","Flex","Impervious","Mind Blast","Cleave","Iron Wave","Disarm","Warcry","Anger","Madness","Exhume","Anger","Cleave","Anger"]}],"is_beta":false,"boss_relics":[{"not_picked":["Snecko Eye","Pandora\u0027s Box"],"picked":"Cursed Key"},{"not_picked":["Runic Dome","Velvet Choker"],"picked":"Runic Cube"}],"items_purged_floors":[28],"is_endless":false,"potions_floor_spawned":[7,10,12,18,21,24,33,35,39],"killed_by":"Donu and Deca","ascension_level":0}