{"gold_per_floor":[114,189,264,2,20,53,53,80,80,80,80,80,92,111,111,215,215,226,226,18,37,37,70,94,106],"floor_reached":25,"playtime":1550,"items_purged":[],"score":229,"play_id":"a294a194-ecf1-463d-b73d-018f91119b74","local_time":"20180724102631","is_ascension_mode":false,"campfire_choices":[{"floor":7,"key":"REST"},{"data":"Armaments","floor":10,"key":"SMITH"},{"data":"Heavy Blade","floor":12,"key":"SMITH"},{"floor":15,"key":"REST"}],"neow_cost":"NONE","seed_source_timestamp":2118289137833289,"circlet_count":0,"master_deck":["Strike_R","Strike_R","Strike_R","Strike_R","Strike_R","Defend_R","Defend_R","Defend_R","Defend_R","Bash","Sword Boomerang","Heavy Blade+1","Thunderclap","Armaments+1","Dropkick","Spot Weakness","Shrug It Off","Immolate","Infernal Blade+1","Seeing Red+1","Entrench","Combust"],"relics":["Burning Blood","Dodecahedron","Peace Pipe","Torii","Darkstone Periapt","Cursed Key","Strange Spoon","MawBank"],"potions_floor_usage":[16,24],"damage_taken":[{"damage":6,"enemies":"Jaw Worm","floor":1,"turns":3},{"damage":1,"enemies":"Cultist","floor":5,"turns":3},{"damage":38,"enemies":"3 Sentries","floor":6,"turns":7},{"damage":28,"enemies":"Gremlin Nob","floor":8,"turns":4},{"damage":1,"enemies":"Small Slimes","floor":13,"turns":4},{"damage":1,"enemies":"Looter","floor":14,"turns":3},{"damage":15,"enemies":"The Guardian","floor":16,"turns":10},{"damage":1,"enemies":"Spheric Guardian","floor":18,"turns":3},{"damage":1,"enemies":"Chosen","floor":21,"turns":4},{"damage":37,"enemies":"Gremlin Leader","floor":23,"turns":6},{"damage":30,"enemies":"Snake Plant","floor":24,"turns":5},{"damage":20,"enemies":"Slaver and Parasite","floor":25,"turns":1}],"seed_played":"-3745447466320542793","potions_obtained":[{"floor":6,"key":"Swift Potion"},{"floor":13,"key":"Dexterity Potion"},{"floor":24,"key":"SkillPotion"}],"is_trial":false,"path_per_floor":["M","?","?","$","M","E","R","E","T","R","?","R","M","M","R","B",null,"M","?","$","M","?","E","M"],"character_chosen":"IRONCLAD","items_purchased":["Dodecahedron","Strange Spoon"],"campfire_rested":2,"item_purchase_floors":[4,20],"current_hp_per_floor":[80,72,72,72,77,45,69,47,47,47,47,47,52,57,80,71,80,80,64,64,69,69,38,14,0],"gold":106,"neow_bonus":"THREE_CARDS","is_prod":false,"is_daily":false,"chose_seed":false,"campfire_upgraded":2,"win_rate":0,"timestamp":1532424391,"path_taken":["M","?","?","$","M","E","R","E","T","R","?","R","?","M","R","BOSS","M","?","$","?","?","E","?","M"],"build_version":"2018-07-19v2","purchased_purges":0,"victory":false,"max_hp_per_floor":[80,80,80,80,80,80,80,80,80,80,80,80,80,80,80,80,80,80,80,80,80,80,80,80,80],"card_choices":[{"not_picked":["True Grit","Warcry"],"picked":"Sword Boomerang","floor":0},{"not_picked":["Sword Boomerang","Flame Barrier"],"picked":"Heavy Blade","floor":1},{"not_picked":["Twin Strike","Clothesline"],"picked":"Thunderclap","floor":5},{"not_picked":["Barricade","Cleave"],"picked":"Armaments","floor":6},{"not_picked":["Intimidate","Corruption"],"picked":"Dropkick","floor":8},{"not_picked":["Inflame","Wild Strike"],"picked":"Spot Weakness","floor":13},{"not_picked":["Perfected Strike","Hemokinesis"],"picked":"Shrug It Off","floor":14},{"not_picked":["Barricade","Bludgeon"],"picked":"Immolate","floor":16},{"not_picked":["Cleave","Disarm+1"],"picked":"Infernal Blade+1","floor":18},{"not_picked":["Iron Wave","Body Slam"],"picked":"Seeing Red+1","floor":21},{"not_picked":["Corruption","Warcry"],"picked":"Entrench","floor":23},{"not_picked":["Cleave","Twin Strike"],"picked":"Combust","floor":24}],"player_experience":193624,"relics_obtained":[{"floor":6,"key":"Peace Pipe"},{"floor":8,"key":"Torii"},{"floor":9,"key":"Darkstone Periapt"},{"floor":23,"key":"MawBank"}],"event_choices":[{"event_name":"FaceTrader","player_choice":"Touch","floor":2,"damage_taken":0},{"event_name":"Golden Wing","player_choice":"Gained Gold","floor":3,"damage_taken":0},{"event_name":"Golden Idol","player_choice":"Ignored","floor":11,"damage_taken":0},{"event_name":"Cursed Tome","player_choice":"Obtained Book","floor":19,"damage_taken":0},{"event_name":"Purifier","player_choice":"Skipped","floor":22,"damage_taken":0}],"is_beta":false,"boss_relics":[{"not_picked":["White Beast Statue","Fusion Hammer"],"picked":"Cursed Key"}],"items_purged_floors":[],"is_endless":false,"potions_floor_spawned":[6,13,24],"killed_by":"Slaver and Parasite","ascension_level":0}