{"gold_per_floor":[114,114,114,33,48,63,63,78,78,93,108,125,125,140,140,140],"floor_reached":16,"playtime":656,"items_purged":[],"score":94,"play_id":"a384473c-d278-4f91-9029-677977dbc297","local_time":"20180725153528","daily_mods":["Allstar","Time Dilation","Lethality"],"is_ascension_mode":false,"campfire_choices":[{"data":"Mind Blast","floor":13,"key":"SMITH"},{"data":"Buffer","floor":15,"key":"SMITH"}],"neow_cost":"","seed_source_timestamp":0,"circlet_count":0,"master_deck":["Strike_B","Strike_B","Strike_B","Strike_B","Defend_B","Defend_B","Defend_B","Defend_B","Zap","Dualcast","Dramatic Entrance","Sadistic Nature","Mind Blast+1","Mind Blast","Panacea","Loop","Self Repair","Loop","Coolheaded","Beam Cell","Sweeping Beam","Beam Cell","Gash","Buffer+1"],"special_seed":17737,"relics":["Cracked Core","Singing Bowl","Bottled Flame","Odd Mushroom"],"potions_floor_usage":[],"damage_taken":[{"damage":8,"enemies":"Small Slimes","floor":1,"turns":2},{"damage":9,"enemies":"Jaw Worm","floor":5,"turns":3},{"damage":4,"enemies":"2 Louse","floor":6,"turns":2},{"damage":13,"enemies":"Looter","floor":8,"turns":2},{"damage":4,"enemies":"3 Louse","floor":10,"turns":2},{"damage":0,"enemies":"Large Slime","floor":11,"turns":1},{"damage":21,"floor":12,"turns":2},{"damage":0,"enemies":"Lots of Slimes","floor":14,"turns":1},{"damage":32,"enemies":"Hexaghost","floor":16,"turns":4}],"seed_played":"4244373246101252923","potions_obtained":[{"floor":5,"key":"Explosive Potion"},{"floor":11,"key":"FocusPotion"},{"floor":14,"key":"Energy Potion"}],"is_trial":false,"path_per_floor":["M","?","?","$","M","M","?","M","T","M","M","?","R","M","R"],"character_chosen":"DEFECT","items_purchased":["Self Repair"],"campfire_rested":0,"item_purchase_floors":[4],"current_hp_per_floor":[67,67,72,72,70,66,54,41,41,44,44,30,30,30,30,0],"gold":140,"neow_bonus":"","is_prod":false,"is_daily":true,"chose_seed":false,"campfire_upgraded":2,"win_rate":0,"timestamp":1532529328,"path_taken":["M","?","?","?","M","M","?","M","T","M","M","?","R","M","R","BOSS"],"build_version":"2018-07-19v2","purchased_purges":0,"victory":false,"max_hp_per_floor":[75,75,80,80,80,80,80,80,80,80,80,80,80,80,80,80],"card_choices":[{"not_picked":["Skim","Turbo"],"picked":"Loop","floor":1},{"not_picked":["Go for the Eyes","Melter"],"picked":"Loop","floor":5},{"not_picked":["Reinforced Body","Ball Lightning"],"picked":"Coolheaded","floor":6},{"not_picked":["Aggregate","Coolheaded"],"picked":"Beam Cell","floor":8},{"not_picked":["Ball Lightning","Coolheaded"],"picked":"Sweeping Beam","floor":10},{"not_picked":["Chaos","Glacier"],"picked":"Beam Cell","floor":11},{"not_picked":["Stack","Steam Power"],"picked":"Gash","floor":12},{"not_picked":["Reinforced Body","Hologram"],"picked":"Buffer","floor":14}],"player_experience":212888,"relics_obtained":[{"floor":9,"key":"Bottled Flame"},{"floor":12,"key":"Odd Mushroom"}],"event_choices":[{"event_name":"Golden Idol","player_choice":"Ignored","floor":2,"damage_taken":0},{"event_name":"Big Fish","player_choice":"Donut","floor":3,"damage_taken":0},{"event_name":"Scrap Ooze","player_choice":"success","floor":7,"damage_taken":12},{"event_name":"Mushrooms","player_choice":"Fought Mushrooms","floor":12,"damage_taken":0}],"is_beta":false,"boss_relics":[],"items_purged_floors":[],"is_endless":false,"potions_floor_spawned":[5,11,14],"killed_by":"Hexaghost","ascension_level":0}