{"gold_per_floor":[359,370,25,25,44,44,72,72,72,107,107,107,107,433,433,512,512,532,546,546,471,483,510,510,544,567,577,147,161,161,161,161,234,234,251,251,251,269,58,90,90,122,122,122,122],"floor_reached":45,"playtime":4046,"items_purged":["Strike_G","Strike_G"],"score":1125,"play_id":"3b8e180a-b4c4-44bf-8100-2267c7f77a38","local_time":"20190304183405","is_ascension_mode":true,"campfire_choices":[{"data":"Neutralize","floor":6.0,"key":"SMITH"},{"data":"Deflect","floor":8.0,"key":"SMITH"},{"data":"Dodge and Roll","floor":11.0,"key":"SMITH"},{"data":"Noxious Fumes","floor":15.0,"key":"SMITH"},{"floor":24.0,"key":"REST"},{"floor":30.0,"key":"REST"},{"data":"Footwork","floor":32.0,"key":"SMITH"},{"floor":41.0,"key":"REST"},{"floor":44.0,"key":"REST"}],"neow_cost":"TEN_PERCENT_HP_LOSS","seed_source_timestamp":0,"circlet_count":0,"master_deck":["AscendersBane","Defend_G+1","Defend_G+1","Defend_G+1","Defend_G+1","Defend_G+1","Strike_G+1","Survivor","Neutralize+1","Flechettes","Endless Agony","Deflect+1","Cloak And Dagger","Dodge and Roll+1","Noxious Fumes+1","Corpse Explosion","Dodge and Roll","Poisoned Stab","Die Die Die","After Image","Cloak And Dagger","Footwork+1","Catalyst","Dodge and Roll","Adrenaline","Finesse","Good Instincts","Apotheosis","After Image","Catalyst"],"special_seed":0,"relics":["Ring of the Snake","Mercury Hourglass","Dodecahedron","Calipers","Old Coin","White Beast Statue","Nloth\u0027s Gift","Shuriken","Pear","Anchor","Oddly Smooth Stone","Black Star","The Courier","Bag of Marbles","Ninja Scroll","Boot"],"potions_floor_usage":[],"damage_taken":[{"damage":7.0,"enemies":"Small Slimes","floor":1.0,"turns":6.0},{"damage":0.0,"enemies":"2 Louse","floor":2.0,"turns":3.0},{"damage":0.0,"enemies":"Jaw Worm","floor":5.0,"turns":2.0},{"damage":10.0,"enemies":"3 Sentries","floor":7.0,"turns":9.0},{"damage":10.0,"enemies":"Lagavulin","floor":10.0,"turns":5.0},{"damage":4.0,"enemies":"3 Sentries","floor":14.0,"turns":9.0},{"damage":4.0,"enemies":"The Guardian","floor":16.0,"turns":12.0},{"damage":3.0,"enemies":"3 Byrds","floor":18.0,"turns":3.0},{"damage":2.0,"enemies":"Chosen","floor":19.0,"turns":5.0},{"damage":0.0,"enemies":"3 Cultists","floor":22.0,"turns":3.0},{"damage":38.0,"enemies":"Book of Stabbing","floor":23.0,"turns":6.0},{"damage":12.0,"enemies":"Gremlin Leader","floor":25.0,"turns":7.0},{"damage":17.0,"enemies":"Sentry and Sphere","floor":27.0,"turns":8.0},{"damage":2.0,"enemies":"Centurion and Healer","floor":29.0,"turns":7.0},{"damage":1.0,"enemies":"Champ","floor":33.0,"turns":20.0},{"damage":7.0,"enemies":"3 Darklings","floor":35.0,"turns":5.0},{"damage":1.0,"enemies":"Orb Walker","floor":38.0,"turns":5.0},{"damage":24.0,"enemies":"Giant Head","floor":40.0,"turns":13.0},{"damage":45.0,"enemies":"Reptomancer","floor":42.0,"turns":9.0},{"damage":0,"enemies":"Transient","floor":45,"turns":1}],"seed_played":"3828048272950535002","potions_obtained":[{"floor":2.0,"key":"Strength Potion"},{"floor":14.0,"key":"SkillPotion"},{"floor":18.0,"key":"AttackPotion"},{"floor":19.0,"key":"Energy Potion"},{"floor":22.0,"key":"Poison Potion"},{"floor":23.0,"key":"SmokeBomb"},{"floor":25.0,"key":"Weak Potion"},{"floor":29.0,"key":"EssenceOfSteel"},{"floor":33.0,"key":"SpeedPotion"},{"floor":40.0,"key":"Regen Potion"},{"floor":42.0,"key":"PowerPotion"}],"is_trial":false,"path_per_floor":["M","M","$","?","M","R","E","R","T","E","R","?","?","E","R","B",null,"M","M","?","$","M","E","R","E","T","M","$","M","R","?","R","B",null,"M","?","?","M","$","E","R","E","T","R","M"],"character_chosen":"THE_SILENT","items_purchased":["Fire Potion","Mercury Hourglass","Deflect","Footwork","Oddly Smooth Stone","Catalyst","After Image","Catalyst"],"campfire_rested":4,"item_purchase_floors":[3,3,3,28,28,28,39,39],"current_hp_per_floor":[52,52,52,52,52,52,42,42,42,32,32,25,25,21,21,17,49,46,44,44,44,44,6,24,22,22,5,5,3,24,24,24,23,58,51,51,41,40,40,16,37,7,7,28,28],"gold":122,"neow_bonus":"TWO_FIFTY_GOLD","is_prod":false,"is_daily":false,"chose_seed":false,"campfire_upgraded":5,"win_rate":0,"timestamp":1551746045,"path_taken":["M","M","$","?","M","R","E","R","T","E","R","?","?","E","R","BOSS","M","M","?","$","?","E","R","E","T","M","$","M","R","?","R","BOSS","M","?","?","M","$","E","R","E","T","R","M"],"build_version":"2019-01-23","purchased_purges":2,"victory":false,"max_hp_per_floor":[60,60,60,60,60,60,60,60,60,60,60,60,60,60,60,60,60,60,60,60,60,60,60,60,70,70,70,70,70,70,70,70,70,70,70,70,70,70,70,70,70,70,70,70,70],"card_choices":[{"not_picked":["Backflip","Concentrate"],"picked":"Flechettes","floor":1.0},{"not_picked":["Prepared","Crippling Poison"],"picked":"Endless Agony","floor":2.0},{"not_picked":["Accuracy","Flying Knee"],"picked":"Cloak And Dagger","floor":5.0},{"not_picked":["Sucker Punch","Outmaneuver","Heel Hook"],"picked":"SKIP","floor":7.0},{"not_picked":["Reflex","Storm of Steel"],"picked":"Dodge and Roll","floor":10.0},{"not_picked":["Sucker Punch","Reflex"],"picked":"Noxious Fumes","floor":14.0},{"not_picked":["Glass Knife","Grand Finale"],"picked":"Corpse Explosion","floor":16.0},{"not_picked":["Backflip","Skewer"],"picked":"Dodge and Roll","floor":18.0},{"not_picked":["Skewer","Dagger Throw+1"],"picked":"Poisoned Stab","floor":19.0},{"not_picked":["Tactician","Quick Slash","Sucker Punch"],"picked":"SKIP","floor":22.0},{"not_picked":["Night Terror","Prepared"],"picked":"Die Die Die","floor":23.0},{"not_picked":["Envenom","Backflip+1"],"picked":"After Image","floor":25.0},{"not_picked":["All Out Attack","Eviscerate"],"picked":"Cloak And Dagger","floor":27.0},{"not_picked":["Expertise","Outmaneuver"],"picked":"Dodge and Roll","floor":29.0},{"not_picked":["Glass Knife","Die Die Die"],"picked":"Adrenaline","floor":33.0},{"not_picked":["Dagger Throw","Flying Knee","All Out Attack"],"picked":"SKIP","floor":35.0},{"not_picked":["Flash of Steel","PanicButton"],"picked":"Finesse","floor":37.0},{"not_picked":["Mind Blast","The Bomb"],"picked":"Good Instincts","floor":37.0},{"not_picked":["Finesse","Secret Technique"],"picked":"Apotheosis","floor":37.0},{"not_picked":["Bouncing Flask","Underhanded Strike","Reflex"],"picked":"SKIP","floor":38.0},{"not_picked":["Storm of Steel","Reflex","Dagger Throw+1"],"picked":"SKIP","floor":40.0},{"not_picked":["Reflex","Flying Knee","Underhanded Strike"],"picked":"SKIP","floor":42.0}],"player_experience":664662,"relics_obtained":[{"floor":7.0,"key":"Dodecahedron"},{"floor":9.0,"key":"War Paint"},{"floor":10.0,"key":"Calipers"},{"floor":14.0,"key":"Old Coin"},{"floor":23.0,"key":"Shuriken"},{"floor":25.0,"key":"Pear"},{"floor":26.0,"key":"Anchor"},{"floor":40.0,"key":"The Courier"},{"floor":40.0,"key":"Bag of Marbles"},{"floor":42.0,"key":"Ninja Scroll"},{"floor":42.0,"key":"Boot"}],"event_choices":[{"damage_healed":0.0,"max_hp_gain":0.0,"max_hp_loss":0.0,"gold_gain":0.0,"event_name":"Liars Game","player_choice":"Ignored","floor":4.0,"gold_loss":0.0,"damage_taken":0.0},{"cards_removed":["Strike_G"],"damage_healed":0.0,"max_hp_gain":0.0,"max_hp_loss":0.0,"gold_gain":0.0,"event_name":"Golden Wing","player_choice":"Card Removal","floor":12.0,"gold_loss":0.0,"damage_taken":7.0},{"damage_healed":0.0,"max_hp_gain":0.0,"max_hp_loss":0.0,"gold_gain":0.0,"event_name":"Golden Idol","player_choice":"Ignored","floor":13.0,"gold_loss":0.0,"damage_taken":0.0},{"damage_healed":0.0,"max_hp_gain":0.0,"max_hp_loss":0.0,"gold_gain":0.0,"event_name":"N\u0027loth","player_choice":"Traded Relic","floor":20.0,"relics_lost":["War Paint"],"gold_loss":0.0,"damage_taken":0.0,"relics_obtained":["Nloth\u0027s Gift"]},{"damage_healed":0.0,"max_hp_gain":0.0,"max_hp_loss":0.0,"gold_gain":0.0,"event_name":"Back to Basics","player_choice":"Simplicity","floor":31.0,"gold_loss":0.0,"damage_taken":0.0,"cards_upgraded":["Defend_G","Defend_G","Defend_G","Strike_G","Strike_G"]},{"cards_removed":["Strike_G"],"damage_healed":0.0,"max_hp_gain":0.0,"max_hp_loss":0.0,"gold_gain":0.0,"event_name":"Falling","player_choice":"Removed Attack","floor":36.0,"gold_loss":0.0,"damage_taken":0.0},{"damage_healed":0.0,"max_hp_gain":0.0,"max_hp_loss":0.0,"gold_gain":0.0,"event_name":"SensoryStone","player_choice":"Memory 3","floor":37.0,"gold_loss":0.0,"damage_taken":10.0}],"is_beta":false,"boss_relics":[{"not_picked":["Snecko Eye","Pandora\u0027s Box"],"picked":"White Beast Statue"},{"not_picked":["WristBlade","Eternal Feather"],"picked":"Black Star"}],"items_purged_floors":[21,28],"is_endless":false,"potions_floor_spawned":[2,14,18,19,22,23,25,27,29,33,35,38,40,42],"killed_by":"Transient","ascension_level":20}