{"gold_per_floor":[115,115,127,127,144,169,169,169,199,199,212,243,48,59,59,159,159,177,188,76,96,116,116,132,132,132,132,182,36,36,36,36,134,134,146,158,158,158,158,158,192,192,219,219,229,249,249,0,0,0],"floor_reached":50,"playtime":3059,"items_purged":["Doubt"],"score":654,"play_id":"f5a55948-832f-4860-8012-715881ef7289","local_time":"20180830072759","is_ascension_mode":true,"campfire_choices":[{"data":"Flex","floor":8,"key":"SMITH"},{"floor":10,"key":"REST"},{"data":"Heavy Blade","floor":15,"key":"SMITH"},{"data":"Combust","floor":23,"key":"SMITH"},{"floor":25,"key":"REST"},{"data":"Flex","floor":27,"key":"SMITH"},{"data":"Seeing Red","floor":30,"key":"SMITH"},{"floor":32,"key":"REST"},{"floor":40,"key":"REST"},{"data":"Limit Break","floor":42,"key":"SMITH"},{"data":"Pain","floor":44,"key":"PURGE"},{"floor":49,"key":"REST"}],"neow_cost":"NONE","seed_source_timestamp":198748185713330,"circlet_count":0,"master_deck":["Strike_R","Strike_R","Strike_R","Strike_R","Strike_R","Defend_R","Defend_R","Defend_R+1","Defend_R","Bash+1","Armaments+1","Flex+1","Heavy Blade+1","Feed","Flex+1","Twin Strike","Reaper","Shrug It Off+1","Metallicize","Rage","Iron Wave+1","Whirlwind+1","Headbutt","Writhe","Seeing Red+1","Limit Break+1","Shockwave","Demon Form","Madness","Madness","Thunderclap","Reaper","Flex","Shrug It Off"],"relics":["Burning Blood","Pear","Bottled Flame","Tiny Chest","Red Skull","Lee\u0027s Waffle","Cursed Key","Pantograph","Blood Vial","Velvet Choker","Peace Pipe","Mummified Hand","Bag of Marbles","Red Mask"],"potions_floor_usage":[6,16,16,16,16,16,19,33,33,39,50],"damage_taken":[{"damage":0,"enemies":"Small Slimes","floor":1,"turns":3},{"damage":8,"enemies":"Jaw Worm","floor":3,"turns":4},{"damage":1,"enemies":"2 Louse","floor":5,"turns":3},{"damage":24,"enemies":"3 Sentries","floor":6,"turns":12},{"damage":3,"enemies":"Blue Slaver","floor":11,"turns":2},{"damage":33,"enemies":"Lagavulin","floor":12,"turns":6},{"damage":6,"enemies":"3 Louse","floor":14,"turns":2},{"damage":58,"enemies":"Hexaghost","floor":16,"turns":6},{"damage":12,"enemies":"Chosen","floor":18,"turns":3},{"damage":13,"enemies":"Shell Parasite","floor":19,"turns":4},{"damage":31,"enemies":"Centurion and Healer","floor":21,"turns":9},{"damage":9,"enemies":"3 Cultists","floor":22,"turns":5},{"damage":53,"enemies":"Sentry and Sphere","floor":24,"turns":8},{"damage":24,"enemies":"Colosseum Slavers","floor":31,"turns":4},{"damage":108,"enemies":"Champ","floor":33,"turns":9},{"damage":0,"enemies":"Orb Walker","floor":35,"turns":2},{"damage":0,"enemies":"3 Darklings","floor":36,"turns":1},{"damage":46,"enemies":"Mind Bloom Boss Battle","floor":39,"turns":8},{"damage":53,"enemies":"2 Orb Walkers","floor":41,"turns":3},{"damage":47,"enemies":"Maw","floor":45,"turns":7},{"damage":66,"enemies":"Spire Growth","floor":46,"turns":5},{"damage":138,"enemies":"Awakened One","floor":50,"turns":11}],"seed_played":"3714055939891785300","potions_obtained":[{"floor":0,"key":"SpeedPotion"},{"floor":0,"key":"SneckoOil"},{"floor":0,"key":"EntropicBrew"},{"floor":6,"key":"FearPotion"},{"floor":14,"key":"LiquidBronze"},{"floor":21,"key":"EssenceOfSteel"},{"floor":24,"key":"Strength Potion"},{"floor":35,"key":"SteroidPotion"},{"floor":46,"key":"Regen Potion"}],"is_trial":false,"path_per_floor":["M","?","M","?","M","E","T","R","T","R","M","E","$","M","R","B",null,"M","M","$","M","M","R","M","R","T","R","T","$","R","?","R","B",null,"M","M","?","?","?","R","E","R","T","R","M","M","?","?","R"],"character_chosen":"IRONCLAD","items_purchased":["Lee\u0027s Waffle","Metallicize","Rage","Seeing Red"],"campfire_rested":5,"item_purchase_floors":[13,20,20,29],"current_hp_per_floor":[80,80,78,62,67,59,59,59,59,86,89,65,100,103,103,51,103,106,108,108,94,107,107,60,93,93,93,93,93,93,84,115,13,115,115,115,115,101,75,109,64,64,64,64,67,41,41,41,76,0],"gold":0,"neow_bonus":"THREE_SMALL_POTIONS","is_prod":false,"is_daily":false,"chose_seed":false,"campfire_upgraded":6,"win_rate":0,"timestamp":1535610479,"path_taken":["M","?","M","?","?","E","?","R","T","R","M","E","$","?","R","BOSS","M","M","$","M","M","R","M","R","T","R","?","$","R","?","R","BOSS","M","M","?","?","?","R","E","R","T","R","M","M","?","?","R","BOSS"],"build_version":"2018-08-23v2","purchased_purges":1,"victory":false,"max_hp_per_floor":[80,80,80,80,80,90,90,90,90,90,90,93,100,103,103,103,103,106,109,109,112,112,112,112,112,112,112,112,112,112,115,115,115,115,115,115,115,115,115,115,115,115,115,115,115,119,119,119,119,119],"card_choices":[{"not_picked":["Wild Strike","Second Wind","Power Through"],"picked":"SKIP","floor":1},{"not_picked":["True Grit","Burning Pact"],"picked":"Armaments","floor":3},{"not_picked":["Iron Wave","Perfected Strike"],"picked":"Flex","floor":5},{"not_picked":["Iron Wave","Warcry"],"picked":"Heavy Blade","floor":6},{"not_picked":["Reckless Charge","Anger"],"picked":"Feed","floor":11},{"not_picked":["Carnage","Reckless Charge"],"picked":"Flex","floor":12},{"not_picked":["Perfected Strike","Havoc"],"picked":"Twin Strike","floor":14},{"not_picked":["Brutality","Impervious"],"picked":"Reaper","floor":16},{"not_picked":["Clash","Blood for Blood"],"picked":"Combust","floor":18},{"not_picked":["Sword Boomerang","Power Through"],"picked":"Shrug It Off+1","floor":19},{"not_picked":["Armaments","Havoc+1"],"picked":"Iron Wave+1","floor":21},{"not_picked":["Headbutt","Evolve"],"picked":"Whirlwind+1","floor":22},{"not_picked":["Wild Strike","Whirlwind"],"picked":"Headbutt","floor":24},{"not_picked":["Bludgeon","Immolate"],"picked":"Limit Break","floor":33},{"not_picked":["Body Slam+1","Twin Strike"],"picked":"Shockwave","floor":35},{"not_picked":["Heavy Blade","Warcry"],"picked":"Demon Form","floor":36},{"not_picked":["Iron Wave","Warcry"],"picked":"Thunderclap","floor":39},{"not_picked":["Twin Strike","Offering"],"picked":"Reaper","floor":41},{"not_picked":["Perfected Strike+1","Havoc"],"picked":"Flex","floor":45},{"not_picked":["Perfected Strike","Pommel Strike"],"picked":"Shrug It Off","floor":46}],"player_experience":468772,"relics_obtained":[{"floor":6,"key":"Pear"},{"floor":7,"key":"Bottled Flame"},{"floor":9,"key":"Tiny Chest"},{"floor":12,"key":"Red Skull"},{"floor":26,"key":"Pantograph"},{"floor":28,"key":"Blood Vial"},{"floor":39,"key":"Peace Pipe"},{"floor":41,"key":"Mummified Hand"},{"floor":43,"key":"Bag of Marbles"}],"event_choices":[{"event_name":"Living Wall","player_choice":"Grow","floor":2,"damage_taken":0},{"event_name":"Shining Light","player_choice":"Entered Light","floor":4,"damage_taken":0},{"event_name":"Colosseum","player_choice":"Fight","floor":31,"damage_taken":0},{"event_name":"Colosseum","player_choice":"Fled From Nobs","floor":31,"damage_taken":0},{"event_name":"Mysterious Sphere","player_choice":"Ignore","floor":37,"damage_taken":0},{"event_name":"Winding Halls","player_choice":"Embrace Madness","floor":38,"damage_taken":0},{"event_name":"MindBloom","player_choice":"Fight","floor":39,"damage_taken":0},{"event_name":"Falling","player_choice":"Removed Power","floor":47,"damage_taken":0},{"event_name":"Tomb of Lord Red Mask","player_choice":"Paid","floor":48,"damage_taken":0}],"is_beta":false,"boss_relics":[{"not_picked":["Calling Bell","Tiny House"],"picked":"Cursed Key"},{"not_picked":["Orrery","Busted Crown"],"picked":"Velvet Choker"}],"items_purged_floors":[29],"is_endless":false,"potions_floor_spawned":[6,14,21,24,35,46],"killed_by":"Awakened One","ascension_level":4}