{"gold_per_floor":[124,152,164,351,363,405,432,204,204,217,2,21,21,41,41,143,143,154,154,244,63,43,43,60,60,113,113,131,143,143,159,159,256,306,321,321,335,51,69,69,85,96,96,142,46,0,0,16,16,16,16,16,4,34,34],"floor_reached":55,"playtime":2160,"items_purged":["Doubt","Shame"],"score":646,"play_id":"e081ae1e-1c9f-48d6-8394-93c5bf232dfd","local_time":"20190308035021","is_ascension_mode":false,"campfire_choices":[{"floor":13,"key":"REST"},{"floor":15,"key":"REST"},{"floor":27,"key":"REST"},{"floor":30,"key":"RECALL"},{"floor":32,"key":"REST"},{"data":"Apotheosis","floor":40,"key":"SMITH"},{"floor":49,"key":"REST"},{"data":"Feel No Pain","floor":52,"key":"SMITH"}],"neow_cost":"NONE","seed_source_timestamp":21946946753125,"circlet_count":0,"master_deck":["Strike_R+1","Strike_R","Strike_R+1","Strike_R","Strike_R","Defend_R","Defend_R","Defend_R","Defend_R","Bash+1","Pommel Strike","Seeing Red","Cleave","Apotheosis+1","Metallicize","Spot Weakness","Entrench","Demon Form","Ghostly Armor","Shrug It Off+1","Dual Wield+1","Shockwave+1","Pummel","Parasite","Feel No Pain+1","Rage","Shrug It Off","True Grit","Disarm+1"],"relics":["Burning Blood","MawBank","Ornamental Fan","Art of War","Kunai","Bag of Marbles","Busted Crown","Bag of Preparation","Regal Pillow","Tiny House","Membership Card","Vajra","Mercury Hourglass","Red Mask","Lantern"],"potions_floor_usage":[6,6,7,18,24,28,33,33,39,42,48],"damage_taken":[{"damage":9,"enemies":"Jaw Worm","floor":1,"turns":4},{"damage":2,"enemies":"2 Louse","floor":2,"turns":3},{"damage":46,"enemies":"Lagavulin","floor":6,"turns":8},{"damage":0,"enemies":"Small Slimes","floor":7,"turns":4},{"damage":11,"enemies":"Exordium Wildlife","floor":10,"turns":3},{"damage":6,"enemies":"2 Fungi Beasts","floor":12,"turns":4},{"damage":10,"enemies":"Lots of Slimes","floor":14,"turns":2},{"damage":43,"enemies":"Slime Boss","floor":16,"turns":14},{"damage":9,"enemies":"Shell Parasite","floor":18,"turns":4},{"damage":24,"enemies":"2 Thieves","floor":22,"turns":5},{"damage":20,"enemies":"Shelled Parasite and Fungi","floor":24,"turns":6},{"damage":7,"enemies":"Centurion and Healer","floor":28,"turns":3},{"damage":18,"enemies":"3 Cultists","floor":29,"turns":6},{"damage":7,"enemies":"Snake Plant","floor":31,"turns":4},{"damage":69,"enemies":"Champ","floor":33,"turns":14},{"damage":9,"enemies":"3 Darklings","floor":35,"turns":6},{"damage":9,"enemies":"3 Shapes","floor":37,"turns":4},{"damage":22,"enemies":"Sphere and 2 Shapes","floor":39,"turns":7},{"damage":40,"enemies":"Writhing Mass","floor":41,"turns":6},{"damage":0,"enemies":"Maw","floor":42,"turns":7},{"damage":37,"enemies":"Transient","floor":48,"turns":5},{"damage":47,"enemies":"Time Eater","floor":50,"turns":8},{"damage":79,"enemies":"Shield and Spear","floor":54,"turns":9},{"damage":13,"enemies":"The Heart","floor":55,"turns":2}],"seed_played":"5301724938504030915","potions_obtained":[{"floor":1,"key":"Fire Potion"},{"floor":2,"key":"SteroidPotion"},{"floor":6,"key":"Block Potion"},{"floor":16,"key":"Weak Potion"},{"floor":22,"key":"LiquidBronze"},{"floor":24,"key":"PowerPotion"},{"floor":29,"key":"Energy Potion"},{"floor":31,"key":"LiquidBronze"},{"floor":34,"key":"Poison Potion"},{"floor":41,"key":"BloodPotion"},{"floor":42,"key":"Swift Potion"}],"is_trial":false,"path_per_floor":["M","M","?","?","?","E","M","$","T","M","$","M","R","M","R","B",null,"M","?","?","$","M","$","M","?","T","R","M","M","R","M","R","B",null,"M","?","M","$","M","R","M","M","T","T","$","?","$","M","R","B",null,"R","$","E","B"],"character_chosen":"IRONCLAD","items_purchased":["Apotheosis","Bag of Marbles","Metallicize","Ghostly Armor","Membership Card","Vajra","Feel No Pain","Rage","Shrug It Off","True Grit"],"campfire_rested":5,"item_purchase_floors":[8,11,11,21,38,38,45,45,45,53],"current_hp_per_floor":[77,80,64,64,64,24,30,30,30,25,25,25,49,45,69,32,80,77,77,61,61,43,43,29,29,29,68,67,55,55,54,80,17,85,82,82,79,79,63,63,29,43,43,43,43,43,43,12,52,11,85,85,85,12,0],"gold":34,"neow_bonus":"RANDOM_COMMON_RELIC","is_prod":false,"is_daily":false,"chose_seed":false,"campfire_upgraded":2,"win_rate":0,"timestamp":1552029621,"path_taken":["M","M","?","?","?","E","?","$","T","M","$","M","R","M","R","BOSS","M","?","?","$","?","?","M","?","T","R","M","M","R","M","R","BOSS","M","?","M","$","M","R","M","?","T","?","$","?","$","M","R","BOSS","R","$","E","BOSS"],"build_version":"2019-02-06","purchased_purges":2,"victory":false,"max_hp_per_floor":[80,80,80,80,80,80,80,80,80,80,80,80,80,80,80,80,80,80,80,80,80,80,80,80,80,80,80,80,80,80,80,80,80,85,85,85,85,85,85,85,85,85,85,85,85,85,85,85,85,85,85,85,85,85,85],"card_choices":[{"not_picked":["Cleave","Combust","Warcry"],"picked":"SKIP","floor":1},{"not_picked":["Anger","Whirlwind"],"picked":"Pommel Strike","floor":2},{"not_picked":["Havoc","Cleave"],"picked":"Seeing Red","floor":6},{"not_picked":["Havoc","Corruption"],"picked":"Cleave","floor":7},{"not_picked":["Perfected Strike","Havoc","Second Wind"],"picked":"SKIP","floor":10},{"not_picked":["Hemokinesis","Warcry"],"picked":"Spot Weakness","floor":12},{"not_picked":["Cleave","Pommel Strike"],"picked":"Entrench","floor":14},{"not_picked":["Offering","Barricade"],"picked":"Demon Form","floor":16},{"not_picked":["Sentinel"],"picked":"SKIP","floor":18},{"not_picked":["Perfected Strike"],"picked":"SKIP","floor":22},{"not_picked":["Fire Breathing+1"],"picked":"SKIP","floor":24},{"not_picked":[],"picked":"Shrug It Off+1","floor":28},{"not_picked":["Twin Strike"],"picked":"SKIP","floor":29},{"not_picked":["Cleave"],"picked":"SKIP","floor":31},{"not_picked":[],"picked":"Dual Wield+1","floor":34},{"not_picked":[],"picked":"Shockwave+1","floor":35},{"not_picked":["Sentinel"],"picked":"SKIP","floor":37},{"not_picked":["Thunderclap+1"],"picked":"SKIP","floor":39},{"not_picked":["Pummel+1"],"picked":"SKIP","floor":41},{"not_picked":["Pommel Strike"],"picked":"SKIP","floor":42},{"not_picked":["Flex+1"],"picked":"SKIP","floor":48},{"not_picked":[],"picked":"Disarm+1","floor":54}],"player_experience":694367,"relics_obtained":[{"floor":5,"key":"Ornamental Fan"},{"floor":6,"key":"Art of War"},{"floor":9,"key":"Kunai"},{"floor":26,"key":"Regal Pillow"},{"floor":43,"key":"Mercury Hourglass"},{"floor":54,"key":"Lantern"}],"event_choices":[{"damage_healed":0,"gold_gain":0,"player_choice":"Entered Light","damage_taken":16,"max_hp_gain":0,"max_hp_loss":0,"event_name":"Shining Light","floor":3,"gold_loss":0,"cards_upgraded":["Strike_R","Bash"]},{"damage_healed":0,"gold_gain":175,"player_choice":"AGREE","damage_taken":0,"max_hp_gain":0,"max_hp_loss":0,"event_name":"Liars Game","floor":4,"gold_loss":0,"cards_obtained":["Doubt"]},{"damage_healed":0,"gold_gain":0,"player_choice":"Relic","damage_taken":0,"max_hp_gain":0,"max_hp_loss":0,"event_name":"Wheel of Change","floor":5,"gold_loss":0},{"damage_healed":0,"gold_gain":0,"player_choice":"Stole Relic","damage_taken":0,"relics_obtained":["Bag of Preparation"],"max_hp_gain":0,"max_hp_loss":0,"event_name":"Addict","floor":19,"gold_loss":0,"cards_obtained":["Shame"]},{"damage_healed":0,"gold_gain":90,"player_choice":"GOLD ","damage_taken":16,"max_hp_gain":0,"max_hp_loss":0,"event_name":"Knowing Skull","floor":20,"potions_obtained":[],"gold_loss":0,"cards_obtained":[]},{"damage_healed":0,"gold_gain":0,"player_choice":"Ignored","damage_taken":0,"max_hp_gain":0,"max_hp_loss":0,"event_name":"Ghosts","floor":25,"gold_loss":0},{"damage_healed":0,"gold_gain":0,"player_choice":"1 cards matched","damage_taken":0,"max_hp_gain":0,"max_hp_loss":0,"event_name":"Match and Keep!","floor":36,"gold_loss":0,"cards_obtained":["Pummel"]},{"damage_healed":0,"gold_gain":0,"player_choice":"Paid","damage_taken":0,"relics_obtained":["Red Mask"],"max_hp_gain":0,"max_hp_loss":0,"event_name":"Tomb of Lord Red Mask","floor":46,"gold_loss":46}],"is_beta":true,"boss_relics":[{"not_picked":["White Beast Statue","Black Star"],"picked":"Busted Crown"},{"not_picked":["Fusion Hammer","Mark of Pain"],"picked":"Tiny House"}],"items_purged_floors":[8,21],"is_endless":false,"potions_floor_spawned":[1,2,6,16,22,24,29,31,41,42],"killed_by":"The Heart","ascension_level":0}