{"gold_per_floor":[116,126,126,126,126,126,152,152,152,172,182,182,207,235,235,308,308,325,215,215,215,315,349,349,349,401,417,3,22,55,71,71,150,150,162,162,162,70,7,42,42,42,42,62,80,111,111,123,123,123,123,123,123,33,62,62],"floor_reached":57,"playtime":4449,"items_purged":["Strike_G","Regret","Writhe"],"score":3258,"play_id":"a76f505e-949b-405c-9446-ab0a1f04e59b","local_time":"20190327232422","is_ascension_mode":true,"campfire_choices":[{"data":"Skewer","floor":6.0,"key":"SMITH"},{"data":"Cloak And Dagger","floor":8.0,"key":"SMITH"},{"data":"Deadly Poison","floor":12.0,"key":"SMITH"},{"data":"Neutralize","floor":15.0,"key":"SMITH"},{"data":"Ghostly","floor":24.0,"key":"SMITH"},{"floor":32.0,"key":"REST"},{"data":"Ghostly","floor":41.0,"key":"SMITH"},{"floor":47.0,"key":"RECALL"},{"data":"Shame","floor":49.0,"key":"PURGE"},{"data":"Shame","floor":53.0,"key":"PURGE"}],"neow_cost":"NONE","seed_source_timestamp":1271911057763618,"circlet_count":0,"master_deck":["AscendersBane","Defend_G+1","Defend_G+1","Defend_G+1","Defend_G+1","Defend_G+1","Strike_G+1","Strike_G+1","Survivor+1","Neutralize+1","Skewer+1","Cloak And Dagger+1","PiercingWail+1","Deadly Poison+1","PiercingWail+1","Cloak And Dagger+1","Night Terror+1","Dash+1","Ghostly+1","Ghostly+1","Ghostly+1","Leg Sweep+1","Backflip+1","Burst+1","Footwork+1","Caltrops+1","Well Laid Plans+1","Dodge and Roll+1","Flechettes+1","After Image","Blur"],"special_seed":0,"relics":["Busted Crown","Juzu Bracelet","Question Card","Ice Cream","Mercury Hourglass","Odd Mushroom","Regal Pillow","Snecko Eye","MutagenicStrength","Peace Pipe","Darkstone Periapt","Molten Egg 2","Pen Nib","Bag of Marbles","Membership Card","Bronze Scales","Anchor","Calling Bell","Ancient Tea Set","Blue Candle","Prayer Wheel","Letter Opener","Mark of the Bloom","Mango","Oddly Smooth Stone"],"potions_floor_usage":[56],"damage_taken":[{"damage":4.0,"enemies":"Jaw Worm","floor":1.0,"turns":5.0},{"damage":0.0,"enemies":"Small Slimes","floor":2.0,"turns":3.0},{"damage":11.0,"enemies":"Lagavulin","floor":7.0,"turns":7.0},{"damage":0.0,"enemies":"Cultist","floor":10.0,"turns":2.0},{"damage":1.0,"enemies":"3 Louse","floor":11.0,"turns":3.0},{"damage":1.0,"enemies":"The Mushroom Lair","floor":13.0,"turns":4.0},{"damage":2.0,"enemies":"3 Sentries","floor":14.0,"turns":7.0},{"damage":23.0,"enemies":"The Guardian","floor":16.0,"turns":10.0},{"damage":4.0,"enemies":"Chosen","floor":18.0,"turns":5.0},{"damage":0.0,"enemies":"Colosseum Slavers","floor":22.0,"turns":5.0},{"damage":3.0,"enemies":"Colosseum Nobs","floor":22.0,"turns":6.0},{"damage":17.0,"enemies":"Gremlin Leader","floor":23.0,"turns":6.0},{"damage":0.0,"enemies":"3 Byrds","floor":27.0,"turns":4.0},{"damage":0.0,"enemies":"Snake Plant","floor":29.0,"turns":2.0},{"damage":4.0,"enemies":"Slavers","floor":30.0,"turns":7.0},{"damage":0.0,"enemies":"Snecko","floor":31.0,"turns":5.0},{"damage":0.0,"enemies":"Champ","floor":33.0,"turns":16.0},{"damage":1.0,"enemies":"3 Shapes","floor":35.0,"turns":7.0},{"damage":2.0,"enemies":"Giant Head","floor":40.0,"turns":9.0},{"damage":0.0,"enemies":"Orb Walker","floor":44.0,"turns":2.0},{"damage":0.0,"enemies":"Writhing Mass","floor":45.0,"turns":7.0},{"damage":0.0,"enemies":"Nemesis","floor":46.0,"turns":9.0},{"damage":0.0,"enemies":"3 Darklings","floor":48.0,"turns":5.0},{"damage":0.0,"enemies":"Awakened One","floor":50.0,"turns":22.0},{"damage":0.0,"enemies":"Time Eater","floor":51.0,"turns":11.0},{"damage":0.0,"enemies":"Shield and Spear","floor":55.0,"turns":10.0},{"damage":11,"enemies":"The Heart","floor":56,"turns":11}],"seed_played":"6779478478473895145","potions_obtained":[{"floor":1.0,"key":"Poison Potion"},{"floor":7.0,"key":"LiquidBronze"},{"floor":11.0,"key":"SkillPotion"},{"floor":23.0,"key":"Strength Potion"}],"is_trial":false,"path_per_floor":["M","M","?","?","T","R","E","R","T","M","M","R","?","E","R","B",null,"M","?","?","?","?","E","R","T","T","M","$","M","E","M","R","B",null,"M","?","?","$","$","E","R","?","T","M","M","E","R","M","R","B","B",null,"R","$","E","B",null],"character_chosen":"THE_SILENT","items_purchased":["Membership Card","Bronze Scales","GhostInAJar","Backflip","Footwork","After Image"],"campfire_rested":1,"item_purchase_floors":[28,28,28,28,38,54],"current_hp_per_floor":[55,55,55,55,55,55,44,44,44,44,43,43,42,40,40,17,54,50,50,50,33,30,13,13,13,13,13,13,13,9,9,33,33,51,50,57,57,57,57,55,55,55,55,55,55,55,55,55,55,55,55,55,55,55,55,44],"gold":62,"neow_bonus":"BOSS_RELIC","is_prod":false,"is_daily":false,"chose_seed":false,"campfire_upgraded":6,"win_rate":0,"timestamp":1553743462,"path_taken":["M","M","?","?","?","R","E","R","T","M","M","R","?","E","R","BOSS","M","?","?","?","?","E","R","?","T","M","$","M","E","M","R","BOSS","M","?","?","?","$","E","R","?","T","M","M","E","R","M","R","BOSS","BOSS","R","$","E","BOSS"],"build_version":"2019-03-15","purchased_purges":3,"victory":true,"max_hp_per_floor":[66,66,66,66,66,66,66,66,66,66,66,66,66,66,66,66,66,66,66,66,33,33,33,33,33,33,33,33,33,33,33,33,33,51,51,57,57,57,57,57,57,57,57,57,57,71,71,71,71,71,71,71,71,71,71,71],"card_choices":[{"not_picked":[],"picked":"Skewer","floor":1.0},{"not_picked":["Deflect"],"picked":"SKIP","floor":2.0},{"not_picked":["Sucker Punch"],"picked":"PiercingWail","floor":7.0},{"not_picked":["Bane","Dagger Throw"],"picked":"SKIP","floor":10.0},{"not_picked":["Bane","Dagger Throw"],"picked":"SKIP","floor":10.0},{"not_picked":["Slice"],"picked":"Deadly Poison","floor":11.0},{"not_picked":["Accuracy"],"picked":"PiercingWail","floor":13.0},{"not_picked":["Acrobatics"],"picked":"Cloak And Dagger","floor":14.0},{"not_picked":["Phantasmal Killer"],"picked":"Night Terror","floor":16.0},{"not_picked":["Poisoned Stab"],"picked":"Dash","floor":18.0},{"not_picked":["Tactician"],"picked":"Leg Sweep","floor":23.0},{"not_picked":["Cloak And Dagger","Expertise"],"picked":"SKIP","floor":27.0},{"not_picked":["Cloak And Dagger","Expertise"],"picked":"SKIP","floor":27.0},{"not_picked":["Deflect","Flying Knee+1"],"picked":"SKIP","floor":29.0},{"not_picked":["Venomology","Expertise"],"picked":"SKIP","floor":30.0},{"not_picked":["Dagger Throw+1","Reflex"],"picked":"SKIP","floor":31.0},{"not_picked":["Die Die Die+1"],"picked":"Burst","floor":33.0},{"not_picked":["Choke+1","Prepared"],"picked":"SKIP","floor":35.0},{"not_picked":["Sucker Punch+1","Dagger Spray+1"],"picked":"SKIP","floor":35.0},{"not_picked":["Noxious Fumes","Heel Hook+1"],"picked":"SKIP","floor":40.0},{"not_picked":["Expertise"],"picked":"Caltrops+1","floor":44.0},{"not_picked":["Choke+1","Deflect"],"picked":"SKIP","floor":44.0},{"not_picked":["PiercingWail"],"picked":"Well Laid Plans+1","floor":45.0},{"not_picked":["Crippling Poison","Cloak And Dagger"],"picked":"SKIP","floor":45.0},{"not_picked":["Sucker Punch+1"],"picked":"Dodge and Roll+1","floor":46.0},{"not_picked":["Noxious Fumes+1"],"picked":"Flechettes+1","floor":48.0},{"not_picked":["Prepared","Slice+1"],"picked":"SKIP","floor":48.0},{"not_picked":["Finisher+1"],"picked":"Blur","floor":55.0}],"player_experience":1325530,"relics_obtained":[{"floor":5.0,"key":"Question Card"},{"floor":7.0,"key":"Ice Cream"},{"floor":9.0,"key":"Mercury Hourglass"},{"floor":13.0,"key":"Odd Mushroom"},{"floor":14.0,"key":"Regal Pillow"},{"floor":22.0,"key":"Peace Pipe"},{"floor":22.0,"key":"Darkstone Periapt"},{"floor":23.0,"key":"Molten Egg 2"},{"floor":25.0,"key":"Pen Nib"},{"floor":26.0,"key":"Bag of Marbles"},{"floor":30.0,"key":"Anchor"},{"floor":34.0,"key":"Ancient Tea Set"},{"floor":34.0,"key":"Blue Candle"},{"floor":34.0,"key":"Prayer Wheel"},{"floor":40.0,"key":"Letter Opener"},{"floor":46.0,"key":"Mango"},{"floor":55.0,"key":"Oddly Smooth Stone"}],"event_choices":[{"damage_healed":0.0,"max_hp_gain":0.0,"max_hp_loss":0.0,"gold_gain":0.0,"cards_transformed":["Strike_G"],"event_name":"Living Wall","player_choice":"Change","floor":3.0,"gold_loss":0.0,"damage_taken":0.0,"cards_obtained":["Cloak And Dagger"]},{"damage_healed":0.0,"max_hp_gain":0.0,"max_hp_loss":0.0,"gold_gain":0.0,"event_name":"Big Fish","player_choice":"Box","floor":4.0,"gold_loss":0.0,"damage_taken":0.0,"relics_obtained":["Juzu Bracelet"],"cards_obtained":["Regret"]},{"damage_healed":0.0,"max_hp_gain":0.0,"max_hp_loss":0.0,"gold_gain":0.0,"event_name":"Mushrooms","player_choice":"Fought Mushrooms","floor":13.0,"gold_loss":0.0,"damage_taken":0.0},{"cards_removed":["Regret"],"damage_healed":0.0,"max_hp_gain":0.0,"max_hp_loss":0.0,"gold_gain":0.0,"event_name":"Designer","player_choice":"Upgrade and Remove","floor":19.0,"gold_loss":110.0,"damage_taken":0.0,"cards_upgraded":["Defend_G"]},{"damage_healed":0.0,"max_hp_gain":0.0,"max_hp_loss":0.0,"gold_gain":0.0,"event_name":"Drug Dealer","player_choice":"Inject Mutagens","floor":20.0,"gold_loss":0.0,"damage_taken":0.0,"relics_obtained":["MutagenicStrength"]},{"damage_healed":0.0,"max_hp_gain":0.0,"max_hp_loss":33.0,"gold_gain":0.0,"event_name":"Ghosts","player_choice":"Became a Ghost","floor":21.0,"gold_loss":0.0,"damage_taken":0.0,"cards_obtained":["Ghostly","Ghostly","Ghostly"]},{"damage_healed":0.0,"max_hp_gain":0.0,"max_hp_loss":0.0,"gold_gain":0.0,"event_name":"Colosseum","player_choice":"Fight","floor":22.0,"gold_loss":0.0,"damage_taken":0.0},{"damage_healed":0.0,"max_hp_gain":0.0,"max_hp_loss":0.0,"gold_gain":0.0,"event_name":"Colosseum","player_choice":"Fought Nobs","floor":22.0,"gold_loss":0.0,"damage_taken":0.0},{"damage_healed":10.0,"max_hp_gain":0.0,"max_hp_loss":0.0,"gold_gain":0.0,"event_name":"Winding Halls","player_choice":"Writhe","floor":36.0,"gold_loss":0.0,"damage_taken":0.0,"cards_obtained":["Writhe"]},{"cards_removed":["Strike_G"],"damage_healed":0.0,"max_hp_gain":0.0,"max_hp_loss":0.0,"gold_gain":0.0,"event_name":"Falling","player_choice":"Removed Attack","floor":37.0,"gold_loss":0.0,"damage_taken":0.0},{"damage_healed":0.0,"max_hp_gain":0.0,"max_hp_loss":0.0,"gold_gain":0.0,"event_name":"MindBloom","player_choice":"Upgrade","floor":42.0,"gold_loss":0.0,"damage_taken":0.0,"cards_upgraded":["Defend_G","Defend_G","Defend_G","Defend_G","Strike_G","Strike_G","Survivor","PiercingWail","PiercingWail","Cloak And Dagger","Night Terror","Dash","Ghostly","Leg Sweep","Backflip","Burst","Footwork"],"relics_obtained":["Mark of the Bloom"]}],"is_beta":true,"boss_relics":[{"not_picked":["Fusion Hammer","Philosopher\u0027s Stone"],"picked":"Snecko Eye"},{"not_picked":["Pandora\u0027s Box","Empty Cage"],"picked":"Calling Bell"}],"items_purged_floors":[28,38,39],"is_endless":false,"potions_floor_spawned":[1,7,11,16,23,27,30,31,33,44,45],"ascension_level":20}