{"gold_per_floor":[112,127,142,159,159,159,177,206,206,219,219,238,253,285,285,386,386,402,402,140,173,185,185,197,197,197,43,43,43,58,58,58,154,154,174,174,186,186,5,18,34,34,60,80,129,129,129,141,141,141,141,141,64,89,89],"floor_reached":55,"playtime":4762,"items_purged":["Strike_B","Hyperbeam"],"score":656,"play_id":"fc4f5295-faa0-4a1d-af0d-d77c2546c575","local_time":"20190324203716","is_ascension_mode":false,"campfire_choices":[{"data":"Consume","floor":6.0,"key":"SMITH"},{"floor":11.0,"key":"RECALL"},{"data":"Capacitor","floor":15.0,"key":"SMITH"},{"data":"Biased Cognition","floor":23.0,"key":"SMITH"},{"data":"Secret Technique","floor":25.0,"key":"SMITH"},{"data":"Dualcast","floor":29.0,"key":"SMITH"},{"data":"Zap","floor":32.0,"key":"SMITH"},{"data":"Panacea","floor":42.0,"key":"SMITH"},{"floor":46.0,"key":"REST"},{"data":"Echo Form","floor":49.0,"key":"SMITH"},{"data":"Conserve Battery","floor":52.0,"key":"SMITH"}],"neow_cost":"TEN_PERCENT_HP_LOSS","seed_source_timestamp":0,"circlet_count":0,"master_deck":["Defend_B","Defend_B+1","Defend_B","Defend_B","Zap+1","Dualcast+1","Ball Lightning","Consume+1","Glacier","Coolheaded+1","Electrodynamics","Ball Lightning","Capacitor+1","Biased Cognition+1","Conserve Battery+1","Secret Technique+1","Chill","Glacier+1","Echo Form+1","Panacea+1","Capacitor+1","Static Discharge+1"],"special_seed":0,"relics":["Cracked Core","Gambling Chip","Orichalcum","Orrery","Red Mask","Lantern","War Paint","Bottled Tornado","Black Star","Bag of Preparation","Peace Pipe","Frozen Egg 2","Ornamental Fan","Bag of Marbles"],"potions_floor_usage":[55],"damage_taken":[{"damage":4.0,"enemies":"Small Slimes","floor":1.0,"turns":4.0},{"damage":0.0,"enemies":"Cultist","floor":2.0,"turns":2.0},{"damage":0.0,"enemies":"2 Louse","floor":3.0,"turns":2.0},{"damage":0.0,"enemies":"Large Slime","floor":4.0,"turns":5.0},{"damage":0.0,"enemies":"Gremlin Gang","floor":7.0,"turns":4.0},{"damage":9.0,"enemies":"Lagavulin","floor":8.0,"turns":6.0},{"damage":0.0,"enemies":"2 Fungi Beasts","floor":10.0,"turns":1.0},{"damage":0.0,"enemies":"Blue Slaver","floor":12.0,"turns":4.0},{"damage":13.0,"enemies":"Exordium Thugs","floor":13.0,"turns":4.0},{"damage":0.0,"enemies":"Gremlin Nob","floor":14.0,"turns":3.0},{"damage":34.0,"enemies":"Hexaghost","floor":16.0,"turns":10.0},{"damage":1.0,"enemies":"2 Thieves","floor":18.0,"turns":4.0},{"damage":4.0,"enemies":"Masked Bandits","floor":21.0,"turns":2.0},{"damage":0.0,"enemies":"3 Byrds","floor":22.0,"turns":2.0},{"damage":3.0,"enemies":"Snecko","floor":24.0,"turns":4.0},{"damage":0.0,"enemies":"Centurion and Healer","floor":30.0,"turns":3.0},{"damage":2.0,"enemies":"Automaton","floor":33.0,"turns":8.0},{"damage":0.0,"enemies":"3 Shapes","floor":35.0,"turns":4.0},{"damage":0.0,"enemies":"3 Darklings","floor":37.0,"turns":3.0},{"damage":0.0,"enemies":"Jaw Worm Horde","floor":40.0,"turns":2.0},{"damage":19.0,"enemies":"Writhing Mass","floor":41.0,"turns":5.0},{"damage":0.0,"enemies":"Maw","floor":44.0,"turns":7.0},{"damage":5.0,"enemies":"2 Orb Walkers","floor":45.0,"turns":3.0},{"damage":0.0,"enemies":"3 Darklings","floor":48.0,"turns":1.0},{"damage":4.0,"enemies":"Donu and Deca","floor":50.0,"turns":9.0},{"damage":31.0,"enemies":"Shield and Spear","floor":54.0,"turns":6.0},{"damage":40,"enemies":"The Heart","floor":55,"turns":5}],"seed_played":"-5692740467520916212","potions_obtained":[{"floor":1.0,"key":"FearPotion"},{"floor":4.0,"key":"SkillPotion"},{"floor":7.0,"key":"Poison Potion"},{"floor":8.0,"key":"Explosive Potion"},{"floor":13.0,"key":"SkillPotion"},{"floor":18.0,"key":"GamblersBrew"},{"floor":21.0,"key":"Block Potion"},{"floor":22.0,"key":"Block Potion"},{"floor":37.0,"key":"SkillPotion"},{"floor":45.0,"key":"Explosive Potion"},{"floor":48.0,"key":"FearPotion"}],"is_trial":false,"path_per_floor":["M","M","M","M","?","R","M","E","T","M","R","M","M","E","R","B",null,"M","?","$","?","M","R","M","R","T","$","?","R","M","T","R","B",null,"M","?","M","?","$","M","M","R","T","M","?","R","T","M","R","B",null,"R","$","E","B"],"character_chosen":"DEFECT","items_purchased":["Secret Technique","War Paint","Panacea","Static Discharge+1"],"campfire_rested":1,"item_purchase_floors":[20,27,39,53],"current_hp_per_floor":[64,64,64,64,64,64,64,55,55,55,55,55,42,42,42,8,68,67,67,67,63,63,63,60,60,60,60,60,60,60,60,60,58,68,68,68,68,68,68,68,49,49,49,49,44,64,64,64,64,60,68,68,68,37,0],"gold":89,"neow_bonus":"ONE_RARE_RELIC","is_prod":false,"is_daily":false,"chose_seed":false,"campfire_upgraded":9,"win_rate":0,"timestamp":1553477836,"path_taken":["M","M","M","M","?","R","M","E","T","M","R","M","?","E","R","BOSS","M","?","$","?","M","R","M","R","T","$","?","R","M","?","R","BOSS","M","?","M","?","$","M","M","R","T","?","?","R","?","?","R","BOSS","R","$","E","BOSS"],"build_version":"2019-01-23","purchased_purges":2,"victory":false,"max_hp_per_floor":[68,68,68,68,68,68,68,68,68,68,68,68,68,68,68,68,68,68,68,68,68,68,68,68,68,68,68,68,68,68,68,68,68,68,68,68,68,68,68,68,68,68,68,68,68,68,68,68,68,68,68,68,68,68,68],"card_choices":[{"not_picked":["Steam Power","Rebound"],"picked":"Ball Lightning","floor":1.0},{"not_picked":["Compile Driver","Tempest"],"picked":"Consume","floor":2.0},{"not_picked":["Coolheaded","Chill"],"picked":"Glacier","floor":3.0},{"not_picked":["Conserve Battery","Scrape"],"picked":"Coolheaded","floor":4.0},{"not_picked":["Barrage","Conserve Battery","Fission"],"picked":"SKIP","floor":7.0},{"not_picked":["Stack","Force Field"],"picked":"Electrodynamics","floor":8.0},{"not_picked":["Compile Driver","Rip and Tear"],"picked":"Ball Lightning","floor":10.0},{"not_picked":["BootSequence","Sweeping Beam"],"picked":"Capacitor","floor":12.0},{"not_picked":["Gash","Streamline","Compile Driver"],"picked":"SKIP","floor":13.0},{"not_picked":["Creative AI","Darkness","Stack"],"picked":"SKIP","floor":14.0},{"not_picked":["Thunder Strike","All For One"],"picked":"Biased Cognition","floor":16.0},{"not_picked":["Hello World","Undo"],"picked":"Conserve Battery","floor":17.0},{"not_picked":["Compile Driver+1","Leap","Gash"],"picked":"SKIP","floor":18.0},{"not_picked":["Skim","Streamline","Auto Shields+1"],"picked":"SKIP","floor":22.0},{"not_picked":["Reinforced Body+1","Rebound+1","Stack"],"picked":"SKIP","floor":24.0},{"not_picked":["Genetic Algorithm","Sweeping Beam"],"picked":"Glacier+1","floor":30.0},{"not_picked":["Machine Learning","Biased Cognition"],"picked":"Echo Form","floor":33.0},{"not_picked":["Hologram","Go for the Eyes+1","Coolheaded+1"],"picked":"SKIP","floor":35.0},{"not_picked":["Genetic Algorithm","Conserve Battery+1","Go for the Eyes"],"picked":"SKIP","floor":37.0},{"not_picked":["Doom and Gloom","Coolheaded+1"],"picked":"Capacitor+1","floor":40.0},{"not_picked":["Cold Snap","Hello World+1","Conserve Battery+1"],"picked":"SKIP","floor":41.0},{"not_picked":["Turbo+1","Electrodynamics","Chill"],"picked":"SKIP","floor":44.0},{"not_picked":["Hologram","FTL","Undo+1"],"picked":"SKIP","floor":48.0},{"not_picked":["Hologram","FTL","Undo+1"],"picked":"SKIP","floor":48.0},{"not_picked":["Rip and Tear","Streamline","Storm+1"],"picked":"SKIP","floor":54.0}],"player_experience":774358,"relics_obtained":[{"floor":8.0,"key":"Orichalcum"},{"floor":21.0,"key":"Red Mask"},{"floor":26.0,"key":"Lantern"},{"floor":31.0,"key":"Bottled Tornado"},{"floor":43.0,"key":"Bag of Preparation"},{"floor":45.0,"key":"Peace Pipe"},{"floor":47.0,"key":"Frozen Egg 2"},{"floor":54.0,"key":"Ornamental Fan"},{"floor":54.0,"key":"Bag of Marbles"}],"event_choices":[{"damage_healed":0.0,"max_hp_gain":0.0,"max_hp_loss":0.0,"gold_gain":0.0,"event_name":"NoteForYourself","player_choice":"Ignored","floor":5.0,"gold_loss":0.0,"damage_taken":0.0},{"cards_removed":["Strike_B"],"damage_healed":0.0,"max_hp_gain":0.0,"max_hp_loss":0.0,"gold_gain":0.0,"event_name":"Back to Basics","player_choice":"Elegance","floor":19.0,"gold_loss":0.0,"damage_taken":0.0},{"damage_healed":0.0,"max_hp_gain":0.0,"max_hp_loss":0.0,"gold_gain":0.0,"event_name":"Masked Bandits","player_choice":"Fought Bandits","floor":21.0,"gold_loss":0.0,"damage_taken":0.0},{"damage_healed":0.0,"max_hp_gain":0.0,"max_hp_loss":0.0,"gold_gain":0.0,"event_name":"The Library","player_choice":"Read","floor":28.0,"gold_loss":0.0,"damage_taken":0.0,"cards_obtained":["Chill"]},{"cards_removed":["Strike_B"],"damage_healed":0.0,"max_hp_gain":0.0,"max_hp_loss":0.0,"gold_gain":0.0,"event_name":"Falling","player_choice":"Removed Attack","floor":36.0,"gold_loss":0.0,"damage_taken":0.0},{"damage_healed":0.0,"max_hp_gain":0.0,"max_hp_loss":0.0,"gold_gain":0.0,"cards_transformed":["Strike_B"],"event_name":"Transmorgrifier","player_choice":"Transformed","floor":38.0,"gold_loss":0.0,"damage_taken":0.0,"cards_obtained":["Hyperbeam"]},{"damage_healed":0.0,"max_hp_gain":0.0,"max_hp_loss":0.0,"gold_gain":0.0,"event_name":"Mysterious Sphere","player_choice":"Fight","floor":45.0,"gold_loss":0.0,"damage_taken":0.0}],"is_beta":false,"boss_relics":[{"not_picked":["Runic Dome","Snecko Eye"],"picked":"Orrery"},{"not_picked":["FrozenCore","Runic Pyramid"],"picked":"Black Star"}],"items_purged_floors":[20,39],"is_endless":false,"potions_floor_spawned":[1,4,7,8,13,18,21,22,24,37,45,48],"killed_by":"The Heart","ascension_level":0}