{"gold_per_floor":[110,124,124,124,9,9,9,9,36,36,49,68,82,82,82,205,205,229,229,31,31,50,50,66,66,148,148,159,169,189,189],"floor_reached":31,"playtime":1399,"items_purged":["Injury"],"score":327,"play_id":"ff713c17-86bc-430b-89c0-9307137505ec","local_time":"20180903155811","is_ascension_mode":false,"campfire_choices":[{"data":"Static Discharge","floor":6,"key":"SMITH"},{"data":"Dualcast","floor":8,"key":"SMITH"},{"data":"Self Repair","floor":10,"key":"SMITH"},{"data":"White Noise","floor":15,"key":"SMITH"},{"data":"Turbo","floor":23,"key":"SMITH"},{"data":"Double Energy","floor":25,"key":"SMITH"}],"neow_cost":"","seed_source_timestamp":0,"circlet_count":0,"master_deck":["Strike_B","Strike_B","Strike_B","Strike_B","Defend_B","Defend_B","Defend_B","Defend_B","Zap+1","Dualcast+1","Turbo+1","Self Repair+1","Static Discharge+1","White Noise+1","Double Energy+1","Gash","Purity","Compile Driver","Meteor Strike","Defragment+1","Hologram+1","Rebound","Go for the Eyes","Chaos+1","Storm+1"],"relics":["Cracked Core","Bloody Idol","Lantern","Eternal Feather","Toy Ornithopter","Frozen Egg 2"],"potions_floor_usage":[18,18,28,28],"damage_taken":[{"damage":4,"enemies":"Jaw Worm","floor":1,"turns":4},{"damage":0,"enemies":"2 Louse","floor":2,"turns":2},{"damage":3,"enemies":"Small Slimes","floor":11,"turns":3},{"damage":6,"enemies":"3 Louse","floor":12,"turns":2},{"damage":16,"enemies":"Large Slime","floor":13,"turns":4},{"damage":48,"enemies":"Hexaghost","floor":16,"turns":9},{"damage":0,"enemies":"Spheric Guardian","floor":18,"turns":3},{"damage":36,"enemies":"2 Thieves","floor":22,"turns":5},{"damage":41,"enemies":"Snake Plant","floor":24,"turns":4},{"damage":27,"enemies":"Shelled Parasite and Fungi","floor":28,"turns":4},{"damage":33,"enemies":"3 Cultists","floor":29,"turns":4},{"damage":27,"enemies":"Sentry and Sphere","floor":30,"turns":5},{"damage":32,"enemies":"Shelled Parasite and Fungi","floor":31,"turns":4}],"seed_played":"-1329813055544279199","potions_obtained":[{"floor":11,"key":"Swift Potion"},{"floor":12,"key":"Fire Potion"},{"floor":13,"key":"SteroidPotion"},{"floor":27,"key":"FocusPotion"},{"floor":27,"key":"Regen Potion"},{"floor":27,"key":"AttackPotion"},{"floor":29,"key":"LiquidBronze"}],"is_trial":true,"path_per_floor":["M","M","?","?","$","R","?","R","T","R","M","M","M","?","R","B",null,"M","?","$","$","M","R","M","R","T","?","M","M","M"],"character_chosen":"DEFECT","items_purchased":["Static Discharge","Toy Ornithopter"],"campfire_rested":0,"item_purchase_floors":[5,20],"current_hp_per_floor":[71,71,71,71,71,71,71,71,71,71,75,69,73,73,73,35,75,75,75,75,75,59,71,45,57,62,62,60,42,30,0],"gold":189,"neow_bonus":"","is_prod":false,"is_daily":false,"chose_seed":false,"campfire_upgraded":6,"win_rate":0,"timestamp":1535986691,"path_taken":["M","M","?","?","$","R","?","R","T","R","?","M","?","?","R","BOSS","M","?","?","$","M","R","M","R","T","?","M","M","?","?"],"build_version":"2018-08-30","purchased_purges":1,"victory":false,"max_hp_per_floor":[75,75,75,75,75,75,75,75,75,75,75,75,75,75,75,75,75,75,75,75,75,75,75,75,75,75,75,75,75,75,75],"card_choices":[{"not_picked":["Compile Driver","Beam Cell"],"picked":"Turbo","floor":1},{"not_picked":["Rebound","Gash"],"picked":"Self Repair","floor":2},{"not_picked":["BootSequence","Go for the Eyes"],"picked":"White Noise","floor":11},{"not_picked":["Sweeping Beam","Conserve Battery"],"picked":"Double Energy","floor":12},{"not_picked":["Ball Lightning","Hologram"],"picked":"Gash","floor":13},{"not_picked":["Rainbow","Hyperbeam"],"picked":"Meteor Strike","floor":16},{"not_picked":["Steam","FTL"],"picked":"Defragment+1","floor":18},{"not_picked":["Barrage","Compile Driver"],"picked":"Hologram+1","floor":22},{"not_picked":["Compile Driver","Streamline"],"picked":"Rebound","floor":24},{"not_picked":["Redo","Blizzard"],"picked":"Go for the Eyes","floor":28},{"not_picked":["Leap","Compile Driver"],"picked":"Chaos+1","floor":29},{"not_picked":["Turbo","Static Discharge+1"],"picked":"Storm+1","floor":30}],"player_experience":490922,"relics_obtained":[{"floor":9,"key":"Lantern"},{"floor":26,"key":"Frozen Egg 2"}],"event_choices":[{"event_name":"Living Wall","player_choice":"Grow","floor":3,"damage_taken":0},{"event_name":"Golden Idol","player_choice":"Take Wound","floor":4,"damage_taken":0},{"event_name":"The Cleric","player_choice":"Leave","floor":7,"damage_taken":0},{"event_name":"Match and Keep!","player_choice":"2 cards matched","floor":14,"damage_taken":0},{"event_name":"Forgotten Altar","player_choice":"Gave Idol","floor":19,"damage_taken":0},{"event_name":"The Lab","player_choice":"Got Potions","floor":27,"damage_taken":0}],"is_beta":false,"boss_relics":[{"not_picked":["Tiny House","Astrolabe"],"picked":"Eternal Feather"}],"items_purged_floors":[5],"is_endless":true,"potions_floor_spawned":[11,12,13,29],"killed_by":"Shelled Parasite and Fungi","ascension_level":0}