{"gold_per_floor":[118,130,145,157,175,201,220,220,244,244,319,344,363,363,363,468,468,480,498,423,423,90,90,124,140,163,180,191,191,23,23,23,125,125,141,141],"floor_reached":36,"playtime":2064,"items_purged":["Recycle","Decay"],"score":436,"play_id":"c005a10e-2cef-4d9e-8233-d7811045d779","local_time":"20190322004030","is_ascension_mode":false,"campfire_choices":[{"data":"Consume","floor":8,"key":"SMITH"},{"data":"Rainbow","floor":10,"key":"SMITH"},{"floor":15,"key":"REST"},{"data":"Defragment","floor":23,"key":"SMITH"},{"floor":32,"key":"REST"}],"neow_cost":"NONE","seed_source_timestamp":752542657854155,"circlet_count":0,"master_deck":["Zap+1","Dualcast","Stack","BootSequence","Rainbow+1","Compile Driver","Hyperbeam+1","BootSequence","Chill","Go for the Eyes","Leap","Cold Snap","Consume+1","FTL","Core Surge","Defragment+1","Self Repair","Melter","Conserve Battery","Defragment","Creative AI","Seek"],"relics":["Pandora\u0027s Box","Juzu Bracelet","Orichalcum","Odd Mushroom","Cursed Key","Nilry\u0027s Codex","Gremlin Horn","Art of War","MutagenicStrength","Orrery"],"potions_floor_usage":[5,16,24,24,25,33,33,35],"damage_taken":[{"damage":0,"enemies":"2 Louse","floor":1,"turns":2},{"damage":0,"enemies":"Small Slimes","floor":2,"turns":2},{"damage":0,"enemies":"Jaw Worm","floor":3,"turns":2},{"damage":0,"enemies":"Exordium Wildlife","floor":4,"turns":4},{"damage":0,"enemies":"Looter","floor":5,"turns":3},{"damage":23,"enemies":"Gremlin Nob","floor":6,"turns":6},{"damage":0,"enemies":"Large Slime","floor":7,"turns":5},{"damage":0,"enemies":"The Mushroom Lair","floor":12,"turns":2},{"damage":0,"enemies":"2 Fungi Beasts","floor":13,"turns":3},{"damage":18,"enemies":"The Guardian","floor":16,"turns":13},{"damage":1,"enemies":"Spheric Guardian","floor":18,"turns":3},{"damage":0,"enemies":"Chosen","floor":19,"turns":4},{"damage":4,"enemies":"Slavers","floor":24,"turns":5},{"damage":11,"enemies":"Snake Plant","floor":25,"turns":5},{"damage":8,"enemies":"Snecko","floor":27,"turns":5},{"damage":11,"enemies":"Shelled Parasite and Fungi","floor":28,"turns":5},{"damage":0,"enemies":"Collector","floor":33,"turns":11},{"damage":0,"enemies":"3 Shapes","floor":35,"turns":3},{"damage":78,"enemies":"2 Orb Walkers","floor":36,"turns":5}],"seed_played":"2148240023544356623","potions_obtained":[{"floor":1,"key":"Dexterity Potion"},{"floor":3,"key":"SkillPotion"},{"floor":4,"key":"SpeedPotion"},{"floor":12,"key":"Strength Potion"},{"floor":19,"key":"AttackPotion"},{"floor":27,"key":"EssenceOfSteel"},{"floor":28,"key":"PowerPotion"},{"floor":33,"key":"FocusPotion"}],"is_trial":false,"path_per_floor":["M","M","M","M","M","E","M","R","T","R","?","?","M","?","R","B",null,"M","M","?","?","$","R","E","M","T","M","M","?","$","$","R","B",null,"M","?"],"character_chosen":"DEFECT","items_purchased":["Gremlin Horn","Defragment"],"campfire_rested":2,"item_purchase_floors":[22,30],"current_hp_per_floor":[75,75,75,75,75,52,52,52,52,52,41,41,41,26,48,30,75,74,74,74,58,58,58,61,57,57,56,52,52,52,52,74,75,75,75,0],"gold":141,"neow_bonus":"BOSS_RELIC","is_prod":false,"is_daily":false,"chose_seed":false,"campfire_upgraded":3,"win_rate":0,"timestamp":1553224230,"path_taken":["M","M","M","M","M","E","M","R","T","R","?","?","M","?","R","BOSS","M","M","?","?","$","R","E","M","T","M","M","?","?","$","R","BOSS","M","?"],"build_version":"2019-03-15","purchased_purges":2,"victory":false,"max_hp_per_floor":[75,75,75,75,75,75,75,75,75,75,75,75,75,75,75,75,75,75,75,75,75,75,75,75,75,75,75,75,75,75,75,75,75,75,75,75],"card_choices":[{"not_picked":["Force Field","Barrage"],"picked":"Chill","floor":1},{"not_picked":["Ball Lightning","Rip and Tear","Sweeping Beam"],"picked":"SKIP","floor":2},{"not_picked":["Rebound","Barrage"],"picked":"Go for the Eyes","floor":3},{"not_picked":["Doom and Gloom","Lockon"],"picked":"Leap","floor":4},{"not_picked":["Compile Driver","Darkness"],"picked":"Cold Snap","floor":5},{"not_picked":["Lockon","Machine Learning"],"picked":"Consume","floor":6},{"not_picked":["Reprogram","Redo","Chill"],"picked":"SKIP","floor":7},{"not_picked":["Compile Driver","Go for the Eyes"],"picked":"FTL","floor":12},{"not_picked":["Steam","Sweeping Beam","Compile Driver"],"picked":"SKIP","floor":13},{"not_picked":["Thunder Strike","Rainbow"],"picked":"Core Surge","floor":16},{"not_picked":["Beam Cell+1","Double Energy"],"picked":"Defragment","floor":18},{"not_picked":["Sweeping Beam+1","Beam Cell"],"picked":"Self Repair","floor":19},{"not_picked":["Cold Snap","Doom and Gloom","Lockon"],"picked":"SKIP","floor":24},{"not_picked":["Gash","Glacier"],"picked":"Melter","floor":25},{"not_picked":["Sweeping Beam","Steam+1","Ball Lightning"],"picked":"SKIP","floor":27},{"not_picked":["Tempest","Go for the Eyes"],"picked":"Conserve Battery","floor":28},{"not_picked":["All For One","Electrodynamics"],"picked":"Creative AI","floor":33},{"not_picked":["Go for the Eyes","Redo"],"picked":"Seek","floor":34},{"not_picked":["Compile Driver","Redo","Ball Lightning+1"],"picked":"SKIP","floor":35}],"player_experience":743620,"relics_obtained":[{"floor":6,"key":"Juzu Bracelet"},{"floor":9,"key":"Orichalcum"},{"floor":12,"key":"Odd Mushroom"},{"floor":21,"key":"Nilry\u0027s Codex"},{"floor":24,"key":"Art of War"}],"event_choices":[{"damage_healed":0,"gold_gain":75,"player_choice":"Gather Gold","damage_taken":11,"max_hp_gain":0,"max_hp_loss":0,"event_name":"World of Goop","floor":11,"gold_loss":0},{"damage_healed":0,"gold_gain":0,"player_choice":"Fought Mushrooms","damage_taken":0,"max_hp_gain":0,"max_hp_loss":0,"event_name":"Mushrooms","floor":12,"gold_loss":0},{"damage_healed":0,"gold_gain":0,"player_choice":"Entered Light","damage_taken":15,"max_hp_gain":0,"max_hp_loss":0,"event_name":"Shining Light","floor":14,"gold_loss":0,"cards_upgraded":["Zap","Hyperbeam"]},{"cards_removed":["Recycle"],"damage_healed":0,"gold_gain":0,"player_choice":"Gave Gold","damage_taken":0,"max_hp_gain":0,"max_hp_loss":0,"event_name":"Beggar","floor":20,"gold_loss":75},{"damage_healed":0,"gold_gain":0,"player_choice":"Obtained Book","damage_taken":16,"max_hp_gain":0,"max_hp_loss":0,"event_name":"Cursed Tome","floor":21,"gold_loss":0},{"damage_healed":0,"gold_gain":0,"player_choice":"Inject Mutagens","damage_taken":0,"relics_obtained":["MutagenicStrength"],"max_hp_gain":0,"max_hp_loss":0,"event_name":"Drug Dealer","floor":29,"gold_loss":0},{"damage_healed":0,"gold_gain":0,"player_choice":"Fight","damage_taken":0,"max_hp_gain":0,"max_hp_loss":0,"event_name":"Mysterious Sphere","floor":36,"gold_loss":0}],"is_beta":true,"boss_relics":[{"not_picked":["Fusion Hammer","Snecko Eye"],"picked":"Cursed Key"},{"not_picked":["Philosopher\u0027s Stone","Coffee Dripper"],"picked":"Orrery"}],"items_purged_floors":[22,30],"is_endless":false,"potions_floor_spawned":[1,3,4,12,19,27,28,33],"killed_by":"2 Orb Walkers","ascension_level":0}