{"gold_per_floor":[112,112,130,148,163,190,206,217,217,236,236,246,266,277,277,379,379,391,408,426,37,55,55,55,55,82,99,99,115,115,129,129,226,226,237,215,315,326,340,340,340],"floor_reached":41,"playtime":2318,"items_purged":["Reprogram"],"score":430,"play_id":"c9afe0d8-a4dd-4145-bf9a-1f8a8f6dd315","local_time":"20190208135050","is_ascension_mode":false,"campfire_choices":[{"floor":11.0,"key":"REST"},{"floor":15.0,"key":"REST"},{"data":"Loop","floor":24.0,"key":"SMITH"},{"floor":28.0,"key":"REST"},{"floor":32,"key":"REST"},{"floor":40,"key":"RECALL"}],"neow_cost":"NONE","seed_source_timestamp":165543447226080,"circlet_count":0,"master_deck":["Strike_B","Strike_B","Strike_B","Defend_B","Defend_B","Defend_B","Defend_B","Zap","Dualcast","Coolheaded","Go for the Eyes","Cold Snap","Capacitor","Ball Lightning","Loop","Sweeping Beam","Loop+1","Loop","Go for the Eyes","Electrodynamics","Reinforced Body","Lockon+1","Self Repair","Loop+1","Coolheaded","Machine Learning","Ball Lightning","Stack","Conserve Battery"],"special_seed":0,"relics":["Cracked Core","Kunai","Bag of Marbles","Shuriken","Inserter","Mummified Hand","Velvet Choker","Dead Branch"],"potions_floor_usage":[33,33],"damage_taken":[{"damage":5.0,"enemies":"Small Slimes","floor":1.0,"turns":3.0},{"damage":2.0,"enemies":"2 Louse","floor":3.0,"turns":3.0},{"damage":0.0,"enemies":"Cultist","floor":4.0,"turns":3.0},{"damage":0.0,"enemies":"3 Louse","floor":5.0,"turns":3.0},{"damage":42.0,"enemies":"Gremlin Nob","floor":6.0,"turns":5.0},{"damage":9.0,"enemies":"2 Fungi Beasts","floor":7.0,"turns":3.0},{"damage":0.0,"enemies":"Blue Slaver","floor":8.0,"turns":4.0},{"damage":1.0,"enemies":"Red Slaver","floor":10.0,"turns":2.0},{"damage":0.0,"enemies":"Lots of Slimes","floor":12.0,"turns":2.0},{"damage":12.0,"enemies":"Blue Slaver","floor":13.0,"turns":3.0},{"damage":5.0,"enemies":"2 Fungi Beasts","floor":14.0,"turns":3.0},{"damage":32.0,"enemies":"Hexaghost","floor":16.0,"turns":12.0},{"damage":20.0,"enemies":"2 Thieves","floor":18.0,"turns":3.0},{"damage":11.0,"enemies":"3 Byrds","floor":19.0,"turns":3.0},{"damage":11.0,"enemies":"Snecko","floor":20.0,"turns":6.0},{"damage":10.0,"enemies":"Cultist and Chosen","floor":22.0,"turns":5.0},{"damage":8.0,"enemies":"Centurion and Healer","floor":27.0,"turns":6.0},{"damage":7.0,"enemies":"Snake Plant","floor":29.0,"turns":4.0},{"damage":33,"enemies":"3 Cultists","floor":31,"turns":6},{"damage":36,"enemies":"Automaton","floor":33,"turns":10},{"damage":17,"enemies":"Orb Walker","floor":35,"turns":4},{"damage":0,"enemies":"Mind Bloom Boss Battle","floor":37,"turns":5},{"damage":42,"enemies":"3 Darklings","floor":38,"turns":6},{"damage":27,"enemies":"Transient","floor":39,"turns":5},{"damage":31,"enemies":"Nemesis","floor":41,"turns":5}],"seed_played":"-5444523366271750390","potions_obtained":[{"floor":1.0,"key":"Swift Potion"},{"floor":6.0,"key":"Strength Potion"},{"floor":7.0,"key":"AttackPotion"},{"floor":10.0,"key":"SteroidPotion"},{"floor":14.0,"key":"Ancient Potion"},{"floor":20.0,"key":"LiquidBronze"},{"floor":27.0,"key":"Weak Potion"},{"floor":38,"key":"Energy Potion"},{"floor":39,"key":"SpeedPotion"}],"is_trial":false,"path_per_floor":["M","?","M","M","M","E","M","M","T","M","R","M","M","M","R","B",null,"M","M","M","$","M","?","R","?","T","M","R","M","?","M","R","B",null,"M","$","?","M","M","R","E"],"character_chosen":"DEFECT","items_purchased":["Mummified Hand","Self Repair","Stack"],"campfire_rested":4,"item_purchase_floors":[21,21,36],"current_hp_per_floor":[70,63,61,61,61,19,10,10,10,9,31,31,19,14,36,4,75,55,44,33,33,30,30,30,16,16,15,39,39,39,13,37,8,80,70,70,70,35,15,15,0],"gold":340,"neow_bonus":"TRANSFORM_CARD","is_prod":false,"is_daily":false,"chose_seed":false,"campfire_upgraded":1,"win_rate":0,"timestamp":1549655450,"path_taken":["M","?","M","M","M","E","M","M","T","M","R","M","M","M","R","BOSS","M","M","M","$","M","?","R","?","T","M","R","M","?","M","R","BOSS","M","$","?","M","M","R","E"],"build_version":"2019-01-23","purchased_purges":1,"victory":false,"max_hp_per_floor":[75,75,75,75,75,75,75,75,75,75,75,75,75,75,75,75,75,75,75,75,75,75,75,75,80,80,80,80,80,80,80,80,80,80,80,80,80,80,80,80,80],"card_choices":[{"not_picked":["Force Field","Hologram"],"picked":"Coolheaded","floor":1.0},{"not_picked":["Cold Snap","Double Energy"],"picked":"Go for the Eyes","floor":3.0},{"not_picked":["Rebound","Conserve Battery"],"picked":"Cold Snap","floor":4.0},{"not_picked":["Go for the Eyes","Coolheaded","Lockon"],"picked":"SKIP","floor":5.0},{"not_picked":["Stack","Lockon"],"picked":"Capacitor","floor":6.0},{"not_picked":["Streamline","Barrage"],"picked":"Ball Lightning","floor":7.0},{"not_picked":["Lockon","Coolheaded"],"picked":"Loop","floor":8.0},{"not_picked":["Thunder Strike","Leap"],"picked":"Sweeping Beam","floor":10.0},{"not_picked":["Heatsinks","Steam"],"picked":"Loop","floor":12.0},{"not_picked":["Hologram","Hello World"],"picked":"Loop","floor":13.0},{"not_picked":["Conserve Battery","Ball Lightning"],"picked":"Go for the Eyes","floor":14.0},{"not_picked":["Seek","Machine Learning"],"picked":"Electrodynamics","floor":16.0},{"not_picked":["Scrape","Gash+1","Blizzard"],"picked":"SKIP","floor":18.0},{"not_picked":["Heatsinks","Doom and Gloom+1"],"picked":"Reinforced Body","floor":19.0},{"not_picked":["Coolheaded","Conserve Battery"],"picked":"Lockon+1","floor":20.0},{"not_picked":["Go for the Eyes","Lockon+1","Rebound"],"picked":"SKIP","floor":22.0},{"not_picked":["Beam Cell","Ball Lightning"],"picked":"Loop+1","floor":27.0},{"not_picked":["Rebound","Stack+1","Meteor Strike"],"picked":"SKIP","floor":29.0},{"not_picked":["Rebound+1","Gash+1"],"picked":"Coolheaded","floor":31},{"not_picked":["All For One","Thunder Strike"],"picked":"Machine Learning","floor":33},{"not_picked":["Skim","Go for the Eyes+1"],"picked":"Ball Lightning","floor":35},{"not_picked":["Skim","Gash+1"],"picked":"Conserve Battery","floor":37},{"not_picked":["Rebound+1","Reinforced Body","Lockon"],"picked":"SKIP","floor":38},{"not_picked":["Steam Power+1","Streamline","Sunder"],"picked":"SKIP","floor":39}],"player_experience":759572,"relics_obtained":[{"floor":6.0,"key":"Bag of Marbles"},{"floor":9.0,"key":"Shuriken"},{"floor":37,"key":"Dead Branch"}],"event_choices":[{"damage_healed":0.0,"max_hp_gain":0.0,"max_hp_loss":0.0,"gold_gain":0.0,"event_name":"Scrap Ooze","player_choice":"Success","floor":2.0,"gold_loss":0.0,"damage_taken":7.0,"relics_obtained":["Kunai"]},{"damage_healed":0.0,"max_hp_gain":0.0,"max_hp_loss":0.0,"gold_gain":0.0,"event_name":"Cursed Tome","player_choice":"Ignored","floor":23.0,"gold_loss":0.0,"damage_taken":0.0},{"damage_healed":0.0,"max_hp_gain":5.0,"max_hp_loss":0.0,"gold_gain":0.0,"event_name":"Forgotten Altar","player_choice":"Shed Blood","floor":25.0,"gold_loss":0.0,"damage_taken":19.0},{"damage_healed":0.0,"max_hp_gain":0.0,"max_hp_loss":0.0,"gold_gain":0.0,"event_name":"FaceTrader","player_choice":"Leave","floor":30.0,"gold_loss":0.0,"damage_taken":0.0},{"damage_healed":0,"gold_gain":0,"player_choice":"Fight","damage_taken":0,"max_hp_gain":0,"max_hp_loss":0,"event_name":"MindBloom","floor":37,"gold_loss":0}],"is_beta":false,"boss_relics":[{"not_picked":["Eternal Feather","Runic Pyramid"],"picked":"Inserter"},{"not_picked":["Runic Dome","Pandora\u0027s Box"],"picked":"Velvet Choker"}],"items_purged_floors":[21],"is_endless":false,"potions_floor_spawned":[1,6,7,10,14,19,20,27,38,39],"killed_by":"Nemesis","ascension_level":0}