{"gold_per_floor":[116,116,131,40,54,54,4,4,29,47,47,77,77,26,26,129,129,144,156,256,266,22,22,40,40,40,51,68,86,86,11,11,11],"floor_reached":33,"playtime":2211,"items_purged":["Strike_R+1"],"score":237,"play_id":"76ade943-a1ff-455f-96e3-6b293ddcbe1a","local_time":"20190317230330","is_ascension_mode":false,"campfire_choices":[{"data":"Inflame","floor":6,"key":"SMITH"},{"data":"Headbutt","floor":8,"key":"SMITH"},{"data":"Anger","floor":11,"key":"SMITH"},{"data":"Clothesline","floor":13,"key":"SMITH"},{"data":"Flex","floor":15,"key":"SMITH"},{"data":"Whirlwind","floor":23,"key":"SMITH"},{"data":"Bandage Up","floor":25,"key":"SMITH"},{"data":"Flex","floor":30,"key":"SMITH"},{"data":"Armaments","floor":32,"key":"SMITH"}],"neow_cost":"PERCENT_DAMAGE","seed_source_timestamp":539498422923,"circlet_count":0,"master_deck":["Strike_R","Strike_R","Defend_R","Defend_R","Defend_R","Defend_R","Bash+1","Inflame+1","Headbutt+1","Bandage Up+1","Clothesline+1","Anger+1","Flex+1","Feed","Flex+1","Whirlwind+1","Heavy Blade+1","Thunderclap","Clash","Armaments+1","True Grit+1","Clash"],"relics":["Burning Blood","WingedGreaves","Lantern","Coffee Dripper","Bag of Preparation","Matryoshka"],"potions_floor_usage":[16,21,33,33,33],"damage_taken":[{"damage":0,"enemies":"Small Slimes","floor":1,"turns":3},{"damage":1,"enemies":"Cultist","floor":3,"turns":3},{"damage":2,"enemies":"2 Louse","floor":5,"turns":2},{"damage":0,"enemies":"Looter","floor":10,"turns":2},{"damage":21,"enemies":"Hexaghost","floor":16,"turns":8},{"damage":20,"enemies":"2 Thieves","floor":18,"turns":3},{"damage":6,"enemies":"Chosen","floor":19,"turns":2},{"damage":35,"enemies":"Snake Plant","floor":21,"turns":3},{"damage":25,"enemies":"Shelled Parasite and Fungi","floor":24,"turns":4},{"damage":8,"enemies":"Snecko","floor":27,"turns":3},{"damage":10,"enemies":"Cultist and Chosen","floor":28,"turns":2},{"damage":1,"enemies":"Chosen and Byrds","floor":29,"turns":6},{"damage":70,"enemies":"Automaton","floor":33,"turns":6}],"seed_played":"-8305449756288782172","potions_obtained":[{"floor":3,"key":"AttackPotion"},{"floor":5,"key":"GamblersBrew"},{"floor":16,"key":"SkillPotion"},{"floor":27,"key":"LiquidBronze"},{"floor":28,"key":"Regen Potion"},{"floor":29,"key":"EssenceOfSteel"}],"is_trial":false,"path_per_floor":["M","?","M","$","M","R","?","R","T","M","R","?","R","$","R","B",null,"M","M","?","M","$","R","M","R","T","M","M","M","R","?","R","B"],"character_chosen":"IRONCLAD","items_purchased":["Bandage Up","Flex","Bag of Preparation","Thunderclap"],"campfire_rested":0,"item_purchase_floors":[4,14,22,22],"current_hp_per_floor":[62,46,51,51,59,59,59,59,59,65,65,65,65,65,65,54,80,69,72,72,47,47,47,32,32,32,30,35,46,46,46,46,0],"gold":11,"neow_bonus":"ONE_RARE_RELIC","is_prod":false,"is_daily":false,"chose_seed":false,"campfire_upgraded":9,"win_rate":0.0,"timestamp":1552863810,"path_taken":["M","?","M","$","M","R","?","R","T","M","R","?","R","$","R","BOSS","M","M","?","M","$","R","M","R","T","M","?","M","R","?","R","BOSS"],"build_version":"2019-01-23","purchased_purges":1,"victory":false,"max_hp_per_floor":[80,80,80,80,80,80,80,80,80,80,80,80,80,80,80,80,80,83,86,86,86,86,86,86,86,86,86,89,89,89,89,89,89],"card_choices":[{"not_picked":["Clothesline","Infernal Blade"],"picked":"Inflame","floor":1},{"not_picked":["Clash","Burning Pact"],"picked":"Headbutt","floor":3},{"not_picked":["Bloodletting","Warcry"],"picked":"Clothesline","floor":5},{"not_picked":["Pommel Strike","Iron Wave"],"picked":"Anger","floor":10},{"not_picked":["Fiend Fire","Juggernaut"],"picked":"Feed","floor":16},{"not_picked":["True Grit","Sever Soul"],"picked":"Flex","floor":18},{"not_picked":["Body Slam","Iron Wave"],"picked":"Whirlwind","floor":19},{"not_picked":["Pommel Strike","Carnage"],"picked":"Heavy Blade+1","floor":21},{"not_picked":["Perfected Strike","Hemokinesis"],"picked":"Clash","floor":24},{"not_picked":["Twin Strike+1","Corruption"],"picked":"Armaments","floor":27},{"not_picked":["Hemokinesis","Immolate"],"picked":"True Grit+1","floor":28},{"not_picked":["Thunderclap+1","Warcry"],"picked":"Clash","floor":29}],"player_experience":33047,"relics_obtained":[{"floor":9,"key":"Lantern"},{"floor":26,"key":"Matryoshka"}],"event_choices":[{"damage_healed":0,"gold_gain":0,"player_choice":"Entered Light","damage_taken":16,"max_hp_gain":0,"max_hp_loss":0,"event_name":"Shining Light","floor":2,"gold_loss":0,"cards_upgraded":["Bash","Strike_R"]},{"cards_removed":["Strike_R"],"damage_healed":0,"gold_gain":0,"player_choice":"Card Removal","damage_taken":0,"max_hp_gain":0,"max_hp_loss":0,"event_name":"The Cleric","floor":7,"gold_loss":50},{"damage_healed":0,"gold_gain":30,"player_choice":"Searched \u00271\u0027 times","damage_taken":0,"max_hp_gain":0,"max_hp_loss":0,"event_name":"Dead Adventurer","floor":12,"gold_loss":0},{"damage_healed":0,"gold_gain":100,"player_choice":"Pray","damage_taken":0,"max_hp_gain":0,"max_hp_loss":0,"event_name":"Golden Shrine","floor":20,"gold_loss":0},{"cards_removed":["Strike_R"],"damage_healed":0,"gold_gain":0,"player_choice":"Gave Gold","damage_taken":0,"max_hp_gain":0,"max_hp_loss":0,"event_name":"Beggar","floor":31,"gold_loss":75}],"is_beta":false,"boss_relics":[{"not_picked":["Calling Bell","Runic Pyramid"],"picked":"Coffee Dripper"}],"items_purged_floors":[22],"is_endless":false,"potions_floor_spawned":[3,5,16,27,28,29],"killed_by":"Automaton","ascension_level":0}