{"gold_per_floor":[113,113,113,127,150,150,174,189,213,226,226],"floor_reached":11,"playtime":509,"items_purged":[],"score":134,"play_id":"00be9ee4-253c-4d64-bed4-4d5dce148548","local_time":"20190329192845","is_ascension_mode":true,"campfire_choices":[{"floor":6.0,"key":"REST"}],"neow_cost":"NONE","seed_source_timestamp":0,"circlet_count":0,"master_deck":["AscendersBane","Defend_G","Defend_G","Defend_G","Defend_G","Defend_G","Strike_G","Strike_G","Strike_G","Strike_G","Strike_G","Survivor","Neutralize","Caltrops","Deflect","Dodge and Roll","Acrobatics","Sucker Punch"],"special_seed":0,"relics":["Fusion Hammer","Golden Idol","Anchor"],"potions_floor_usage":[8,11,11],"damage_taken":[{"damage":5.0,"enemies":"Small Slimes","floor":1.0,"turns":5.0},{"damage":2.0,"enemies":"Jaw Worm","floor":4.0,"turns":6.0},{"damage":1.0,"enemies":"Cultist","floor":5.0,"turns":5.0},{"damage":4.0,"enemies":"Blue Slaver","floor":7.0,"turns":4.0},{"damage":0,"enemies":"3 Louse","floor":8,"turns":6},{"damage":11,"enemies":"Exordium Wildlife","floor":10,"turns":6},{"damage":40,"enemies":"Gremlin Nob","floor":11,"turns":4}],"seed_played":"2968872271153163620","potions_obtained":[{"floor":5.0,"key":"SpeedPotion"},{"floor":7,"key":"PowerPotion"},{"floor":10,"key":"Dexterity Potion"}],"is_trial":false,"path_per_floor":["M","?","?","M","M","R","M","M","T","M","?"],"character_chosen":"THE_SILENT","items_purchased":[],"campfire_rested":1,"item_purchase_floors":[],"current_hp_per_floor":[54,31,27,25,24,43,39,39,39,28,0],"gold":226,"neow_bonus":"BOSS_RELIC","is_prod":false,"is_daily":false,"chose_seed":false,"campfire_upgraded":0,"win_rate":0,"timestamp":1553905725,"path_taken":["M","?","?","M","?","R","M","M","T","M","?"],"build_version":"2019-01-23","purchased_purges":0,"victory":false,"max_hp_per_floor":[66,66,66,66,66,66,66,66,66,66,66],"card_choices":[{"not_picked":["Underhanded Strike","Bane","Choke"],"picked":"SKIP","floor":1.0},{"not_picked":["Finisher","Flying Knee"],"picked":"Caltrops","floor":4.0},{"not_picked":["Expertise","Accuracy"],"picked":"Deflect","floor":5.0},{"not_picked":["Blade Dance","Outmaneuver"],"picked":"Dodge and Roll","floor":7},{"not_picked":["Sucker Punch","Flechettes"],"picked":"Acrobatics","floor":8},{"not_picked":["Deflect","Bane"],"picked":"Sucker Punch","floor":10}],"player_experience":809147,"relics_obtained":[{"floor":9,"key":"Anchor"}],"event_choices":[{"damage_healed":0.0,"max_hp_gain":0.0,"max_hp_loss":0.0,"gold_gain":0.0,"event_name":"Golden Idol","player_choice":"Take Damage","floor":2.0,"gold_loss":0.0,"damage_taken":23.0,"relics_obtained":["Golden Idol"]},{"damage_healed":0.0,"max_hp_gain":0.0,"max_hp_loss":0.0,"gold_gain":0.0,"event_name":"The Woman in Blue","player_choice":"Bought 0 Potions","floor":3.0,"gold_loss":0.0,"damage_taken":0.0},{"damage_healed":0,"gold_gain":0,"player_choice":"Searched \u00271\u0027 times","damage_taken":0,"max_hp_gain":0,"max_hp_loss":0,"event_name":"Dead Adventurer","floor":11,"gold_loss":0}],"is_beta":false,"boss_relics":[],"items_purged_floors":[],"is_endless":false,"potions_floor_spawned":[5,7,10],"killed_by":"Gremlin Nob","ascension_level":20}