{"gold_per_floor":[118,118,128,142,159,159,159,179,225,242,167,182,196,49,49,49],"floor_reached":16,"playtime":709,"items_purged":["Strike_R","Defend_R"],"score":96,"play_id":"add0cb93-e97d-452b-9f5a-ff03ca69253c","local_time":"20190326202421","is_ascension_mode":false,"campfire_choices":[{"data":"Bash","floor":6,"key":"SMITH"},{"data":"Shrug It Off","floor":15,"key":"SMITH"}],"neow_cost":"NONE","seed_source_timestamp":279901265354221,"circlet_count":0,"master_deck":["Strike_R","Strike_R","Strike_R","Defend_R","Defend_R","Defend_R","Bash+1","Shrug It Off+1"],"relics":["Burning Blood","NeowsBlessing","Dodecahedron","Bag of Marbles"],"potions_floor_usage":[12,12,12,13],"damage_taken":[{"damage":0,"enemies":"2 Louse","floor":1,"turns":1},{"damage":0,"enemies":"Small Slimes","floor":3,"turns":1},{"damage":0,"enemies":"Cultist","floor":4,"turns":1},{"damage":0,"enemies":"Large Slime","floor":5,"turns":5},{"damage":0,"enemies":"2 Fungi Beasts","floor":8,"turns":3},{"damage":9,"enemies":"Blue Slaver","floor":10,"turns":3},{"damage":55,"enemies":"Gremlin Gang","floor":12,"turns":6},{"damage":0,"enemies":"2 Fungi Beasts","floor":13,"turns":2},{"damage":71,"enemies":"The Guardian","floor":16,"turns":12}],"seed_played":"9063740078433003223","potions_obtained":[{"floor":5,"key":"Swift Potion"},{"floor":8,"key":"Regen Potion"},{"floor":10,"key":"BloodPotion"},{"floor":12,"key":"Explosive Potion"}],"is_trial":false,"path_per_floor":["M","?","M","M","M","R","?","M","T","M","$","M","M","$","R","B"],"character_chosen":"IRONCLAD","items_purchased":["Shrug It Off"],"campfire_rested":0,"item_purchase_floors":[14],"current_hp_per_floor":[80,73,79,80,80,80,80,80,80,77,77,43,49,49,49,0],"gold":49,"neow_bonus":"THREE_ENEMY_KILL","is_prod":false,"is_daily":false,"chose_seed":false,"campfire_upgraded":2,"win_rate":0,"timestamp":1553649861,"path_taken":["M","?","M","M","M","R","?","?","T","M","$","M","M","$","R","BOSS"],"build_version":"2019-01-23","purchased_purges":2,"victory":false,"max_hp_per_floor":[80,80,80,80,80,80,80,80,80,80,80,80,80,80,80,80],"card_choices":[{"not_picked":["Flex","Thunderclap","Shockwave"],"picked":"SKIP","floor":1},{"not_picked":["Uppercut","Shockwave","Headbutt"],"picked":"SKIP","floor":3},{"not_picked":["Perfected Strike","Thunderclap","Burning Pact"],"picked":"SKIP","floor":4},{"not_picked":["Warcry","Searing Blow","Feel No Pain"],"picked":"SKIP","floor":5},{"not_picked":["Ghostly Armor","Heavy Blade","Burning Pact"],"picked":"SKIP","floor":8},{"not_picked":["Dual Wield","Heavy Blade","Sword Boomerang"],"picked":"SKIP","floor":10},{"not_picked":["Havoc","Offering","Reckless Charge"],"picked":"SKIP","floor":12},{"not_picked":["Heavy Blade","Anger","Thunderclap"],"picked":"SKIP","floor":13}],"player_experience":788033,"relics_obtained":[{"floor":9,"key":"Bag of Marbles"}],"event_choices":[{"damage_healed":0,"gold_gain":0,"player_choice":"Success","damage_taken":7,"relics_obtained":["Dodecahedron"],"max_hp_gain":0,"max_hp_loss":0,"event_name":"Scrap Ooze","floor":2,"gold_loss":0},{"cards_removed":["Strike_R"],"damage_healed":0,"gold_gain":0,"player_choice":"Offered Basic","damage_taken":0,"max_hp_gain":0,"max_hp_loss":0,"event_name":"Bonfire Elementals","floor":7,"gold_loss":0}],"is_beta":false,"boss_relics":[],"items_purged_floors":[11,14],"is_endless":false,"potions_floor_spawned":[5,8,10,12],"killed_by":"The Guardian","ascension_level":0}