{"gold_per_floor":[118,118,131,131,86,86,100,100,100,110,145,157,169,213,225,316,328,357,369,381,412,443,455,495,507,544,188,200,59,59,78,78,152,152,169,169,44,44,55,55,73,86,154,154,183,183,183,183,183,183,183,183,183,33,63,63],"floor_reached":56,"playtime":2057,"items_purged":["Strike_B","Strike_B","Decay","Strike_B"],"score":1977,"play_id":"bf7b7539-f388-45c2-9a68-02f422a486f4","local_time":"20190325211957","is_ascension_mode":true,"campfire_choices":[{"data":"Consume","floor":6.0,"key":"SMITH"},{"data":"Go for the Eyes","floor":8.0,"key":"SMITH"},{"data":"Capacitor","floor":12.0,"key":"SMITH"},{"data":"Recycle","floor":15.0,"key":"SMITH"},{"data":"Defragment","floor":23.0,"key":"SMITH"},{"data":"Biased Cognition","floor":25.0,"key":"SMITH"},{"floor":30.0,"key":"REST"},{"floor":32.0,"key":"REST"},{"data":"Buffer","floor":40.0,"key":"SMITH"},{"floor":44.0,"key":"RECALL"},{"data":"Coolheaded","floor":47.0,"key":"SMITH"},{"data":"Defragment","floor":49,"key":"SMITH"},{"data":"Coolheaded","floor":53,"key":"SMITH"}],"neow_cost":"NONE","seed_source_timestamp":1096144037721830,"circlet_count":0,"master_deck":["AscendersBane","Strike_B+1","Defend_B","Defend_B","Defend_B","Defend_B","Zap","Dualcast+1","Cold Snap","Electrodynamics+1","Go for the Eyes+1","Chill+1","Consume+1","Auto Shields","Capacitor+1","Recycle+1","Biased Cognition","Biased Cognition+1","BootSequence","Defragment+1","Defragment+1","Compile Driver","Coolheaded+1","Ball Lightning","Buffer+1","Coolheaded+1","Doubt","Chaos+1","Conserve Battery+1"],"special_seed":0,"relics":["Sozu","Ornamental Fan","MawBank","Bag of Preparation","Cursed Key","Nunchaku","Oddly Smooth Stone","Regal Pillow","Inserter","Bronze Scales","Vajra"],"potions_floor_usage":[],"damage_taken":[{"damage":1.0,"enemies":"2 Louse","floor":1.0,"turns":3.0},{"damage":6.0,"enemies":"Cultist","floor":3.0,"turns":4.0},{"damage":0.0,"enemies":"Small Slimes","floor":7.0,"turns":2.0},{"damage":0.0,"enemies":"2 Fungi Beasts","floor":10.0,"turns":1.0},{"damage":0.0,"enemies":"3 Sentries","floor":11.0,"turns":3.0},{"damage":18.0,"enemies":"Gremlin Nob","floor":14.0,"turns":4.0},{"damage":0.0,"enemies":"Hexaghost","floor":16.0,"turns":9.0},{"damage":0.0,"enemies":"3 Byrds","floor":18.0,"turns":2.0},{"damage":9.0,"enemies":"Shell Parasite","floor":21.0,"turns":5.0},{"damage":0.0,"enemies":"Centurion and Healer","floor":22.0,"turns":5.0},{"damage":31.0,"enemies":"Book of Stabbing","floor":24.0,"turns":5.0},{"damage":14.0,"enemies":"Snake Plant","floor":28.0,"turns":4.0},{"damage":12.0,"enemies":"Cultist and Chosen","floor":31.0,"turns":4.0},{"damage":4.0,"enemies":"Champ","floor":33.0,"turns":11.0},{"damage":0.0,"enemies":"3 Darklings","floor":35.0,"turns":4.0},{"damage":0.0,"enemies":"3 Shapes","floor":39.0,"turns":5.0},{"damage":0.0,"enemies":"Writhing Mass","floor":41.0,"turns":6.0},{"damage":0.0,"enemies":"Spire Growth","floor":42.0,"turns":6.0},{"damage":0.0,"enemies":"Giant Head","floor":45.0,"turns":8.0},{"damage":4,"enemies":"Donu and Deca","floor":50,"turns":7},{"damage":24,"enemies":"Time Eater","floor":51,"turns":10},{"damage":42,"enemies":"Shield and Spear","floor":55,"turns":5},{"damage":18,"enemies":"The Heart","floor":56,"turns":2}],"seed_played":"-8386229103358250504","potions_obtained":[],"is_trial":false,"path_per_floor":["M","?","M","?","$","R","M","R","T","M","E","R","?","E","R","B",null,"M","?","?","M","M","R","E","R","T","$","M","$","R","M","R","B",null,"M","?","$","?","M","R","M","M","T","R","E","?","R","T","R","B","B",null,"R","$","E","B"],"character_chosen":"DEFECT","items_purchased":["Consume","Regal Pillow","Defragment","Compile Driver","Capacitor"],"campfire_rested":2,"item_purchase_floors":[5,27,27,27,29],"current_hp_per_floor":[63,63,57,57,57,57,57,57,57,57,57,57,36,18,18,18,58,58,58,58,49,49,49,18,18,18,18,4,4,40,28,64,60,68,68,68,68,68,68,68,68,68,68,68,68,67,67,67,67,63,39,60,60,60,18,0],"gold":63,"neow_bonus":"BOSS_RELIC","is_prod":false,"is_daily":false,"chose_seed":false,"campfire_upgraded":10,"win_rate":0,"timestamp":1553563197,"path_taken":["M","?","?","?","$","R","?","R","T","M","E","R","?","E","R","BOSS","M","?","?","?","M","R","E","R","T","?","M","$","R","M","R","BOSS","M","?","?","?","M","R","?","?","T","R","E","?","R","?","R","BOSS","BOSS","R","$","E","BOSS"],"build_version":"2019-03-15","purchased_purges":4,"victory":false,"max_hp_per_floor":[71,71,71,71,71,71,71,71,71,71,71,71,71,71,71,71,71,71,71,71,71,71,71,71,71,71,71,71,71,71,71,71,71,71,71,71,71,71,71,71,71,71,71,71,71,67,67,67,67,67,67,67,67,67,67,67],"card_choices":[{"not_picked":["Leap","Rebound"],"picked":"Cold Snap","floor":1.0},{"not_picked":["White Noise","Compile Driver"],"picked":"Chill","floor":3.0},{"not_picked":["Streamline","Rebound"],"picked":"Auto Shields","floor":7.0},{"not_picked":["Doom and Gloom","Stack"],"picked":"Capacitor","floor":10.0},{"not_picked":["Hello World","Sweeping Beam"],"picked":"Recycle","floor":11.0},{"not_picked":["Ball Lightning","Rebound"],"picked":"Biased Cognition","floor":14.0},{"not_picked":["Fission","Thunder Strike"],"picked":"Biased Cognition","floor":16.0},{"not_picked":["Reprogram","Rip and Tear"],"picked":"BootSequence","floor":18.0},{"not_picked":["Beam Cell+1","Rebound","Gash"],"picked":"SKIP","floor":21.0},{"not_picked":["Conserve Battery","Leap"],"picked":"Defragment","floor":22.0},{"not_picked":["Steam Power","Gash+1","Go for the Eyes"],"picked":"SKIP","floor":24.0},{"not_picked":["Redo","Loop+1"],"picked":"Coolheaded","floor":28.0},{"not_picked":["Steam Power","Beam Cell"],"picked":"Ball Lightning","floor":31.0},{"not_picked":["Rainbow","Electrodynamics"],"picked":"Buffer","floor":33.0},{"not_picked":["Sweeping Beam+1","Lockon","Rebound"],"picked":"SKIP","floor":35.0},{"not_picked":["Cold Snap","Capacitor","Static Discharge"],"picked":"SKIP","floor":39.0},{"not_picked":["Stack","Sunder"],"picked":"Coolheaded","floor":41.0},{"not_picked":["Streamline","BootSequence","Leap"],"picked":"SKIP","floor":42.0},{"not_picked":["Redo","Biased Cognition"],"picked":"Chaos+1","floor":45.0},{"not_picked":["BootSequence","Static Discharge"],"picked":"Conserve Battery+1","floor":55}],"player_experience":1271300,"relics_obtained":[{"floor":9.0,"key":"Ornamental Fan"},{"floor":11.0,"key":"MawBank"},{"floor":14.0,"key":"Bag of Preparation"},{"floor":24.0,"key":"Nunchaku"},{"floor":26.0,"key":"Oddly Smooth Stone"},{"floor":45.0,"key":"Bronze Scales"},{"floor":55,"key":"Vajra"}],"event_choices":[{"damage_healed":0.0,"max_hp_gain":0.0,"max_hp_loss":0.0,"gold_gain":0.0,"event_name":"Match and Keep!","player_choice":"2 cards matched","floor":2.0,"gold_loss":0.0,"damage_taken":0.0,"cards_obtained":["Electrodynamics","Go for the Eyes"]},{"damage_healed":0.0,"max_hp_gain":0.0,"max_hp_loss":0.0,"gold_gain":0.0,"event_name":"Upgrade Shrine","player_choice":"Upgraded","floor":4.0,"gold_loss":0.0,"damage_taken":0.0,"cards_upgraded":["Electrodynamics"]},{"damage_healed":0.0,"max_hp_gain":0.0,"max_hp_loss":0.0,"gold_gain":0.0,"event_name":"Shining Light","player_choice":"Entered Light","floor":13.0,"gold_loss":0.0,"damage_taken":21.0,"cards_upgraded":["Strike_B","Dualcast"]},{"damage_healed":0.0,"max_hp_gain":0.0,"max_hp_loss":0.0,"gold_gain":0.0,"event_name":"Vampires","player_choice":"Ignored","floor":19.0,"gold_loss":0.0,"damage_taken":0.0},{"damage_healed":0.0,"max_hp_gain":0.0,"max_hp_loss":0.0,"gold_gain":0.0,"event_name":"Upgrade Shrine","player_choice":"Upgraded","floor":20.0,"gold_loss":0.0,"damage_taken":0.0,"cards_upgraded":["Chill"]},{"damage_healed":0.0,"max_hp_gain":0.0,"max_hp_loss":0.0,"gold_gain":0.0,"event_name":"Tomb of Lord Red Mask","player_choice":"Ignored","floor":36.0,"gold_loss":0.0,"damage_taken":0.0},{"cards_removed":["Capacitor"],"damage_healed":0.0,"max_hp_gain":0.0,"max_hp_loss":0.0,"gold_gain":0.0,"event_name":"Falling","player_choice":"Removed Power","floor":38.0,"gold_loss":0.0,"damage_taken":0.0},{"damage_healed":0.0,"max_hp_gain":0.0,"max_hp_loss":4.0,"gold_gain":0.0,"event_name":"Winding Halls","player_choice":"Max HP","floor":46.0,"gold_loss":0.0,"damage_taken":0.0}],"is_beta":true,"boss_relics":[{"not_picked":["Pandora\u0027s Box","Orrery"],"picked":"Cursed Key"},{"not_picked":["Velvet Choker","Fusion Hammer"],"picked":"Inserter"}],"items_purged_floors":[27,29,37,54],"is_endless":false,"potions_floor_spawned":[7,14,16,18,22,24,31,41,45],"killed_by":"The Heart","ascension_level":20}