{"gold_per_floor":[219,232,332,344,253,253,285,285,285,320,332,332,332,366,366,437,437,456,456,430,430,9,43,43,63,63,96,116,129,129,154,154,227,227,247,27,27,44,44,44,70,82,82,108,108,121,121,121,121,121,121,121,121,40,67,67],"floor_reached":57,"playtime":5657,"items_purged":[],"score":3172,"play_id":"9bb1ab33-8625-4482-8ad0-25d6fc304857","local_time":"20190327220518","is_ascension_mode":true,"campfire_choices":[{"data":"Noxious Fumes","floor":6.0,"key":"SMITH"},{"data":"Footwork","floor":8.0,"key":"SMITH"},{"floor":13.0,"key":"REST"},{"data":"Terror","floor":15.0,"key":"SMITH"},{"floor":24.0,"key":"REST"},{"floor":30.0,"key":"REST"},{"data":"After Image","floor":32.0,"key":"SMITH"},{"data":"Envenom","floor":40.0,"key":"SMITH"},{"data":"Wraith Form v2","floor":45.0,"key":"SMITH"},{"floor":47.0,"key":"RECALL"},{"data":"Blind","floor":49.0,"key":"SMITH"},{"data":"Caltrops","floor":53.0,"key":"SMITH"}],"neow_cost":"NONE","seed_source_timestamp":1220596988472507,"circlet_count":0,"master_deck":["AscendersBane","Defend_G+1","Defend_G+1","Defend_G+1","Defend_G+1","Defend_G+1","Strike_G+1","Strike_G+1","Strike_G+1","Strike_G+1","Survivor","Neutralize","Footwork+1","Slice","Noxious Fumes+1","Corpse Explosion","Caltrops+1","Terror+1","Cloak And Dagger+1","After Image+1","Adrenaline","Endless Agony","Blind+1","Blade Dance+1","Skewer","Envenom+1","Deadly Poison+1","Cloak And Dagger+1","Deflect+1","Wraith Form v2+1","Sucker Punch+1","Caltrops+1","Wraith Form v2+1"],"special_seed":0,"relics":["Ring of the Snake","Bottled Tornado","Ornamental Fan","Dodecahedron","Blood Vial","Runic Pyramid","Kunai","Orichalcum","Centennial Puzzle","Thread and Needle","Gremlin Horn","Black Star","Art of War","Potion Belt","Question Card","Mummified Hand","Singing Bowl","War Paint","Pen Nib","Letter Opener"],"potions_floor_usage":[55,56,56,56,56],"damage_taken":[{"damage":1.0,"enemies":"Cultist","floor":1.0,"turns":4.0},{"damage":2.0,"enemies":"Small Slimes","floor":2.0,"turns":4.0},{"damage":0.0,"enemies":"2 Louse","floor":4.0,"turns":3.0},{"damage":16.0,"enemies":"Lagavulin","floor":7.0,"turns":9.0},{"damage":18.0,"enemies":"Gremlin Nob","floor":10.0,"turns":4.0},{"damage":3.0,"enemies":"Red Slaver","floor":11.0,"turns":4.0},{"damage":12.0,"enemies":"Lagavulin","floor":14.0,"turns":8.0},{"damage":20.0,"enemies":"Slime Boss","floor":16.0,"turns":10.0},{"damage":4.0,"enemies":"Shell Parasite","floor":18.0,"turns":6.0},{"damage":5.0,"enemies":"2 Thieves","floor":20.0,"turns":4.0},{"damage":24.0,"enemies":"Slavers","floor":23.0,"turns":6.0},{"damage":12.0,"enemies":"Snecko","floor":25.0,"turns":7.0},{"damage":12.0,"enemies":"Gremlin Leader","floor":27.0,"turns":7.0},{"damage":0.0,"enemies":"Centurion and Healer","floor":28.0,"turns":7.0},{"damage":0.0,"enemies":"Cultist and Chosen","floor":29.0,"turns":8.0},{"damage":8.0,"enemies":"Slavers","floor":31.0,"turns":5.0},{"damage":0.0,"enemies":"Collector","floor":33.0,"turns":13.0},{"damage":1.0,"enemies":"3 Shapes","floor":35.0,"turns":6.0},{"damage":0.0,"enemies":"3 Darklings","floor":38.0,"turns":4.0},{"damage":1.0,"enemies":"Giant Head","floor":41.0,"turns":10.0},{"damage":0.0,"enemies":"4 Shapes","floor":42.0,"turns":7.0},{"damage":0.0,"enemies":"Nemesis","floor":44.0,"turns":9.0},{"damage":0.0,"enemies":"Writhing Mass","floor":46.0,"turns":7.0},{"damage":0.0,"enemies":"Awakened One","floor":50.0,"turns":19.0},{"damage":0.0,"enemies":"Donu and Deca","floor":51.0,"turns":10.0},{"damage":7,"enemies":"Shield and Spear","floor":55,"turns":7},{"damage":52,"enemies":"The Heart","floor":56,"turns":11}],"seed_played":"-6601593948625621475","potions_obtained":[{"floor":4.0,"key":"Block Potion"},{"floor":10.0,"key":"SpeedPotion"},{"floor":27.0,"key":"Fire Potion"},{"floor":28.0,"key":"Explosive Potion"},{"floor":31.0,"key":"SteroidPotion"},{"floor":33.0,"key":"SkillPotion"},{"floor":46.0,"key":"Fire Potion"},{"floor":55,"key":"Swift Potion"}],"is_trial":false,"path_per_floor":["M","M","?","M","$","R","E","R","T","E","M","T","R","E","R","B",null,"M","?","M","?","$","E","R","M","T","E","M","M","R","E","R","B",null,"M","$","?","M","$","R","E","M","T","E","R","M","R","?","R","B","B",null,"R","$","E","B",null],"character_chosen":"THE_SILENT","items_purchased":["Noxious Fumes","Fire Potion","Kunai","Blind","Explosive Potion","Art of War","Cloak And Dagger","LiquidBronze"],"campfire_rested":3,"item_purchase_floors":[5,5,22,22,22,36,36,54],"current_hp_per_floor":[58,56,56,56,56,56,40,40,40,22,19,19,38,26,26,8,52,50,50,47,47,47,25,44,34,34,24,26,28,47,41,41,43,60,61,61,61,63,63,63,64,66,66,66,66,68,68,68,68,68,68,68,68,68,63,13],"gold":67,"neow_bonus":"HUNDRED_GOLD","is_prod":false,"is_daily":false,"chose_seed":false,"campfire_upgraded":8,"win_rate":0,"timestamp":1553742318,"path_taken":["M","?","?","M","$","R","E","R","T","E","M","?","R","E","R","BOSS","M","?","?","?","$","E","R","M","T","E","M","M","R","E","R","BOSS","M","$","?","M","$","R","E","M","T","E","R","M","R","?","R","BOSS","BOSS","R","$","E","BOSS"],"build_version":"2019-01-23","purchased_purges":0,"victory":true,"max_hp_per_floor":[66,66,66,66,66,66,66,66,66,66,66,66,66,66,66,66,66,66,66,66,66,66,66,66,66,66,66,66,66,66,66,66,66,66,66,66,66,66,66,66,66,66,66,66,66,68,68,68,68,68,68,68,68,68,70,70],"card_choices":[{"not_picked":["Acrobatics","Backflip"],"picked":"Footwork","floor":1.0},{"not_picked":["Flechettes","PiercingWail"],"picked":"Slice","floor":2.0},{"not_picked":["Concentrate","Eviscerate","Prepared"],"picked":"SKIP","floor":4.0},{"not_picked":["Footwork","Dodge and Roll"],"picked":"Corpse Explosion","floor":7.0},{"not_picked":["Reflex","Blur"],"picked":"Caltrops","floor":10.0},{"not_picked":["Dagger Throw","Flying Knee"],"picked":"Terror","floor":11.0},{"not_picked":["Phantasmal Killer","Backflip"],"picked":"Cloak And Dagger","floor":14.0},{"not_picked":["Night Terror","Phantasmal Killer"],"picked":"After Image","floor":16.0},{"not_picked":["Underhanded Strike","Acrobatics+1","Accuracy"],"picked":"SKIP","floor":18.0},{"not_picked":["Deadly Poison","Poisoned Stab"],"picked":"Endless Agony","floor":20.0},{"not_picked":["Sucker Punch","Terror","Accuracy"],"picked":"SKIP","floor":23.0},{"not_picked":["Cloak And Dagger","Escape Plan"],"picked":"Blade Dance+1","floor":25.0},{"not_picked":["Eviscerate","Reflex","Outmaneuver"],"picked":"SKIP","floor":27.0},{"not_picked":["Predator","Underhanded Strike","Choke"],"picked":"SKIP","floor":28.0},{"not_picked":["Deadly Poison","Terror+1","Acrobatics"],"picked":"SKIP","floor":29.0},{"not_picked":["Prepared","Concentrate"],"picked":"Skewer","floor":31.0},{"not_picked":["Phantasmal Killer","Venomology"],"picked":"Envenom","floor":33.0},{"not_picked":["Deadly Poison+1","Dagger Throw+1","Prepared"],"picked":"SKIP","floor":35.0},{"not_picked":["Dagger Throw+1","Prepared"],"picked":"Deadly Poison+1","floor":35.0},{"not_picked":["Infinite Blades","Outmaneuver+1"],"picked":"Deflect+1","floor":38.0},{"not_picked":["Bullet Time","Outmaneuver"],"picked":"Wraith Form v2","floor":41.0},{"not_picked":["Accuracy","Noxious Fumes","Acrobatics"],"picked":"Sucker Punch+1","floor":42.0},{"not_picked":["Cloak And Dagger","Heel Hook","Flying Knee"],"picked":"Caltrops+1","floor":44.0},{"not_picked":["Poisoned Stab+1","Quick Slash","Expertise","Acrobatics"],"picked":"Singing Bowl","floor":46.0},{"not_picked":["Quick Slash","Reflex+1","Glass Knife","Deflect"],"picked":"Singing Bowl","floor":55}],"player_experience":945170,"relics_obtained":[{"floor":7.0,"key":"Bottled Tornado"},{"floor":10.0,"key":"Ornamental Fan"},{"floor":12.0,"key":"Dodecahedron"},{"floor":14.0,"key":"Blood Vial"},{"floor":23.0,"key":"Orichalcum"},{"floor":26.0,"key":"Centennial Puzzle"},{"floor":27.0,"key":"Thread and Needle"},{"floor":31.0,"key":"Gremlin Horn"},{"floor":41.0,"key":"Potion Belt"},{"floor":41.0,"key":"Question Card"},{"floor":43.0,"key":"Mummified Hand"},{"floor":44.0,"key":"Singing Bowl"},{"floor":44.0,"key":"War Paint"},{"floor":55,"key":"Pen Nib"},{"floor":55,"key":"Letter Opener"}],"event_choices":[{"damage_healed":0.0,"max_hp_gain":0.0,"max_hp_loss":0.0,"gold_gain":100.0,"event_name":"Wheel of Change","player_choice":"Gold","floor":3.0,"gold_loss":0.0,"damage_taken":0.0},{"damage_healed":0.0,"max_hp_gain":0.0,"max_hp_loss":0.0,"gold_gain":0.0,"event_name":"Match and Keep!","player_choice":"1 cards matched","floor":19.0,"gold_loss":0.0,"damage_taken":0.0,"cards_obtained":["Adrenaline"]},{"damage_healed":0.0,"max_hp_gain":0.0,"max_hp_loss":0.0,"gold_gain":0.0,"event_name":"Back to Basics","player_choice":"Simplicity","floor":21.0,"gold_loss":0.0,"damage_taken":0.0,"cards_upgraded":["Defend_G","Defend_G","Defend_G","Defend_G","Defend_G","Strike_G","Strike_G","Strike_G","Strike_G","Strike_G"]},{"cards_removed":["Strike_G"],"damage_healed":0.0,"max_hp_gain":0.0,"max_hp_loss":0.0,"gold_gain":0.0,"event_name":"Falling","player_choice":"Removed Attack","floor":37.0,"gold_loss":0.0,"damage_taken":0.0},{"damage_healed":0.0,"max_hp_gain":0.0,"max_hp_loss":0.0,"gold_gain":0.0,"event_name":"Duplicator","player_choice":"Copied","floor":48.0,"gold_loss":0.0,"damage_taken":0.0,"cards_obtained":["Wraith Form v2"]}],"is_beta":false,"boss_relics":[{"not_picked":["Lizard Tail","Coffee Dripper"],"picked":"Runic Pyramid"},{"not_picked":["Ring of the Serpent","HoveringKite"],"picked":"Black Star"}],"items_purged_floors":[],"is_endless":false,"potions_floor_spawned":[4,7,10,27,28,29,31,33,46,55],"ascension_level":20}