{"gold_per_floor":[110,121,141,216,230,230,30,63,89,89,119,136,153,167,167,271,271,288,288,301,401,51,51,79,79,79,79,111,126,155,172,172,267,267,280,300,300,313,327,352,372,383,383,394,427,444,476,492,492,492],"floor_reached":51,"playtime":4127,"items_purged":[],"score":1169,"play_id":"ff44418a-9cd6-4c9b-af74-c4395bdbd019","local_time":"20190324182136","is_ascension_mode":true,"campfire_choices":[{"data":"Fiend Fire","floor":6.0,"key":"SMITH"},{"data":"Uppercut","floor":10.0,"key":"SMITH"},{"data":"Whirlwind","floor":15.0,"key":"SMITH"},{"data":"Immolate","floor":23.0,"key":"SMITH"},{"data":"True Grit","floor":25.0,"key":"SMITH"},{"data":"Clothesline","floor":27.0,"key":"SMITH"},{"data":"Dual Wield","floor":32,"key":"SMITH"},{"data":"Shockwave","floor":49,"key":"SMITH"}],"neow_cost":"PERCENT_DAMAGE","seed_source_timestamp":288213909486600,"circlet_count":0,"master_deck":["Strike_R","Strike_R","Strike_R","Strike_R","Strike_R","Defend_R","Defend_R","Defend_R","Defend_R","Bash","Fiend Fire+1","Rage+1","Uppercut+1","Clothesline+1","Cleave","Shrug It Off+1","True Grit+1","Seeing Red","Whirlwind+1","Ghostly Armor","Immolate+1","Metallicize","Shrug It Off","Shrug It Off+1","Dual Wield+1","Battle Trance","Offering","Armaments","Reaper","Metallicize","Shockwave+1","Seeing Red+1","Clumsy","Impervious","Dark Embrace","True Grit+1","Headbutt"],"special_seed":0,"relics":["Burning Blood","Happy Flower","Potion Belt","Red Skull","War Paint","Snecko Eye","Magic Flower","Shuriken","Meat on the Bone","Incense Burner","PreservedInsect","Bottled Tornado","Cursed Key","Bag of Preparation","Dodecahedron","Pen Nib","Ancient Tea Set"],"potions_floor_usage":[50,50,50],"damage_taken":[{"damage":1.0,"enemies":"2 Louse","floor":1.0,"turns":2.0},{"damage":1.0,"enemies":"Jaw Worm","floor":2.0,"turns":3.0},{"damage":2.0,"enemies":"Small Slimes","floor":3.0,"turns":3.0},{"damage":7.0,"enemies":"Exordium Thugs","floor":5.0,"turns":6.0},{"damage":16.0,"enemies":"Gremlin Nob","floor":8.0,"turns":3.0},{"damage":14.0,"enemies":"3 Sentries","floor":11.0,"turns":5.0},{"damage":2.0,"enemies":"Gremlin Gang","floor":12.0,"turns":4.0},{"damage":0.0,"enemies":"2 Fungi Beasts","floor":13.0,"turns":3.0},{"damage":0.0,"enemies":"Large Slime","floor":14.0,"turns":2.0},{"damage":10.0,"enemies":"Slime Boss","floor":16.0,"turns":8.0},{"damage":1.0,"enemies":"Shell Parasite","floor":18.0,"turns":4.0},{"damage":1.0,"enemies":"3 Byrds","floor":20.0,"turns":3.0},{"damage":8.0,"enemies":"Colosseum Slavers","floor":21.0,"turns":2.0},{"damage":8.0,"enemies":"Colosseum Nobs","floor":21.0,"turns":3.0},{"damage":0.0,"enemies":"Gremlin Leader","floor":24.0,"turns":3.0},{"damage":2,"enemies":"Slavers","floor":28,"turns":3},{"damage":4,"enemies":"Centurion and Healer","floor":29,"turns":3},{"damage":0,"enemies":"Gremlin Leader","floor":30,"turns":3},{"damage":19,"enemies":"Shelled Parasite and Fungi","floor":31,"turns":2},{"damage":1,"enemies":"Automaton","floor":33,"turns":8},{"damage":5,"enemies":"Orb Walker","floor":35,"turns":2},{"damage":17,"enemies":"3 Darklings","floor":36,"turns":3},{"damage":17,"enemies":"Maw","floor":38,"turns":9},{"damage":8,"enemies":"Sphere and 2 Shapes","floor":39,"turns":6},{"damage":6,"enemies":"Giant Head","floor":40,"turns":4},{"damage":3,"enemies":"3 Darklings","floor":41,"turns":3},{"damage":2,"enemies":"Writhing Mass","floor":42,"turns":3},{"damage":12,"enemies":"4 Shapes","floor":44,"turns":5},{"damage":19,"enemies":"Reptomancer","floor":45,"turns":4},{"damage":6,"enemies":"Transient","floor":46,"turns":5},{"damage":6,"enemies":"Nemesis","floor":47,"turns":5},{"damage":0,"enemies":"Maw","floor":48,"turns":5},{"damage":2,"enemies":"Donu and Deca","floor":50,"turns":9}],"seed_played":"-3851656072096793007","potions_obtained":[{"floor":1.0,"key":"LiquidBronze"},{"floor":2.0,"key":"Weak Potion"},{"floor":8.0,"key":"AttackPotion"},{"floor":12.0,"key":"Strength Potion"},{"floor":13.0,"key":"Ancient Potion"},{"floor":29,"key":"SteroidPotion"}],"is_trial":false,"path_per_floor":["M","M","M","?","M","R","$","E","T","R","E","M","M","M","R","B",null,"M","?","M","?","$","R","E","R","T","R","E","M","E","M","R","B",null,"M","M","?","M","M","E","M","M","T","M","E","M","E","M","R","B",null],"character_chosen":"IRONCLAD","items_purchased":["Happy Flower","Fire Potion","Shrug It Off","PowerPotion","Meat on the Bone"],"campfire_rested":0,"item_purchase_floors":[7,7,22,22,22],"current_hp_per_floor":[61,66,70,59,58,58,58,48,48,48,40,44,50,56,56,52,73,78,78,80,76,76,76,80,80,80,80,80,80,80,70,70,78,80,80,72,72,80,80,80,80,80,80,77,67,80,80,80,80,80],"gold":492,"neow_bonus":"THREE_RARE_CARDS","is_prod":false,"is_daily":false,"chose_seed":false,"campfire_upgraded":8,"win_rate":1,"timestamp":1553476896,"path_taken":["M","M","M","?","M","R","$","E","T","R","E","M","M","M","R","BOSS","M","?","M","?","$","R","E","R","T","R","E","M","E","M","R","BOSS","M","M","?","M","M","E","M","M","T","M","E","?","E","M","R","BOSS"],"build_version":"2019-01-23","purchased_purges":0,"victory":true,"max_hp_per_floor":[80,80,80,80,80,80,80,80,80,80,80,80,80,80,80,80,80,80,80,80,80,80,80,80,80,80,80,80,80,80,80,80,80,80,80,80,80,80,80,80,80,80,80,80,80,80,80,80,80,80],"card_choices":[{"not_picked":["Juggernaut","Exhume"],"picked":"Fiend Fire","floor":0.0},{"not_picked":["Corruption","Sword Boomerang"],"picked":"Rage","floor":1.0},{"not_picked":["Cleave","Rage"],"picked":"Uppercut","floor":2.0},{"not_picked":["Wild Strike","Sword Boomerang"],"picked":"Clothesline","floor":3.0},{"not_picked":["True Grit","Sentinel"],"picked":"Cleave","floor":5.0},{"not_picked":["Body Slam","Havoc"],"picked":"Shrug It Off","floor":8.0},{"not_picked":["Double Tap","Hemokinesis"],"picked":"True Grit","floor":11.0},{"not_picked":["Ghostly Armor","Entrench"],"picked":"Seeing Red","floor":12.0},{"not_picked":["Rampage","Combust"],"picked":"Whirlwind","floor":13.0},{"not_picked":["Twin Strike","Cleave"],"picked":"Ghostly Armor","floor":14.0},{"not_picked":["Fiend Fire","Double Tap"],"picked":"Immolate","floor":16.0},{"not_picked":["Thunderclap","Clothesline"],"picked":"Metallicize","floor":18.0},{"not_picked":["Clash","Heavy Blade+1","Power Through"],"picked":"SKIP","floor":20.0},{"not_picked":["True Grit","Twin Strike+1"],"picked":"Shrug It Off+1","floor":24.0},{"not_picked":["Havoc","Iron Wave"],"picked":"Dual Wield","floor":28},{"not_picked":["Perfected Strike+1","Flex"],"picked":"Battle Trance","floor":29},{"not_picked":["Infernal Blade+1","Dropkick+1"],"picked":"Offering","floor":30},{"not_picked":["Body Slam","Perfected Strike+1"],"picked":"Armaments","floor":31},{"not_picked":["Immolate","Barricade"],"picked":"Reaper","floor":33},{"not_picked":["Iron Wave+1","Sword Boomerang+1","Perfected Strike"],"picked":"SKIP","floor":35},{"not_picked":["Exhume","Dropkick"],"picked":"Metallicize","floor":36},{"not_picked":["Twin Strike","Rupture","Warcry+1"],"picked":"SKIP","floor":38},{"not_picked":["Perfected Strike","Iron Wave+1","Twin Strike+1"],"picked":"SKIP","floor":39},{"not_picked":["Havoc","Ghostly Armor+1"],"picked":"Shockwave","floor":40},{"not_picked":["Heavy Blade","Shrug It Off"],"picked":"Seeing Red+1","floor":41},{"not_picked":["Havoc+1","Flex+1","Iron Wave"],"picked":"SKIP","floor":42},{"not_picked":["Iron Wave+1","Clothesline+1"],"picked":"Impervious","floor":44},{"not_picked":["Rampage+1","Sever Soul"],"picked":"Dark Embrace","floor":45},{"not_picked":["Intimidate","Flex"],"picked":"True Grit+1","floor":46},{"not_picked":["Seeing Red","Warcry+1"],"picked":"Headbutt","floor":47},{"not_picked":["Whirlwind+1","Clash+1","Iron Wave+1"],"picked":"SKIP","floor":48}],"player_experience":67564,"relics_obtained":[{"floor":8.0,"key":"Potion Belt"},{"floor":9.0,"key":"Red Skull"},{"floor":11.0,"key":"War Paint"},{"floor":21.0,"key":"Magic Flower"},{"floor":21.0,"key":"Shuriken"},{"floor":24.0,"key":"Incense Burner"},{"floor":28,"key":"PreservedInsect"},{"floor":30,"key":"Bottled Tornado"},{"floor":40,"key":"Bag of Preparation"},{"floor":43,"key":"Dodecahedron"},{"floor":45,"key":"Pen Nib"},{"floor":47,"key":"Ancient Tea Set"}],"event_choices":[{"damage_healed":0.0,"max_hp_gain":0.0,"max_hp_loss":0.0,"gold_gain":75.0,"event_name":"World of Goop","player_choice":"Gather Gold","floor":4.0,"gold_loss":0.0,"damage_taken":11.0},{"damage_healed":0.0,"max_hp_gain":0.0,"max_hp_loss":0.0,"gold_gain":0.0,"event_name":"Vampires","player_choice":"Ignored","floor":19.0,"gold_loss":0.0,"damage_taken":0.0},{"damage_healed":0.0,"max_hp_gain":0.0,"max_hp_loss":0.0,"gold_gain":0.0,"event_name":"Colosseum","player_choice":"Fight","floor":21.0,"gold_loss":0.0,"damage_taken":0.0},{"damage_healed":0.0,"max_hp_gain":0.0,"max_hp_loss":0.0,"gold_gain":0.0,"event_name":"Colosseum","player_choice":"Fought Nobs","floor":21.0,"gold_loss":0.0,"damage_taken":0.0},{"damage_healed":0,"gold_gain":0,"player_choice":"Bought 0 Potions","damage_taken":0,"max_hp_gain":0,"max_hp_loss":0,"event_name":"The Woman in Blue","floor":37,"gold_loss":0}],"is_beta":false,"boss_relics":[{"not_picked":["Philosopher\u0027s Stone","Lizard Tail"],"picked":"Snecko Eye"},{"not_picked":["Coffee Dripper","Black Blood"],"picked":"Cursed Key"}],"items_purged_floors":[],"is_endless":false,"potions_floor_spawned":[1,2,8,12,13,20,21,29,30,36,38,42,44,45,47],"ascension_level":5}