{"gold_per_floor":[114,114,8,28,28,61,61,82,108,146,71,20,20,34,34,34],"floor_reached":16,"playtime":537,"items_purged":["Regret"],"score":266,"play_id":"cb2e9dff-59d8-41e9-8182-a9444e756ce3","local_time":"20190328210703","is_ascension_mode":true,"campfire_choices":[{"data":"Dagger Spray","floor":7,"key":"SMITH"},{"floor":13,"key":"REST"},{"floor":15,"key":"REST"}],"neow_cost":"NONE","seed_source_timestamp":455432880247891,"circlet_count":0,"master_deck":["AscendersBane","Defend_G","Defend_G","Defend_G+1","Defend_G","Defend_G","Strike_G","Strike_G","Strike_G","Strike_G","Strike_G","Survivor","Neutralize","Cloak And Dagger","Dagger Spray+1","Dodge and Roll+1","Backflip","Adrenaline","Blade Dance"],"relics":["Ring of the Snake","NeowsBlessing","Golden Idol","Oddly Smooth Stone","Potion Belt","Vajra","War Paint","Dream Catcher"],"potions_floor_usage":[14,16,16],"damage_taken":[{"damage":0,"enemies":"2 Louse","floor":1,"turns":1},{"damage":0,"enemies":"Jaw Worm","floor":4,"turns":1},{"damage":0,"enemies":"Lagavulin","floor":6,"turns":1},{"damage":0,"enemies":"Cultist","floor":8,"turns":3},{"damage":43,"enemies":"Gremlin Nob","floor":10,"turns":5},{"damage":0,"enemies":"Large Slime","floor":14,"turns":3},{"damage":56,"enemies":"Slime Boss","floor":16,"turns":11}],"seed_played":"601567248677703739","potions_obtained":[{"floor":6,"key":"Explosive Potion"},{"floor":8,"key":"SteroidPotion"},{"floor":10,"key":"AttackPotion"}],"is_trial":false,"path_per_floor":["M","?","?","M","?","E","R","M","T","E","$","$","R","M","R","B"],"character_chosen":"THE_SILENT","items_purchased":["Backflip"],"campfire_rested":2,"item_purchase_floors":[12],"current_hp_per_floor":[59,59,59,59,59,59,59,59,59,16,16,16,34,34,52,0],"gold":34,"neow_bonus":"THREE_ENEMY_KILL","is_prod":false,"is_daily":false,"chose_seed":false,"campfire_upgraded":1,"win_rate":0,"timestamp":1553825223,"path_taken":["M","?","?","?","?","E","R","M","T","E","?","$","R","M","R","BOSS"],"build_version":"2019-01-23","purchased_purges":1,"victory":false,"max_hp_per_floor":[66,60,60,60,60,60,60,60,60,60,60,60,60,60,60,60],"card_choices":[{"not_picked":["Underhanded Strike","Outmaneuver","Distraction"],"picked":"SKIP","floor":1},{"not_picked":["Deflect","Masterful Stab"],"picked":"Cloak And Dagger","floor":4},{"not_picked":["Concentrate","Dagger Throw"],"picked":"Dagger Spray","floor":6},{"not_picked":["Predator","Outmaneuver"],"picked":"Dodge and Roll","floor":8},{"not_picked":["Setup","Dodge and Roll","Infinite Blades"],"picked":"SKIP","floor":10},{"not_picked":["Prepared","Masterful Stab"],"picked":"Adrenaline","floor":13},{"not_picked":["Deflect","Catalyst","Flechettes"],"picked":"SKIP","floor":14},{"not_picked":["Flechettes","Acrobatics"],"picked":"Blade Dance","floor":15}],"player_experience":803794,"relics_obtained":[{"floor":6,"key":"Vajra"},{"floor":9,"key":"War Paint"},{"floor":10,"key":"Dream Catcher"}],"event_choices":[{"damage_healed":0,"gold_gain":0,"player_choice":"Lose Max HP","damage_taken":0,"relics_obtained":["Golden Idol"],"max_hp_gain":0,"max_hp_loss":6,"event_name":"Golden Idol","floor":2,"gold_loss":0},{"damage_healed":0,"gold_gain":0,"player_choice":"Paid Gold","damage_taken":0,"relics_obtained":["Oddly Smooth Stone"],"max_hp_gain":0,"max_hp_loss":0,"event_name":"WeMeetAgain","floor":3,"gold_loss":106},{"damage_healed":0,"gold_gain":0,"player_choice":"Box","damage_taken":0,"relics_obtained":["Potion Belt"],"max_hp_gain":0,"max_hp_loss":0,"event_name":"Big Fish","floor":5,"gold_loss":0,"cards_obtained":["Regret"]}],"is_beta":false,"boss_relics":[],"items_purged_floors":[11],"is_endless":false,"potions_floor_spawned":[6,8,10],"killed_by":"Slime Boss","ascension_level":20}