{"gold_per_floor":[115,131,141,154,165,165,200,200,200,54,54,73,73,73,73,172,172,191,35,55,75,75,94,117,134,158,177,177,194,194,214,214,214],"floor_reached":33,"playtime":9154,"items_purged":[],"score":304,"play_id":"59211d13-fbcf-40f4-9e9f-56548c27ee22","local_time":"20180815193025","is_ascension_mode":true,"campfire_choices":[{"data":"Flex","floor":6,"key":"SMITH"},{"data":"Anger","floor":8,"key":"SMITH"},{"data":"Madness","floor":11,"key":"SMITH"},{"data":"Body Slam","floor":15,"key":"SMITH"},{"floor":28,"key":"REST"},{"floor":30,"key":"REST"},{"floor":32,"key":"REST"}],"neow_cost":"NONE","seed_source_timestamp":4044134514545585,"circlet_count":0,"master_deck":["Strike_R","Strike_R","Strike_R","Strike_R","Defend_R","Defend_R","Defend_R","Defend_R","Bash","Flex+1","Anger","Headbutt","Iron Wave","Metallicize+1","Anger+1","Shrug It Off","Body Slam+1","Madness+1","Pummel","Berserk","Armaments","Cleave","Seeing Red+1","Feel No Pain","Heavy Blade","Metallicize","Armaments","Shrug It Off"],"relics":["Burning Blood","Strawberry","Kunai","Lizard Tail","Ancient Tea Set","Centennial Puzzle","Lantern"],"potions_floor_usage":[18,18,20,33,33],"damage_taken":[{"damage":6,"enemies":"Cultist","floor":1,"turns":4},{"damage":2,"enemies":"Jaw Worm","floor":2,"turns":3},{"damage":6,"enemies":"2 Louse","floor":3,"turns":3},{"damage":6,"enemies":"Looter","floor":4,"turns":2},{"damage":3,"enemies":"Blue Slaver","floor":5,"turns":5},{"damage":25,"enemies":"Gremlin Nob","floor":7,"turns":4},{"damage":8,"enemies":"3 Louse","floor":12,"turns":4},{"damage":34,"enemies":"Hexaghost","floor":16,"turns":11},{"damage":20,"enemies":"Spheric Guardian","floor":18,"turns":5},{"damage":23,"enemies":"2 Thieves","floor":20,"turns":3},{"damage":43,"enemies":"Cultist and Chosen","floor":21,"turns":8},{"damage":44,"enemies":"Snake Plant","floor":23,"turns":6},{"damage":20,"enemies":"Sentry and Sphere","floor":25,"turns":8},{"damage":9,"enemies":"Centurion and Healer","floor":27,"turns":5},{"damage":18,"enemies":"Snecko","floor":29,"turns":7},{"damage":13,"enemies":"Cultist and Chosen","floor":31,"turns":8},{"damage":73,"enemies":"Champ","floor":33,"turns":9}],"seed_played":"-1797566690126973197","potions_obtained":[{"floor":2,"key":"Energy Potion"},{"floor":4,"key":"Dexterity Potion"},{"floor":5,"key":"Strength Potion"},{"floor":12,"key":"LiquidBronze"},{"floor":27,"key":"Ancient Potion"},{"floor":29,"key":"LiquidBronze"}],"is_trial":false,"path_per_floor":["M","M","M","M","M","R","E","R","T","$","R","M","?","?","R","B",null,"M","$","M","M","?","M","T","M","T","M","R","M","R","M","R"],"character_chosen":"IRONCLAD","items_purchased":["Body Slam","Madness","Ancient Tea Set"],"campfire_rested":3,"item_purchase_floors":[10,10,19],"current_hp_per_floor":[80,80,80,80,80,80,68,68,68,68,68,66,66,66,66,38,87,73,73,56,19,19,24,24,10,10,7,33,21,47,40,66,0],"gold":214,"neow_bonus":"THREE_CARDS","is_prod":false,"is_daily":false,"chose_seed":false,"campfire_upgraded":4,"win_rate":0,"timestamp":1534357825,"path_taken":["M","M","M","M","M","R","E","R","T","?","R","M","?","?","R","BOSS","M","$","M","M","?","M","?","M","T","?","R","M","R","M","R","BOSS"],"build_version":"2018-08-09","purchased_purges":0,"victory":false,"max_hp_per_floor":[80,80,80,80,80,80,87,87,87,87,87,87,87,87,87,87,87,87,87,87,87,87,87,87,87,87,87,87,87,87,87,87,87],"card_choices":[{"not_picked":["True Grit","Dual Wield"],"picked":"Flex","floor":0},{"not_picked":["Thunderclap","Battle Trance"],"picked":"Anger","floor":1},{"not_picked":["Havoc","Hemokinesis"],"picked":"Headbutt","floor":2},{"not_picked":["Clothesline","Body Slam"],"picked":"Iron Wave","floor":3},{"not_picked":["Cleave","Thunderclap"],"picked":"Metallicize","floor":4},{"not_picked":["Feel No Pain","Armaments"],"picked":"Anger","floor":5},{"not_picked":["Blood for Blood","Cleave"],"picked":"Shrug It Off","floor":7},{"not_picked":["Twin Strike","True Grit"],"picked":"Pummel","floor":12},{"not_picked":["Reaper","Bludgeon"],"picked":"Berserk","floor":16},{"not_picked":["Disarm","Thunderclap"],"picked":"Armaments","floor":18},{"not_picked":["Wild Strike","Clothesline"],"picked":"Cleave","floor":20},{"not_picked":["Pummel","Flex"],"picked":"Seeing Red+1","floor":21},{"not_picked":["Wild Strike","Armaments","Havoc+1"],"picked":"SKIP","floor":23},{"not_picked":["Dark Embrace","Evolve"],"picked":"Heavy Blade","floor":25},{"not_picked":["Flex","True Grit"],"picked":"Metallicize","floor":27},{"not_picked":["Combust","Bludgeon"],"picked":"Armaments","floor":29},{"not_picked":["Sword Boomerang","Havoc+1"],"picked":"Shrug It Off","floor":31}],"player_experience":364264,"relics_obtained":[{"floor":7,"key":"Strawberry"},{"floor":9,"key":"Kunai"},{"floor":24,"key":"Centennial Puzzle"},{"floor":26,"key":"Lantern"}],"event_choices":[{"event_name":"Golden Idol","player_choice":"Ignored","floor":13,"damage_taken":0},{"event_name":"Living Wall","player_choice":"Grow","floor":14,"damage_taken":0},{"event_name":"Transmorgrifier","player_choice":"Transform","floor":22,"damage_taken":0}],"is_beta":false,"boss_relics":[{"not_picked":["Empty Cage","Runic Cube"],"picked":"Lizard Tail"}],"items_purged_floors":[],"is_endless":false,"potions_floor_spawned":[2,4,5,12,27,29],"killed_by":"Champ","ascension_level":4}