{"gold_per_floor":[211,225,225,236,246,246,246,11,11,39,4,15,15,46,46,147,147,159,159,174,188,201,201,227,4,4,4,4,17,49,65,65,167,167,183,183,195,6,31,43,68,80,118,130,169,196,227,11,11,11],"floor_reached":51,"playtime":4500,"items_purged":[],"score":795,"play_id":"4fb768f8-b8a7-410a-b767-fc22c3ce9f94","local_time":"20180810132509","is_ascension_mode":true,"campfire_choices":[{"data":"Infernal Blade","floor":6,"key":"SMITH"},{"data":"Flex","floor":13,"key":"SMITH"},{"data":"Metallicize","floor":15,"key":"SMITH"},{"floor":23,"key":"REST"},{"floor":27,"key":"REST"},{"floor":32,"key":"REST"},{"data":"Juggernaut","floor":40,"key":"SMITH"},{"data":"Berserk","floor":42,"key":"SMITH"},{"data":"Dual Wield","floor":44,"key":"SMITH"},{"data":"Ghostly Armor","floor":49,"key":"SMITH"}],"neow_cost":"NONE","seed_source_timestamp":3594845208193817,"circlet_count":0,"master_deck":["Strike_R+1","Strike_R+1","Strike_R+1","Strike_R+1","Strike_R+1","Defend_R+1","Defend_R+1","Defend_R+1","Defend_R+1","Bash","Flex+1","Ghostly Armor+1","Anger","Infernal Blade+1","Metallicize+1","Flex","Feed","Impervious","Feed","Anger","Twin Strike","Anger","Disarm","Blood for Blood","Barricade+1","Shrug It Off+1","Rampage","Spot Weakness","Inflame","Power Through+1","Double Tap+1","Warcry","Juggernaut+1","Heavy Blade+1","Thunderclap+1","Dual Wield+1","Berserk+1","Body Slam","Metallicize+1","Flex","Rage","Jack Of All Trades"],"relics":["Burning Blood","Pen Nib","Bottled Flame","Boot","Oddly Smooth Stone","Orrery","Darkstone Periapt","Centennial Puzzle","Torii","Turnip","Coffee Dripper","Anchor","MawBank","Art of War","Bottled Tornado"],"potions_floor_usage":[14,20,22,24,30,33,33,41,46,50,50,50],"damage_taken":[{"damage":6,"enemies":"Cultist","floor":1,"turns":3},{"damage":7,"enemies":"Jaw Worm","floor":2,"turns":3},{"damage":3,"enemies":"2 Louse","floor":4,"turns":3},{"damage":7,"enemies":"2 Fungi Beasts","floor":5,"turns":3},{"damage":29,"enemies":"3 Sentries","floor":10,"turns":14},{"damage":2,"enemies":"3 Louse","floor":12,"turns":2},{"damage":27,"enemies":"Gremlin Nob","floor":14,"turns":4},{"damage":50,"enemies":"Hexaghost","floor":16,"turns":12},{"damage":20,"enemies":"Chosen","floor":18,"turns":8},{"damage":33,"enemies":"Spheric Guardian","floor":20,"turns":4},{"damage":12,"enemies":"Chosen and Byrds","floor":21,"turns":5},{"damage":29,"enemies":"Snake Plant","floor":22,"turns":11},{"damage":17,"enemies":"Book of Stabbing","floor":24,"turns":8},{"damage":20,"enemies":"Snecko","floor":29,"turns":8},{"damage":41,"enemies":"Gremlin Leader","floor":30,"turns":13},{"damage":26,"enemies":"Cultist and Chosen","floor":31,"turns":8},{"damage":1,"enemies":"Champ","floor":33,"turns":22},{"damage":12,"enemies":"Orb Walker","floor":35,"turns":3},{"damage":37,"enemies":"3 Darklings","floor":37,"turns":7},{"damage":8,"enemies":"Spire Growth","floor":41,"turns":6},{"damage":54,"enemies":"Giant Head","floor":45,"turns":9},{"damage":0,"enemies":"Flame Bruiser 2 Orb","floor":46,"turns":4},{"damage":13,"enemies":"3 Darklings","floor":47,"turns":6},{"damage":13,"enemies":"Time Eater","floor":50,"turns":17}],"seed_played":"-8145165809951088984","potions_obtained":[{"floor":4,"key":"Weak Potion"},{"floor":5,"key":"Poison Potion"},{"floor":12,"key":"SkillPotion"},{"floor":16,"key":"Fire Potion"},{"floor":22,"key":"Ancient Potion"},{"floor":29,"key":"GamblersBrew"},{"floor":30,"key":"LiquidBronze"},{"floor":31,"key":"EssenceOfSteel"},{"floor":33,"key":"FearPotion"},{"floor":41,"key":"Fire Potion"},{"floor":46,"key":"SteroidPotion"}],"is_trial":false,"path_per_floor":["M","M","?","M","M","R","?","$","T","E","?","M","R","E","R","B",null,"M","?","M","M","M","R","E","$","T","R","?","M","E","M","R","B",null,"M","?","M","$","T","R","M","R","T","R","E","M","M","$","R","B"],"character_chosen":"IRONCLAD","items_purchased":["Metallicize","Flex","Pen Nib","Inflame","Centennial Puzzle","Dual Wield","Anchor","Rage","Jack Of All Trades","FearPotion"],"campfire_rested":3,"item_purchase_floors":[8,8,8,25,25,38,38,48,48,48],"current_hp_per_floor":[80,79,84,85,84,84,84,84,84,61,82,85,85,64,64,20,85,71,71,47,47,27,56,45,45,45,74,74,63,31,11,41,46,103,97,97,66,66,66,66,64,64,64,64,16,22,15,15,15,8],"gold":11,"neow_bonus":"HUNDRED_GOLD","is_prod":false,"is_daily":false,"chose_seed":false,"campfire_upgraded":7,"win_rate":0,"timestamp":1533903909,"path_taken":["M","M","?","M","M","R","?","$","T","E","?","M","R","E","R","BOSS","M","?","?","M","M","R","E","$","T","R","?","M","E","M","R","BOSS","M","?","M","?","?","R","M","R","T","R","E","M","M","$","R","BOSS"],"build_version":"2018-08-09","purchased_purges":0,"victory":true,"max_hp_per_floor":[80,80,85,85,85,85,85,85,85,85,85,85,85,85,85,85,85,85,85,88,94,97,97,97,97,97,97,97,100,103,103,103,103,103,103,103,103,103,103,103,103,103,103,103,103,103,103,103,103,103],"card_choices":[{"not_picked":["Thunderclap","Pummel"],"picked":"Flex","floor":1},{"not_picked":["Clash","Havoc"],"picked":"Ghostly Armor","floor":2},{"not_picked":["Havoc","Entrench"],"picked":"Anger","floor":4},{"not_picked":["Fire Breathing","Shrug It Off"],"picked":"Infernal Blade","floor":5},{"not_picked":["Uppercut","Perfected Strike","Battle Trance"],"picked":"SKIP","floor":10},{"not_picked":["Headbutt","Rampage"],"picked":"Feed","floor":12},{"not_picked":["Pommel Strike","Clash"],"picked":"Impervious","floor":14},{"not_picked":["Fiend Fire","Immolate"],"picked":"Feed","floor":16},{"not_picked":["Uppercut","Twin Strike"],"picked":"Anger","floor":17},{"not_picked":["Hemokinesis","Combust"],"picked":"Twin Strike","floor":17},{"not_picked":["Corruption","Cleave"],"picked":"Anger","floor":17},{"not_picked":["Clothesline","Shrug It Off"],"picked":"Disarm","floor":17},{"not_picked":["Wild Strike","Evolve"],"picked":"Blood for Blood","floor":17},{"not_picked":["Uppercut","Warcry"],"picked":"Barricade","floor":18},{"not_picked":["Havoc","Pommel Strike"],"picked":"Shrug It Off+1","floor":20},{"not_picked":["Evolve","Havoc"],"picked":"Rampage","floor":21},{"not_picked":["Corruption+1","Perfected Strike","Sever Soul"],"picked":"SKIP","floor":22},{"not_picked":["Cleave+1","Infernal Blade"],"picked":"Spot Weakness","floor":24},{"not_picked":["Flex","Fire Breathing+1"],"picked":"Power Through+1","floor":29},{"not_picked":["Bloodletting","Rampage+1"],"picked":"Double Tap","floor":30},{"not_picked":["Cleave+1","Havoc"],"picked":"Warcry","floor":31},{"not_picked":["Fiend Fire","Immolate"],"picked":"Juggernaut","floor":33},{"not_picked":["Fire Breathing+1","Reckless Charge"],"picked":"Heavy Blade+1","floor":35},{"not_picked":["Rampage","Twin Strike+1"],"picked":"Thunderclap+1","floor":37},{"not_picked":["Clothesline","Armaments"],"picked":"Berserk","floor":41},{"not_picked":["Cleave","Offering"],"picked":"Body Slam","floor":45},{"not_picked":["Sword Boomerang","Flex"],"picked":"Metallicize+1","floor":46},{"not_picked":["Sever Soul+1","Havoc+1"],"picked":"Flex","floor":47}],"player_experience":326861,"relics_obtained":[{"floor":9,"key":"Bottled Flame"},{"floor":10,"key":"Boot"},{"floor":14,"key":"Oddly Smooth Stone"},{"floor":24,"key":"Darkstone Periapt"},{"floor":26,"key":"Torii"},{"floor":30,"key":"Turnip"},{"floor":39,"key":"MawBank"},{"floor":43,"key":"Art of War"},{"floor":45,"key":"Bottled Tornado"}],"event_choices":[{"event_name":"Big Fish","player_choice":"Donut","floor":3,"damage_taken":0},{"event_name":"Golden Wing","player_choice":"Ignored","floor":7,"damage_taken":0},{"event_name":"The Cleric","player_choice":"Healed","floor":11,"damage_taken":0},{"event_name":"Accursed Blacksmith","player_choice":"Forge","floor":19,"damage_taken":0},{"event_name":"Back to Basics","player_choice":"Simplicity","floor":28,"damage_taken":0},{"event_name":"Upgrade Shrine","player_choice":"Upgraded","floor":36,"damage_taken":0}],"is_beta":false,"boss_relics":[{"not_picked":["Empty Cage","Busted Crown"],"picked":"Orrery"},{"not_picked":["Eternal Feather","Tiny House"],"picked":"Coffee Dripper"}],"items_purged_floors":[],"is_endless":false,"potions_floor_spawned":[4,5,12,16,22,29,30,31,33,41,46],"ascension_level":2}