{"gold_per_floor":[111,36,36,36,55,55,71,71,71,91,109,137,153,7,7,104,104,114,81,108,108,108],"floor_reached":22,"playtime":779,"items_purged":["Strike_B","Strike_B"],"score":236,"play_id":"5523f383-b403-4d30-bbf6-3dec3720af7b","local_time":"20190207102934","is_ascension_mode":false,"campfire_choices":[{"data":"Leap","floor":6.0,"key":"SMITH"},{"data":"Dualcast","floor":8.0,"key":"SMITH"},{"floor":15.0,"key":"RECALL"}],"neow_cost":"NONE","seed_source_timestamp":0,"circlet_count":0,"master_deck":["Strike_B+1","Strike_B","Defend_B","Defend_B","Defend_B","Zap+1","Dualcast+1","Leap+1","Glacier","Loop","Capacitor","Loop","Coolheaded","Chill"],"special_seed":0,"relics":["Cracked Core","NeowsBlessing","DataDisk","Coffee Dripper","Boot"],"potions_floor_usage":[],"damage_taken":[{"damage":0.0,"enemies":"Jaw Worm","floor":1.0,"turns":1.0},{"damage":0.0,"enemies":"Small Slimes","floor":5.0,"turns":1.0},{"damage":0.0,"enemies":"Cultist","floor":7.0,"turns":1.0},{"damage":0.0,"enemies":"Lots of Slimes","floor":10.0,"turns":2.0},{"damage":3.0,"enemies":"Red Slaver","floor":11.0,"turns":4.0},{"damage":6.0,"enemies":"Lagavulin","floor":12.0,"turns":8.0},{"damage":3.0,"enemies":"3 Louse","floor":13.0,"turns":3.0},{"damage":0.0,"enemies":"The Guardian","floor":16.0,"turns":16.0},{"damage":0.0,"enemies":"Shell Parasite","floor":18.0,"turns":5.0},{"damage":18.0,"enemies":"2 Thieves","floor":19.0,"turns":5.0},{"damage":0,"enemies":"Cultist and Chosen","floor":22,"turns":1}],"seed_played":"-1647029289508912996","potions_obtained":[{"floor":4.0,"key":"EssenceOfSteel"},{"floor":4.0,"key":"SneckoOil"},{"floor":4.0,"key":"Explosive Potion"},{"floor":10.0,"key":"Energy Potion"},{"floor":11.0,"key":"Swift Potion"},{"floor":16.0,"key":"Poison Potion"}],"is_trial":false,"path_per_floor":["M","$","?","?","M","R","M","R","T","M","M","E","M","$","R","B",null,"M","M","T","?","M"],"character_chosen":"DEFECT","items_purchased":["Coolheaded"],"campfire_rested":0,"item_purchase_floors":[14],"current_hp_per_floor":[75,75,60,60,60,60,60,60,60,60,57,51,48,48,48,48,75,75,57,57,57,57],"gold":108,"neow_bonus":"THREE_ENEMY_KILL","is_prod":false,"is_daily":false,"chose_seed":false,"campfire_upgraded":2,"win_rate":0,"timestamp":1549556974,"path_taken":["M","$","?","?","M","R","?","R","T","M","M","E","M","$","R","BOSS","M","?","?","?","M"],"build_version":"2019-01-23","purchased_purges":2,"victory":false,"max_hp_per_floor":[75,75,75,75,75,75,75,75,75,75,75,75,75,75,75,75,75,75,75,75,75,75],"card_choices":[{"not_picked":["Gash","Redo"],"picked":"Leap","floor":1.0},{"not_picked":["Hologram","Hello World"],"picked":"Glacier","floor":5.0},{"not_picked":["Double Energy","Scrape","Go for the Eyes"],"picked":"SKIP","floor":7.0},{"not_picked":["Doom and Gloom","Hologram"],"picked":"Loop","floor":10.0},{"not_picked":["Ball Lightning","BootSequence"],"picked":"Capacitor","floor":11.0},{"not_picked":["Conserve Battery","BootSequence"],"picked":"Loop","floor":12.0},{"not_picked":["Doom and Gloom","Storm","Leap"],"picked":"SKIP","floor":13.0},{"not_picked":["Sunder+1","Leap"],"picked":"Chill","floor":18.0},{"not_picked":["Compile Driver","Chaos","Ball Lightning+1"],"picked":"SKIP","floor":19.0}],"player_experience":726298,"relics_obtained":[{"floor":12.0,"key":"DataDisk"},{"floor":20.0,"key":"Boot"}],"event_choices":[{"damage_healed":0.0,"max_hp_gain":0.0,"max_hp_loss":0.0,"gold_gain":0.0,"event_name":"Shining Light","player_choice":"Entered Light","floor":3.0,"gold_loss":0.0,"damage_taken":15.0,"cards_upgraded":["Strike_B","Zap"]},{"damage_healed":0.0,"max_hp_gain":0.0,"max_hp_loss":0.0,"gold_gain":0.0,"event_name":"Lab","player_choice":"Got Potions","floor":4.0,"gold_loss":0.0,"damage_taken":0.0},{"cards_removed":["Defend_B"],"damage_healed":0.0,"max_hp_gain":0.0,"max_hp_loss":0.0,"gold_gain":0.0,"event_name":"Back to Basics","player_choice":"Elegance","floor":21.0,"gold_loss":0.0,"damage_taken":0.0}],"is_beta":false,"boss_relics":[{"not_picked":["Velvet Choker","FrozenCore"],"picked":"Coffee Dripper"}],"items_purged_floors":[2,14],"is_endless":false,"potions_floor_spawned":[10,11,16],"killed_by":"Cultist and Chosen","ascension_level":0}