{"gold_per_floor":[113,113,113,132,146,179,179,179,179,23,23,52,64,75,75,151,151,164,196,121,121,131,131,142,142,142,142,162,188,25,44,44,122,122,136,136,148,70,90,90,115,161,161,161,141,152,152,152,152,152,152],"floor_reached":51,"playtime":2920,"items_purged":["Eviscerate"],"score":1656,"play_id":"89c05075-733c-4e48-bb00-405ab1c0081b","local_time":"20190328203305","is_ascension_mode":true,"campfire_choices":[{"data":"Noxious Fumes","floor":7.0,"key":"SMITH"},{"data":"Glass Knife","floor":11.0,"key":"SMITH"},{"data":"Deadly Poison","floor":15.0,"key":"SMITH"},{"data":"Burst","floor":23.0,"key":"SMITH"},{"floor":25.0,"key":"REST"},{"floor":27.0,"key":"REST"},{"data":"Leg Sweep","floor":32.0,"key":"SMITH"},{"floor":40.0,"key":"REST"},{"data":"Bouncing Flask","floor":44.0,"key":"SMITH"},{"data":"Dodge and Roll","floor":47.0,"key":"SMITH"},{"data":"Survivor","floor":49.0,"key":"SMITH"}],"neow_cost":"NONE","seed_source_timestamp":0,"circlet_count":0,"master_deck":["AscendersBane","Survivor+1","Neutralize+1","Cloak And Dagger","Corpse Explosion","Masterful Stab+1","Glass Knife+1","Noxious Fumes+1","Burst+1","Escape Plan","After Image","Footwork+1","Leg Sweep+1","Footwork+1","Deadly Poison+1","After Image+1","Poisoned Stab+1","Footwork+1","Wraith Form v2+1","Backflip+1","Backflip","Deadly Poison","Bouncing Flask+1","Dodge and Roll+1"],"special_seed":0,"relics":["Pandora\u0027s Box","Bottled Tornado","Frozen Egg 2","Letter Opener","Velvet Choker","Red Mask","Pantograph","Mercury Hourglass","Whetstone","Sozu","Ancient Tea Set","Bag of Marbles","Blood Vial"],"potions_floor_usage":[],"damage_taken":[{"damage":0.0,"enemies":"Cultist","floor":1.0,"turns":2.0},{"damage":0.0,"enemies":"Small Slimes","floor":4.0,"turns":3.0},{"damage":12.0,"enemies":"Jaw Worm","floor":5.0,"turns":3.0},{"damage":32.0,"enemies":"Lagavulin","floor":6.0,"turns":6.0},{"damage":0.0,"enemies":"Gremlin Nob","floor":12.0,"turns":3.0},{"damage":0.0,"enemies":"Looter","floor":13.0,"turns":3.0},{"damage":0.0,"enemies":"Large Slime","floor":14.0,"turns":4.0},{"damage":0.0,"enemies":"The Guardian","floor":16.0,"turns":7.0},{"damage":19.0,"enemies":"2 Thieves","floor":18.0,"turns":3.0},{"damage":0.0,"enemies":"Masked Bandits","floor":19.0,"turns":2.0},{"damage":12.0,"enemies":"Shell Parasite","floor":22.0,"turns":4.0},{"damage":17.0,"enemies":"Cultist and Chosen","floor":24.0,"turns":6.0},{"damage":10.0,"enemies":"3 Cultists","floor":28.0,"turns":3.0},{"damage":0.0,"enemies":"Gremlin Leader","floor":29.0,"turns":6.0},{"damage":0.0,"enemies":"Sentry and Sphere","floor":31.0,"turns":4.0},{"damage":0.0,"enemies":"Automaton","floor":33.0,"turns":8.0},{"damage":0.0,"enemies":"Orb Walker","floor":35.0,"turns":4.0},{"damage":15.0,"enemies":"3 Shapes","floor":37.0,"turns":4.0},{"damage":13.0,"enemies":"3 Darklings","floor":39.0,"turns":3.0},{"damage":5.0,"enemies":"Nemesis","floor":41.0,"turns":7.0},{"damage":0.0,"enemies":"4 Shapes","floor":46.0,"turns":2.0},{"damage":60.0,"enemies":"Awakened One","floor":50.0,"turns":15.0},{"damage":50,"enemies":"Donu and Deca","floor":51,"turns":2}],"seed_played":"-6488156070759019010","potions_obtained":[{"floor":5.0,"key":"Weak Potion"},{"floor":12.0,"key":"Swift Potion"},{"floor":16.0,"key":"Dexterity Potion"},{"floor":19.0,"key":"PowerPotion"},{"floor":29.0,"key":"GhostInAJar"}],"is_trial":false,"path_per_floor":["M","?","?","M","M","E","R","?","T","$","R","E","M","M","R","B",null,"M","?","?","?","M","R","M","R","T","R","M","E","$","M","R","B",null,"M","?","M","$","M","R","E","T","T","R","?","M","R","?","R","B","B"],"character_chosen":"THE_SILENT","items_purchased":["Footwork+1","Whetstone","Bouncing Flask"],"campfire_rested":3,"item_purchase_floors":[10,30,38],"current_hp_per_floor":[59,59,52,52,40,8,8,76,76,76,76,76,76,76,76,76,76,57,57,57,57,45,45,28,50,50,72,62,62,62,62,62,76,76,76,76,61,61,48,70,65,65,65,65,65,67,67,67,67,16,0],"gold":152,"neow_bonus":"BOSS_RELIC","is_prod":false,"is_daily":false,"chose_seed":false,"campfire_upgraded":8,"win_rate":0,"timestamp":1553823185,"path_taken":["M","?","?","M","M","E","R","?","T","$","R","E","?","M","R","BOSS","M","?","?","?","M","R","M","R","T","R","M","E","$","M","R","BOSS","M","?","?","$","M","R","E","?","T","R","?","?","R","?","R","BOSS","BOSS"],"build_version":"2019-01-23","purchased_purges":1,"victory":false,"max_hp_per_floor":[66,66,66,66,66,66,66,76,76,76,76,76,76,76,76,76,76,76,76,76,76,76,76,76,76,76,76,76,76,76,76,76,76,76,76,76,76,76,76,76,76,76,76,76,76,76,76,76,76,76,76],"card_choices":[{"not_picked":["Slice","Deadly Poison","Outmaneuver"],"picked":"SKIP","floor":1.0},{"not_picked":["Outmaneuver","Poisoned Stab","Flying Knee"],"picked":"SKIP","floor":4.0},{"not_picked":["Skewer","Poisoned Stab"],"picked":"Escape Plan","floor":5.0},{"not_picked":["Slice","Outmaneuver"],"picked":"After Image","floor":6.0},{"not_picked":["Predator","PiercingWail"],"picked":"Leg Sweep","floor":12.0},{"not_picked":["Finisher","Deflect"],"picked":"Footwork+1","floor":13.0},{"not_picked":["Bane","Dagger Spray"],"picked":"Deadly Poison","floor":14.0},{"not_picked":["Die Die Die","Envenom+1"],"picked":"After Image+1","floor":16.0},{"not_picked":["Dagger Throw","Acrobatics","Distraction"],"picked":"SKIP","floor":18.0},{"not_picked":["Prepared","Underhanded Strike+1"],"picked":"Poisoned Stab+1","floor":19.0},{"not_picked":["Skewer","Concentrate","Outmaneuver"],"picked":"SKIP","floor":22.0},{"not_picked":["Poisoned Stab","Caltrops+1","Dagger Spray+1"],"picked":"SKIP","floor":24.0},{"not_picked":["Dodge and Roll","Outmaneuver"],"picked":"Footwork+1","floor":28.0},{"not_picked":["Crippling Poison","Blade Dance"],"picked":"Wraith Form v2+1","floor":29.0},{"not_picked":["Noxious Fumes+1","All Out Attack"],"picked":"Backflip","floor":31.0},{"not_picked":["Quick Slash","PiercingWail+1"],"picked":"Backflip","floor":35.0},{"not_picked":["Backflip","Cloak And Dagger"],"picked":"Deadly Poison","floor":37.0},{"not_picked":["Noxious Fumes+1","Leg Sweep"],"picked":"Dodge and Roll","floor":39.0},{"not_picked":["Cloak And Dagger","Dagger Throw"],"picked":"Adrenaline","floor":41.0},{"not_picked":["Backstab","Blade Dance","Deadly Poison"],"picked":"SKIP","floor":46.0}],"player_experience":799518,"relics_obtained":[{"floor":6.0,"key":"Bottled Tornado"},{"floor":9.0,"key":"Frozen Egg 2"},{"floor":12.0,"key":"Letter Opener"},{"floor":19.0,"key":"Red Mask"},{"floor":26.0,"key":"Pantograph"},{"floor":29.0,"key":"Mercury Hourglass"},{"floor":41.0,"key":"Ancient Tea Set"},{"floor":42.0,"key":"Bag of Marbles"},{"floor":43.0,"key":"Blood Vial"}],"event_choices":[{"damage_healed":0.0,"max_hp_gain":0.0,"max_hp_loss":0.0,"gold_gain":0.0,"cards_transformed":["Storm of Steel"],"event_name":"Living Wall","player_choice":"Change","floor":2.0,"gold_loss":0.0,"damage_taken":0.0,"cards_obtained":["Burst"]},{"cards_removed":["Setup"],"damage_healed":0.0,"max_hp_gain":0.0,"max_hp_loss":0.0,"gold_gain":0.0,"event_name":"Golden Wing","player_choice":"Card Removal","floor":3.0,"gold_loss":0.0,"damage_taken":7.0},{"cards_removed":["Storm of Steel"],"damage_healed":58.0,"max_hp_gain":10.0,"max_hp_loss":0.0,"gold_gain":0.0,"event_name":"Bonfire Elementals","player_choice":"Offered Rare","floor":8.0,"gold_loss":0.0,"damage_taken":0.0},{"damage_healed":0.0,"max_hp_gain":0.0,"max_hp_loss":0.0,"gold_gain":0.0,"event_name":"Masked Bandits","player_choice":"Fought Bandits","floor":19.0,"gold_loss":0.0,"damage_taken":0.0},{"cards_removed":["Tactician"],"damage_healed":0.0,"max_hp_gain":0.0,"max_hp_loss":0.0,"gold_gain":0.0,"event_name":"Beggar","player_choice":"Gave Gold","floor":20.0,"gold_loss":75.0,"damage_taken":0.0},{"damage_healed":0.0,"max_hp_gain":0.0,"max_hp_loss":0.0,"gold_gain":0.0,"event_name":"Back to Basics","player_choice":"Simplicity","floor":21.0,"gold_loss":0.0,"damage_taken":0.0,"cards_upgraded":[]},{"damage_healed":0.0,"max_hp_gain":0.0,"max_hp_loss":0.0,"gold_gain":0.0,"event_name":"Upgrade Shrine","player_choice":"Upgraded","floor":36.0,"gold_loss":0.0,"damage_taken":0.0,"cards_upgraded":["Backflip"]},{"damage_healed":0.0,"max_hp_gain":0.0,"max_hp_loss":0.0,"gold_gain":0.0,"event_name":"The Woman in Blue","player_choice":"Bought 1 Potion","floor":45.0,"gold_loss":0.0,"damage_taken":0.0},{"cards_removed":["Adrenaline"],"damage_healed":0.0,"max_hp_gain":0.0,"max_hp_loss":0.0,"gold_gain":0.0,"event_name":"Falling","player_choice":"Removed Skill","floor":48.0,"gold_loss":0.0,"damage_taken":0.0}],"is_beta":false,"boss_relics":[{"not_picked":["Runic Dome","Astrolabe"],"picked":"Velvet Choker"},{"not_picked":["Cursed Key","Runic Pyramid"],"picked":"Sozu"}],"items_purged_floors":[10],"is_endless":false,"potions_floor_spawned":[5,12,16,19,22,29,41],"killed_by":"Donu and Deca","ascension_level":20}