{"gold_per_floor":[113,130,146,66,141,171,171,188,188,221,396,410,444,457,457,457],"floor_reached":16,"playtime":732,"items_purged":[],"score":122,"play_id":"003a7e16-b174-4c72-8084-84aeadcb3ee5","local_time":"20190226224551","is_ascension_mode":false,"campfire_choices":[{"data":"Seeing Red","floor":7,"key":"SMITH"},{"floor":15,"key":"REST"}],"neow_cost":"NONE","seed_source_timestamp":1121620510907075,"circlet_count":0,"master_deck":["Strike_R","Strike_R","Strike_R","Strike_R","Strike_R","Defend_R","Defend_R","Defend_R","Defend_R","Bash","Burning Pact","Seeing Red+1","Inflame","Demon Form","Pummel","Rage","Doubt","Clothesline","Whirlwind"],"relics":["Burning Blood","Vajra","Matryoshka","Mummified Hand","Lantern"],"potions_floor_usage":[2,13],"damage_taken":[{"damage":6,"enemies":"Cultist","floor":1,"turns":3},{"damage":8,"enemies":"Jaw Worm","floor":2,"turns":5},{"damage":5,"enemies":"2 Louse","floor":3,"turns":4},{"damage":21,"enemies":"Lagavulin","floor":6,"turns":6},{"damage":10,"enemies":"Looter","floor":8,"turns":3},{"damage":27,"enemies":"Gremlin Nob","floor":10,"turns":4},{"damage":8,"enemies":"Red Slaver","floor":12,"turns":3},{"damage":22,"enemies":"3 Sentries","floor":13,"turns":8},{"damage":6,"enemies":"Lots of Slimes","floor":14,"turns":5},{"damage":37,"enemies":"The Guardian","floor":16,"turns":5}],"seed_played":"7060791324467629155","potions_obtained":[{"floor":1,"key":"Weak Potion"},{"floor":12,"key":"Block Potion"}],"is_trial":false,"path_per_floor":["M","M","M","$","?","E","R","M","T","E","?","M","E","M","R","B"],"character_chosen":"IRONCLAD","items_purchased":["Demon Form"],"campfire_rested":1,"item_purchase_floors":[4],"current_hp_per_floor":[80,78,79,79,68,53,53,49,49,28,28,26,10,10,34,0],"gold":457,"neow_bonus":"THREE_CARDS","is_prod":false,"is_daily":false,"chose_seed":false,"campfire_upgraded":1,"win_rate":0,"timestamp":1551233751,"path_taken":["M","M","M","$","?","E","R","M","T","E","?","M","E","M","R","BOSS"],"build_version":"2019-02-06","purchased_purges":0,"victory":false,"max_hp_per_floor":[80,80,80,80,80,80,80,80,80,80,80,80,80,80,80,80],"card_choices":[{"not_picked":["Headbutt","Seeing Red"],"picked":"Burning Pact","floor":0},{"not_picked":["Searing Blow","Headbutt","Havoc"],"picked":"SKIP","floor":1},{"not_picked":["Carnage","Wild Strike"],"picked":"Seeing Red","floor":2},{"not_picked":["Wild Strike","Clash"],"picked":"Inflame","floor":3},{"not_picked":["Combust","Perfected Strike"],"picked":"Pummel","floor":6},{"not_picked":["Pummel","Thunderclap","Flex"],"picked":"SKIP","floor":8},{"not_picked":["Anger","Sword Boomerang"],"picked":"Rage","floor":10},{"not_picked":["Juggernaut","Thunderclap"],"picked":"Clothesline","floor":12},{"not_picked":["Clash","Clothesline","Searing Blow"],"picked":"SKIP","floor":13},{"not_picked":["Body Slam","Corruption"],"picked":"Whirlwind","floor":14}],"player_experience":658317,"relics_obtained":[{"floor":6,"key":"Vajra"},{"floor":9,"key":"Matryoshka"},{"floor":10,"key":"Mummified Hand"},{"floor":13,"key":"Lantern"}],"event_choices":[{"damage_healed":0,"gold_gain":75,"player_choice":"Gather Gold","damage_taken":11,"max_hp_gain":0,"max_hp_loss":0,"event_name":"World of Goop","floor":5,"gold_loss":0},{"damage_healed":0,"gold_gain":175,"player_choice":"AGREE","damage_taken":0,"max_hp_gain":0,"max_hp_loss":0,"event_name":"Liars Game","floor":11,"gold_loss":0,"cards_obtained":["Doubt"]}],"is_beta":true,"boss_relics":[],"items_purged_floors":[],"is_endless":false,"potions_floor_spawned":[1,12],"killed_by":"The Guardian","ascension_level":0}