{"gold_per_floor":[115,81,93,93,18,42,217,10,37,56,56,76,100,131,131,250,250,264,234,149,149,169,31,31,45,45,45],"floor_reached":27,"playtime":3477,"items_purged":["Unload"],"score":215,"play_id":"6fc287f0-d571-4821-8664-8864617d8c53","local_time":"20190324230239","is_ascension_mode":false,"campfire_choices":[{"data":"Sucker Punch","floor":11,"key":"SMITH"},{"floor":15,"key":"REST"},{"floor":24,"key":"REST"}],"neow_cost":"NONE","seed_source_timestamp":1004462211800980,"circlet_count":0,"master_deck":["Survivor","Neutralize","Storm of Steel","Choke","Skewer","Phantasmal Killer","Tactician","Dash","Sucker Punch+1","Noxious Fumes","Blur","Grand Finale","Discovery","Poisoned Stab","Bane"],"relics":["Pandora\u0027s Box","Golden Idol","ClockworkSouvenir","Ornamental Fan","Empty Cage","Dodecahedron","Question Card"],"potions_floor_usage":[10,14,16,19,27],"damage_taken":[{"damage":0,"enemies":"Small Slimes","floor":1,"turns":3},{"damage":0,"enemies":"2 Louse","floor":3,"turns":2},{"damage":0,"enemies":"Cultist","floor":6,"turns":2},{"damage":2,"enemies":"2 Fungi Beasts","floor":10,"turns":3},{"damage":4,"enemies":"Large Slime","floor":12,"turns":6},{"damage":0,"enemies":"Blue Slaver","floor":13,"turns":2},{"damage":20,"enemies":"3 Sentries","floor":14,"turns":9},{"damage":27,"enemies":"Hexaghost","floor":16,"turns":11},{"damage":6,"enemies":"Chosen","floor":18,"turns":5},{"damage":7,"enemies":"2 Thieves","floor":19,"turns":5},{"damage":27,"enemies":"Shelled Parasite and Fungi","floor":22,"turns":9},{"damage":26,"enemies":"Centurion and Healer","floor":25,"turns":9},{"damage":30,"enemies":"3 Cultists","floor":27,"turns":4}],"seed_played":"5286031998569991921","potions_obtained":[{"floor":1,"key":"EssenceOfSteel"},{"floor":10,"key":"Block Potion"},{"floor":14,"key":"SkillPotion"},{"floor":16,"key":"GhostInAJar"},{"floor":25,"key":"EssenceOfSteel"}],"is_trial":false,"path_per_floor":["M","$","M","?","$","M","?","$","T","M","R","M","M","E","R","B",null,"M","M","?","?","M","$","R","M","T","M"],"character_chosen":"THE_SILENT","items_purchased":["Noxious Fumes","ClockworkSouvenir","Discovery","Poisoned Stab"],"campfire_rested":2,"item_purchase_floors":[2,8,23,23],"current_hp_per_floor":[70,70,70,53,53,53,53,53,53,51,51,47,47,27,48,21,70,64,57,57,57,30,30,51,25,25,0],"gold":45,"neow_bonus":"BOSS_RELIC","is_prod":false,"is_daily":false,"chose_seed":false,"campfire_upgraded":1,"win_rate":0,"timestamp":1553477559,"path_taken":["M","$","M","?","$","M","?","$","T","M","R","M","M","E","R","BOSS","M","M","?","?","?","$","R","M","T","M"],"build_version":"2019-03-15","purchased_purges":1,"victory":false,"max_hp_per_floor":[70,70,70,70,70,70,70,70,70,70,70,70,70,70,70,70,70,70,70,70,70,70,70,70,70,70,70],"card_choices":[{"not_picked":["Dagger Throw","Slice","Accuracy"],"picked":"SKIP","floor":1},{"not_picked":["Sucker Punch","Noxious Fumes","Prepared"],"picked":"SKIP","floor":3},{"not_picked":["Escape Plan","Outmaneuver","Masterful Stab"],"picked":"SKIP","floor":6},{"not_picked":["Sucker Punch","Wraith Form v2","Dodge and Roll"],"picked":"SKIP","floor":10},{"not_picked":["Dagger Spray","All Out Attack","Blade Dance"],"picked":"SKIP","floor":12},{"not_picked":["Flechettes","Underhanded Strike"],"picked":"Blur","floor":13},{"not_picked":["Sucker Punch","Dagger Spray","Concentrate"],"picked":"SKIP","floor":14},{"not_picked":["Phantasmal Killer","Night Terror"],"picked":"Grand Finale","floor":16},{"not_picked":["PiercingWail","Backstab+1","Deflect"],"picked":"SKIP","floor":18},{"not_picked":["Outmaneuver","Cloak And Dagger","Endless Agony"],"picked":"SKIP","floor":19},{"not_picked":["Infinite Blades","Poisoned Stab","Dodge and Roll"],"picked":"SKIP","floor":22},{"not_picked":["Acrobatics","Noxious Fumes+1"],"picked":"Bane","floor":25}],"player_experience":763298,"relics_obtained":[{"floor":14,"key":"Ornamental Fan"},{"floor":26,"key":"Question Card"}],"event_choices":[{"damage_healed":0,"gold_gain":0,"player_choice":"Take Damage","damage_taken":17,"relics_obtained":["Golden Idol"],"max_hp_gain":0,"max_hp_loss":0,"event_name":"Golden Idol","floor":4,"gold_loss":0},{"damage_healed":0,"gold_gain":175,"player_choice":"AGREE","damage_taken":0,"max_hp_gain":0,"max_hp_loss":0,"event_name":"Liars Game","floor":7,"gold_loss":0,"cards_obtained":["Doubt"]},{"damage_healed":0,"gold_gain":0,"player_choice":"Obtained Relic","damage_taken":0,"relics_obtained":["Dodecahedron"],"max_hp_gain":0,"max_hp_loss":0,"event_name":"Addict","floor":20,"gold_loss":85},{"cards_removed":["Setup"],"damage_healed":0,"gold_gain":0,"player_choice":"Purged","damage_taken":0,"max_hp_gain":0,"max_hp_loss":0,"event_name":"Purifier","floor":21,"gold_loss":0}],"is_beta":true,"boss_relics":[{"not_picked":["Orrery","WristBlade"],"picked":"Empty Cage"}],"items_purged_floors":[5],"is_endless":false,"potions_floor_spawned":[1,10,14,16,25],"killed_by":"3 Cultists","ascension_level":0}