{"gold_per_floor":[110,121,136,136,199,199,242,242,319,91,120,135,135,156,156,280,280,305,305,305,321,342,342,342],"floor_reached":24,"playtime":1190,"items_purged":["Injury"],"score":196,"play_id":"362c888b-0098-46b4-8c31-a07b3dfeccb8","local_time":"20190319034158","is_ascension_mode":false,"campfire_choices":[{"data":"Zap","floor":6,"key":"SMITH"},{"data":"Hologram","floor":8,"key":"SMITH"},{"data":"Defragment","floor":13,"key":"SMITH"},{"data":"Turbo","floor":15,"key":"SMITH"},{"data":"Fusion","floor":23,"key":"SMITH"}],"neow_cost":"NONE","seed_source_timestamp":1088520883776156,"circlet_count":0,"master_deck":["Strike_B","Strike_B","Strike_B","Strike_B","Defend_B","Defend_B","Defend_B","Defend_B","Zap+1","Dualcast","Meteor Strike","Rebound","Capacitor","Sweeping Beam","Hologram+1","Defragment+1","Turbo+1","Conserve Battery","Amplify","Conserve Battery","Ball Lightning","Core Surge","Chaos","Fusion+1","Hologram+1"],"relics":["Cracked Core","Golden Idol","Bag of Marbles","Mercury Hourglass","Odd Mushroom","Inserter"],"potions_floor_usage":[16,22,24],"damage_taken":[{"damage":2,"enemies":"Jaw Worm","floor":1,"turns":4},{"damage":0,"enemies":"Small Slimes","floor":2,"turns":2},{"damage":0,"enemies":"2 Louse","floor":3,"turns":2},{"damage":21,"enemies":"3 Sentries","floor":7,"turns":5},{"damage":1,"enemies":"The Mushroom Lair","floor":11,"turns":3},{"damage":0,"enemies":"Looter","floor":12,"turns":3},{"damage":0,"enemies":"Large Slime","floor":14,"turns":4},{"damage":26,"enemies":"Slime Boss","floor":16,"turns":7},{"damage":3,"enemies":"3 Byrds","floor":18,"turns":3},{"damage":10,"enemies":"Chosen","floor":21,"turns":4},{"damage":9,"enemies":"Centurion and Healer","floor":22,"turns":8},{"damage":61,"enemies":"Gremlin Leader","floor":24,"turns":5}],"seed_played":"9145349421030563943","potions_obtained":[{"floor":1,"key":"Dexterity Potion"},{"floor":7,"key":"Weak Potion"},{"floor":12,"key":"GamblersBrew"},{"floor":18,"key":"PowerPotion"}],"is_trial":false,"path_per_floor":["M","M","M","?","?","R","E","R","T","$","?","M","R","M","R","B",null,"M","?","?","M","M","R","E"],"character_chosen":"DEFECT","items_purchased":["Defragment","Turbo","Conserve Battery"],"campfire_rested":0,"item_purchase_floors":[10,10,10],"current_hp_per_floor":[73,73,73,73,73,73,52,52,52,52,51,51,51,51,51,25,75,72,72,72,62,53,53,0],"gold":342,"neow_bonus":"ONE_RANDOM_RARE_CARD","is_prod":false,"is_daily":false,"chose_seed":false,"campfire_upgraded":5,"win_rate":0,"timestamp":1552966918,"path_taken":["M","M","M","?","?","R","E","R","T","?","?","M","R","M","R","BOSS","M","?","?","M","M","R","E"],"build_version":"2019-01-23","purchased_purges":1,"victory":false,"max_hp_per_floor":[75,75,75,75,75,75,75,75,75,75,75,75,75,75,75,75,75,75,75,75,75,75,75,75],"card_choices":[{"not_picked":["Force Field","Stack"],"picked":"Rebound","floor":1},{"not_picked":["Static Discharge","Beam Cell"],"picked":"Capacitor","floor":2},{"not_picked":["Melter","Compile Driver"],"picked":"Sweeping Beam","floor":3},{"not_picked":["Doom and Gloom","Conserve Battery"],"picked":"Hologram","floor":7},{"not_picked":["Compile Driver","Coolheaded"],"picked":"Amplify","floor":11},{"not_picked":["Coolheaded","Melter"],"picked":"Conserve Battery","floor":12},{"not_picked":["Coolheaded","Hello World"],"picked":"Ball Lightning","floor":14},{"not_picked":["Biased Cognition","Hyperbeam"],"picked":"Core Surge","floor":16},{"not_picked":["Genetic Algorithm+1","Fusion"],"picked":"Chaos","floor":18},{"not_picked":["Reinforced Body+1","Recycle"],"picked":"Fusion","floor":21},{"not_picked":["Streamline","Conserve Battery+1"],"picked":"Hologram+1","floor":22}],"player_experience":1060992,"relics_obtained":[{"floor":7,"key":"Bag of Marbles"},{"floor":9,"key":"Mercury Hourglass"},{"floor":11,"key":"Odd Mushroom"}],"event_choices":[{"damage_healed":0,"gold_gain":0,"player_choice":"Take Wound","damage_taken":0,"relics_obtained":["Golden Idol"],"max_hp_gain":0,"max_hp_loss":0,"event_name":"Golden Idol","floor":4,"gold_loss":0,"cards_obtained":["Injury"]},{"damage_healed":0,"gold_gain":63,"player_choice":"Gained Gold","damage_taken":0,"max_hp_gain":0,"max_hp_loss":0,"event_name":"Golden Wing","floor":5,"gold_loss":0},{"damage_healed":0,"gold_gain":0,"player_choice":"Fought Mushrooms","damage_taken":0,"max_hp_gain":0,"max_hp_loss":0,"event_name":"Mushrooms","floor":11,"gold_loss":0},{"damage_healed":0,"gold_gain":0,"player_choice":"Ignored","damage_taken":0,"max_hp_gain":0,"max_hp_loss":0,"event_name":"Ghosts","floor":19,"gold_loss":0},{"damage_healed":0,"gold_gain":0,"player_choice":"Ignored","damage_taken":0,"max_hp_gain":0,"max_hp_loss":0,"event_name":"Vampires","floor":20,"gold_loss":0}],"is_beta":false,"boss_relics":[{"not_picked":["Orrery","Calling Bell"],"picked":"Inserter"}],"items_purged_floors":[10],"is_endless":false,"potions_floor_spawned":[1,7,12,18],"killed_by":"Gremlin Leader","ascension_level":0}