{"gold_per_floor":[115,128,140,151,169,169,199,474,526,526,101,114,133,151,151,249,249,268,282,282,299,299,299,315,315],"floor_reached":25,"playtime":1484,"items_purged":["Regret"],"score":199,"play_id":"f6d43368-7275-44f3-a5aa-9a656c74d127","local_time":"20180829085620","is_ascension_mode":false,"campfire_choices":[{"data":"Infinite Blades","floor":6,"key":"SMITH"},{"data":"Crippling Poison","floor":10,"key":"SMITH"},{"data":"Envenom","floor":15,"key":"SMITH"},{"floor":23,"key":"REST"}],"neow_cost":"NONE","seed_source_timestamp":119224372709625,"circlet_count":0,"master_deck":["Defend_G","Defend_G","Defend_G","Defend_G","Defend_G","Strike_G","Strike_G","Strike_G","Strike_G","Strike_G","Survivor","Neutralize+1","Finisher","Infinite Blades+1","Riddle With Holes","Heel Hook","Crippling Poison+1","Infinite Blades+1","Envenom+1","Flying Knee","Night Terror","Dodge and Roll","Night Terror+1","Well Laid Plans+1","Slice","Cloak And Dagger","Cloak And Dagger"],"relics":["Ring of the Snake","Centennial Puzzle","WristBlade","Nloth\u0027s Gift"],"potions_floor_usage":[5,12,18,25],"damage_taken":[{"damage":0,"enemies":"2 Louse","floor":1,"turns":5},{"damage":3,"enemies":"Jaw Worm","floor":2,"turns":4},{"damage":1,"enemies":"Cultist","floor":3,"turns":4},{"damage":0,"enemies":"Large Slime","floor":4,"turns":5},{"damage":0,"enemies":"3 Louse","floor":5,"turns":2},{"damage":2,"enemies":"Looter","floor":12,"turns":3},{"damage":10,"enemies":"Red Slaver","floor":13,"turns":3},{"damage":9,"enemies":"Large Slime","floor":14,"turns":5},{"damage":35,"enemies":"Slime Boss","floor":16,"turns":6},{"damage":5,"enemies":"Spheric Guardian","floor":18,"turns":3},{"damage":27,"enemies":"Shell Parasite","floor":19,"turns":6},{"damage":2,"enemies":"Centurion and Healer","floor":21,"turns":5},{"damage":48,"enemies":"Snake Plant","floor":24,"turns":6},{"damage":11,"enemies":"Snecko","floor":25,"turns":2}],"seed_played":"-3581550639614940629","potions_obtained":[{"floor":1,"key":"PowerPotion"},{"floor":3,"key":"Fire Potion"},{"floor":4,"key":"Explosive Potion"},{"floor":14,"key":"Explosive Potion"}],"is_trial":false,"path_per_floor":["M","M","M","M","M","R","?","?","T","R","$","M","M","M","R","B",null,"M","M","?","M","?","R","M"],"character_chosen":"THE_SILENT","items_purchased":["DollysMirror","Envenom"],"campfire_rested":1,"item_purchase_floors":[11,11],"current_hp_per_floor":[70,67,66,66,66,66,66,66,66,66,66,64,54,45,45,10,70,65,38,38,36,36,57,9,0],"gold":315,"neow_bonus":"UPGRADE_CARD","is_prod":false,"is_daily":false,"chose_seed":false,"campfire_upgraded":3,"win_rate":0,"timestamp":1535529380,"path_taken":["M","M","M","M","M","R","?","?","T","R","$","M","M","M","R","BOSS","M","M","?","M","?","R","M","M"],"build_version":"2018-08-23v2","purchased_purges":1,"victory":false,"max_hp_per_floor":[70,70,70,70,70,70,70,70,70,70,70,70,70,70,70,70,70,70,70,70,70,70,70,70,70],"card_choices":[{"not_picked":["Deflect","Slice"],"picked":"Finisher","floor":1},{"not_picked":["Flechettes","Deflect"],"picked":"Infinite Blades","floor":2},{"not_picked":["Distraction","Flying Knee"],"picked":"Riddle With Holes","floor":3},{"not_picked":["All Out Attack","Sucker Punch"],"picked":"Heel Hook","floor":4},{"not_picked":["Sucker Punch","Setup"],"picked":"Crippling Poison","floor":5},{"not_picked":["Choke","Quick Slash"],"picked":"Flying Knee","floor":12},{"not_picked":["Dodge and Roll","Prepared"],"picked":"Night Terror","floor":13},{"not_picked":["Tactician","Acrobatics"],"picked":"Dodge and Roll","floor":14},{"not_picked":["Bullet Time","Tools of the Trade"],"picked":"Night Terror","floor":16},{"not_picked":["Poisoned Stab+1","Finisher+1"],"picked":"Well Laid Plans+1","floor":18},{"not_picked":["Dodge and Roll","Setup+1"],"picked":"Slice","floor":19},{"not_picked":["Quick Slash","Terror"],"picked":"Cloak And Dagger","floor":21},{"not_picked":["Prepared","Dodge and Roll"],"picked":"Cloak And Dagger","floor":24}],"player_experience":467288,"relics_obtained":[{"floor":9,"key":"Centennial Puzzle"}],"event_choices":[{"event_name":"Dead Adventurer","player_choice":"Searched \u00271\u0027 times","floor":7,"damage_taken":0},{"event_name":"Golden Shrine","player_choice":"Desecrate","floor":8,"damage_taken":0},{"event_name":"N\u0027loth","player_choice":"Traded a DollysMirror","floor":20,"damage_taken":0},{"event_name":"Accursed Blacksmith","player_choice":"Forge","floor":22,"damage_taken":0}],"is_beta":false,"boss_relics":[{"not_picked":["Ectoplasm","Astrolabe"],"picked":"WristBlade"}],"items_purged_floors":[11],"is_endless":false,"potions_floor_spawned":[1,3,4,14],"killed_by":"Snecko","ascension_level":0}