{"gold_per_floor":[113,129,140,104,104,131,131,149,194,210,210,210,210,228,228,331,331,344,363,3,21,41,41,59,59,59,72,72,72,72,91,91,187,187,205,98,118,118,138,138,153,1,1,20,37,37,47,47,47,47],"floor_reached":50,"playtime":3114,"items_purged":[],"score":450,"play_id":"1cc6dc6a-a3c5-4309-873b-0d34662ee526","local_time":"20190326010919","is_ascension_mode":false,"campfire_choices":[{"data":"Mind Blast","floor":13,"key":"SMITH"},{"floor":15,"key":"REST"},{"floor":23,"key":"RECALL"},{"data":"1","floor":25,"key":"LIFT"},{"floor":30,"key":"REST"},{"data":"2","floor":32,"key":"LIFT"},{"data":"3","floor":40,"key":"LIFT"},{"floor":49,"key":"REST"}],"neow_cost":"NONE","seed_source_timestamp":86335806579662,"circlet_count":0,"master_deck":["Defend_G","Defend_G","Defend_G","Defend_G","Strike_G","Strike_G","Strike_G","Strike_G","Survivor","Neutralize","Deadly Poison","Adrenaline","Footwork+1","Footwork","Mind Blast+1","Backflip","Flying Knee","Bouncing Flask","Catalyst","Adrenaline","Dagger Throw+1","Noxious Fumes","Reflex","Bane+1","Leg Sweep","Dash","Distraction+1","Poisoned Stab+1","Blur","Noxious Fumes","Acrobatics+1","Predator","Writhe"],"relics":["Empty Cage","Blue Candle","Snake Skull","Girya","Fusion Hammer","Mercury Hourglass","Ornamental Fan","Lizard Tail","Orichalcum"],"potions_floor_usage":[6,21,27,31,31,33,39,41,41,50],"damage_taken":[{"damage":4,"enemies":"Cultist","floor":1,"turns":6},{"damage":0,"enemies":"Small Slimes","floor":2,"turns":4},{"damage":0,"enemies":"Jaw Worm","floor":3,"turns":4},{"damage":1,"enemies":"Lagavulin","floor":6,"turns":10},{"damage":8,"enemies":"Exordium Thugs","floor":8,"turns":7},{"damage":5,"enemies":"Lots of Slimes","floor":10,"turns":7},{"damage":7,"enemies":"Gremlin Gang","floor":14,"turns":4},{"damage":63,"enemies":"Slime Boss","floor":16,"turns":15},{"damage":3,"enemies":"Spheric Guardian","floor":18,"turns":4},{"damage":1,"enemies":"Chosen","floor":19,"turns":4},{"damage":10,"enemies":"Centurion and Healer","floor":21,"turns":5},{"damage":6,"enemies":"Snecko","floor":22,"turns":4},{"damage":5,"enemies":"Snake Plant","floor":24,"turns":3},{"damage":2,"enemies":"Centurion and Healer","floor":27,"turns":3},{"damage":11,"enemies":"3 Cultists","floor":31,"turns":5},{"damage":36,"enemies":"Automaton","floor":33,"turns":10},{"damage":3,"enemies":"Orb Walker","floor":35,"turns":2},{"damage":0,"enemies":"3 Shapes","floor":37,"turns":4},{"damage":18,"enemies":"Spire Growth","floor":39,"turns":5},{"damage":1,"enemies":"Maw","floor":41,"turns":8},{"damage":0,"enemies":"4 Shapes","floor":44,"turns":5},{"damage":32,"enemies":"Spire Growth","floor":45,"turns":5},{"damage":1,"enemies":"Jaw Worm Horde","floor":47,"turns":4},{"damage":134,"enemies":"Awakened One","floor":50,"turns":13}],"seed_played":"7993945417967025565","potions_obtained":[{"floor":2,"key":"PowerPotion"},{"floor":6,"key":"Block Potion"},{"floor":16,"key":"SneckoOil"},{"floor":21,"key":"SteroidPotion"},{"floor":22,"key":"Fire Potion"},{"floor":27,"key":"Block Potion"},{"floor":31,"key":"GamblersBrew"},{"floor":33,"key":"Dexterity Potion"},{"floor":35,"key":"SpeedPotion"},{"floor":37,"key":"Block Potion"},{"floor":47,"key":"LiquidBronze"}],"is_trial":false,"path_per_floor":["M","M","M","$","?","E","?","M","T","M","?","T","R","M","R","B",null,"M","M","$","M","M","R","M","R","T","M","$","?","R","M","R","B",null,"M","$","M","$","M","R","M","$","T","M","M","?","M","?","R","B"],"character_chosen":"THE_SILENT","items_purchased":["Footwork","Noxious Fumes","Mercury Hourglass","Reflex","Blur","Noxious Fumes","Orichalcum"],"campfire_rested":3,"item_purchase_floors":[4,20,20,20,36,36,42],"current_hp_per_floor":[66,66,66,66,66,65,65,57,57,52,57,57,57,50,72,9,75,72,71,71,61,55,55,50,50,50,48,48,53,75,64,64,28,75,72,72,72,72,54,54,53,53,53,53,21,40,39,39,61,0],"gold":47,"neow_bonus":"BOSS_RELIC","is_prod":false,"is_daily":false,"chose_seed":false,"campfire_upgraded":1,"win_rate":0,"timestamp":1553571559,"path_taken":["M","M","M","$","?","E","?","M","T","?","?","?","R","M","R","BOSS","M","M","$","M","M","R","M","R","T","M","$","?","R","?","R","BOSS","M","$","M","$","?","R","M","$","T","M","M","?","M","?","R","BOSS"],"build_version":"2019-03-15","purchased_purges":0,"victory":false,"max_hp_per_floor":[70,70,70,70,70,70,70,70,70,70,75,75,75,75,75,75,75,75,75,75,75,75,75,75,75,75,75,75,75,75,75,75,75,75,75,75,75,75,75,75,75,75,75,75,75,75,75,75,75,75],"card_choices":[{"not_picked":["Prepared","Escape Plan"],"picked":"Deadly Poison","floor":1},{"not_picked":["PiercingWail","Dagger Spray"],"picked":"Adrenaline","floor":2},{"not_picked":["Choke","All Out Attack"],"picked":"Bane","floor":3},{"not_picked":["Slice","Well Laid Plans"],"picked":"Footwork","floor":6},{"not_picked":["Bane","Sucker Punch"],"picked":"Flying Knee","floor":8},{"not_picked":["Bane","Deflect"],"picked":"Bouncing Flask","floor":10},{"not_picked":["Backflip","Caltrops"],"picked":"Catalyst","floor":14},{"not_picked":["Malaise","Phantasmal Killer"],"picked":"Adrenaline","floor":16},{"not_picked":["Dodge and Roll","Heel Hook"],"picked":"Dagger Throw+1","floor":18},{"not_picked":["Blade Dance","Riddle With Holes","Quick Slash"],"picked":"SKIP","floor":19},{"not_picked":["Masterful Stab+1","Backflip","Escape Plan+1"],"picked":"SKIP","floor":21},{"not_picked":["Reflex+1","Underhanded Strike"],"picked":"Bane+1","floor":22},{"not_picked":["Grand Finale","Underhanded Strike"],"picked":"Leg Sweep","floor":24},{"not_picked":["Setup+1","Backflip"],"picked":"Dash","floor":27},{"not_picked":["Cloak And Dagger","Dodge and Roll+1"],"picked":"Distraction+1","floor":31},{"not_picked":["Burst","Malaise"],"picked":"Corpse Explosion","floor":33},{"not_picked":["Blade Dance+1","Quick Slash+1"],"picked":"Poisoned Stab+1","floor":35},{"not_picked":["Dodge and Roll+1","Backstab+1"],"picked":"Acrobatics+1","floor":37},{"not_picked":["Deadly Poison+1","Underhanded Strike"],"picked":"Predator","floor":39},{"not_picked":["Distraction","PiercingWail","All Out Attack+1"],"picked":"SKIP","floor":41},{"not_picked":["Quick Slash+1","Underhanded Strike","Riddle With Holes+1"],"picked":"SKIP","floor":44},{"not_picked":["Deflect","Bane+1","Dagger Throw+1"],"picked":"SKIP","floor":45},{"not_picked":["Slice","Flechettes","Prepared+1"],"picked":"SKIP","floor":47}],"player_experience":773535,"relics_obtained":[{"floor":6,"key":"Blue Candle"},{"floor":9,"key":"Snake Skull"},{"floor":12,"key":"Girya"},{"floor":26,"key":"Ornamental Fan"}],"event_choices":[{"damage_healed":0,"gold_gain":0,"player_choice":"Grow","damage_taken":0,"max_hp_gain":0,"max_hp_loss":0,"event_name":"Living Wall","floor":5,"gold_loss":0,"cards_upgraded":["Footwork"]},{"damage_healed":0,"gold_gain":0,"player_choice":"2 cards matched","damage_taken":0,"max_hp_gain":0,"max_hp_loss":0,"event_name":"Match and Keep!","floor":7,"gold_loss":0,"cards_obtained":["Mind Blast","Backflip"]},{"damage_healed":0,"gold_gain":0,"player_choice":"Donut","damage_taken":0,"max_hp_gain":5,"max_hp_loss":0,"event_name":"Big Fish","floor":11,"gold_loss":0},{"cards_removed":["Bane"],"damage_healed":5,"gold_gain":0,"player_choice":"Offered Common","damage_taken":0,"max_hp_gain":0,"max_hp_loss":0,"event_name":"Bonfire Elementals","floor":29,"gold_loss":0},{"cards_removed":["Bane"],"damage_healed":5,"gold_gain":0,"player_choice":"Offered Special","damage_taken":0,"max_hp_gain":0,"max_hp_loss":0,"event_name":"Bonfire Elementals","floor":29,"gold_loss":0},{"damage_healed":19,"gold_gain":0,"player_choice":"Writhe","damage_taken":0,"max_hp_gain":0,"max_hp_loss":0,"event_name":"Winding Halls","floor":46,"gold_loss":0,"cards_obtained":["Writhe"]},{"cards_removed":["Corpse Explosion"],"damage_healed":0,"gold_gain":0,"player_choice":"Removed Skill","damage_taken":0,"max_hp_gain":0,"max_hp_loss":0,"event_name":"Falling","floor":48,"gold_loss":0}],"is_beta":true,"boss_relics":[{"not_picked":["Velvet Choker","Snecko Eye"],"picked":"Fusion Hammer"},{"not_picked":["Astrolabe","White Beast Statue"],"picked":"Lizard Tail"}],"items_purged_floors":[],"is_endless":false,"potions_floor_spawned":[2,6,16,21,22,27,31,33,35,37,47],"killed_by":"Awakened One","ascension_level":0}