{"gold_per_floor":[10,85,96,146,158,158,190,160,160,173,173,2,2,2,2,79,79,93,106,2,2],"floor_reached":21,"playtime":938,"items_purged":[],"score":358,"play_id":"d10e9e7e-8e6d-43b7-b0d9-ce8a4b630483","local_time":"20190311220805","is_ascension_mode":true,"campfire_choices":[{"data":"Static Discharge","floor":6.0,"key":"SMITH"},{"floor":13.0,"key":"REST"},{"data":"Zap","floor":15.0,"key":"SMITH"}],"neow_cost":"NO_GOLD","seed_source_timestamp":824737209679949,"circlet_count":0,"master_deck":["AscendersBane","Strike_B","Strike_B","Strike_B","Defend_B","Defend_B+1","Defend_B","Defend_B","Zap+1","Dualcast+1","Sweeping Beam","Machine Learning","Static Discharge+1","Ball Lightning","Leap","Cold Snap","Electrodynamics","Redo","Loop","Defragment","Cold Snap"],"special_seed":0,"relics":["Cracked Core","Turnip","Art of War","War Paint","Bronze Scales","Velvet Choker"],"potions_floor_usage":[],"damage_taken":[{"damage":0.0,"enemies":"Cultist","floor":1.0,"turns":4.0},{"damage":2.0,"enemies":"Jaw Worm","floor":3.0,"turns":3.0},{"damage":0.0,"enemies":"Small Slimes","floor":5.0,"turns":3.0},{"damage":30.0,"enemies":"3 Sentries","floor":7.0,"turns":6.0},{"damage":17.0,"enemies":"Exordium Thugs","floor":8.0,"turns":5.0},{"damage":3.0,"enemies":"Lots of Slimes","floor":10.0,"turns":3.0},{"damage":13.0,"enemies":"Hexaghost","floor":16.0,"turns":10.0},{"damage":22.0,"enemies":"Chosen","floor":18.0,"turns":3.0},{"damage":1.0,"enemies":"Spheric Guardian","floor":19.0,"turns":3.0},{"damage":37,"enemies":"Shelled Parasite and Fungi","floor":21,"turns":3}],"seed_played":"1219934072061111800","potions_obtained":[{"floor":5.0,"key":"Swift Potion"},{"floor":8.0,"key":"EssenceOfSteel"},{"floor":10.0,"key":"Energy Potion"},{"floor":18.0,"key":"Swift Potion"}],"is_trial":false,"path_per_floor":["M","?","M","?","M","R","E","M","T","M","?","$","R","$","R","B",null,"M","M","$","M"],"character_chosen":"DEFECT","items_purchased":["Bronze Scales","Defragment","Cold Snap"],"campfire_rested":1,"item_purchase_floors":[12,20,20],"current_hp_per_floor":[64,53,51,51,51,51,21,4,4,1,1,1,22,22,22,9,56,34,33,33,0],"gold":2,"neow_bonus":"ONE_RARE_RELIC","is_prod":false,"is_daily":false,"chose_seed":false,"campfire_upgraded":2,"win_rate":0,"timestamp":1552360085,"path_taken":["M","?","M","?","M","R","E","?","T","M","?","$","R","?","R","BOSS","M","?","$","M"],"build_version":"2019-01-23","purchased_purges":0,"victory":false,"max_hp_per_floor":[71,71,71,71,71,71,71,71,71,71,71,71,71,71,71,71,71,71,71,71,71],"card_choices":[{"not_picked":["Gash","Rebound"],"picked":"Sweeping Beam","floor":1.0},{"not_picked":["Scrape","Beam Cell"],"picked":"Machine Learning","floor":3.0},{"not_picked":["Rebound","Chaos"],"picked":"Static Discharge","floor":5.0},{"not_picked":["Sweeping Beam","Coolheaded"],"picked":"Ball Lightning","floor":7.0},{"not_picked":["Tempest","Compile Driver"],"picked":"Leap","floor":8.0},{"not_picked":["Static Discharge","Recycle","Storm"],"picked":"SKIP","floor":10.0},{"not_picked":["Buffer","Fission"],"picked":"Electrodynamics","floor":16.0},{"not_picked":["White Noise","Beam Cell"],"picked":"Redo","floor":18.0},{"not_picked":["Rebound","Rip and Tear"],"picked":"Loop","floor":19.0}],"player_experience":750462,"relics_obtained":[{"floor":7.0,"key":"Art of War"},{"floor":9.0,"key":"War Paint"}],"event_choices":[{"damage_healed":0.0,"max_hp_gain":0.0,"max_hp_loss":0.0,"gold_gain":75.0,"event_name":"World of Goop","player_choice":"Gather Gold","floor":2.0,"gold_loss":0.0,"damage_taken":11.0},{"damage_healed":0.0,"max_hp_gain":0.0,"max_hp_loss":0.0,"gold_gain":50.0,"event_name":"Golden Shrine","player_choice":"Pray","floor":4.0,"gold_loss":0.0,"damage_taken":0.0},{"damage_healed":0.0,"max_hp_gain":0.0,"max_hp_loss":0.0,"gold_gain":0.0,"cards_transformed":["Strike_B"],"event_name":"Transmorgrifier","player_choice":"Transformed","floor":11.0,"gold_loss":0.0,"damage_taken":0.0,"cards_obtained":["Cold Snap"]}],"is_beta":false,"boss_relics":[{"not_picked":["Lizard Tail","Calling Bell"],"picked":"Velvet Choker"}],"items_purged_floors":[],"is_endless":false,"potions_floor_spawned":[5,8,10,18],"killed_by":"Shelled Parasite and Fungi","ascension_level":20}