{"gold_per_floor":[114,130,145,157,173,173,206,44,44,61,61,76,109,109,109,205,205,223,240,21,21,21,53,53,88,114,114,148,148,148,159,159,261,261,276,295,309,325,345,345,380,380,380,190,201,220,252,303,303,303],"floor_reached":51,"playtime":3526,"items_purged":["Strike_R","Defend_R"],"score":1294,"play_id":"5eb7edb1-a716-4491-96f7-fe785a545d39","local_time":"20190327093003","is_ascension_mode":true,"campfire_choices":[{"data":"Uppercut","floor":6.0,"key":"SMITH"},{"data":"Feed","floor":11.0,"key":"SMITH"},{"data":"Bludgeon","floor":15.0,"key":"SMITH"},{"floor":27.0,"key":"REST"},{"floor":29.0,"key":"REST"},{"data":"Shrug It Off","floor":32.0,"key":"SMITH"},{"floor":40,"key":"REST"},{"floor":42,"key":"REST"},{"floor":49,"key":"REST"}],"neow_cost":"NONE","seed_source_timestamp":515857192533600,"circlet_count":0,"master_deck":["AscendersBane","Strike_R","Strike_R","Strike_R","Defend_R","Defend_R","Defend_R","Bash+1","Metallicize","Anger","Cleave","Uppercut+1","Headbutt","Anger","Feed+1","Power Through","Bludgeon+1","Spot Weakness","Exhume","Inflame+1","Armaments+1","Shrug It Off+1","Metallicize","Cleave+1","Shame","Metallicize","Feed","Sword Boomerang","Offering","True Grit+1","Metallicize","True Grit","Limit Break","Combust+1","Shrug It Off","Battle Trance+1","Battle Trance"],"special_seed":0,"relics":["Burning Blood","Art of War","Gambling Chip","Darkstone Periapt","Mark of Pain","Calipers","Torii","Incense Burner","Lantern","Pantograph","MutagenicStrength","Fusion Hammer","Strawberry","Frozen Egg 2","Happy Flower","Magic Flower"],"potions_floor_usage":[35,50,50,50],"damage_taken":[{"damage":1.0,"enemies":"Cultist","floor":1.0,"turns":3.0},{"damage":9.0,"enemies":"Small Slimes","floor":2.0,"turns":5.0},{"damage":7.0,"enemies":"2 Louse","floor":3.0,"turns":2.0},{"damage":9.0,"enemies":"2 Fungi Beasts","floor":4.0,"turns":4.0},{"damage":2.0,"enemies":"Blue Slaver","floor":5.0,"turns":5.0},{"damage":33.0,"enemies":"3 Sentries","floor":7.0,"turns":7.0},{"damage":11.0,"enemies":"3 Louse","floor":10.0,"turns":3.0},{"damage":3.0,"enemies":"Looter","floor":12.0,"turns":4.0},{"damage":0.0,"enemies":"Lagavulin","floor":13.0,"turns":3.0},{"damage":35.0,"enemies":"Slime Boss","floor":16.0,"turns":6.0},{"damage":12.0,"enemies":"Shell Parasite","floor":18.0,"turns":3.0},{"damage":4.0,"enemies":"3 Byrds","floor":19.0,"turns":3.0},{"damage":17.0,"enemies":"Book of Stabbing","floor":23.0,"turns":5.0},{"damage":44.0,"enemies":"Slavers","floor":25.0,"turns":8.0},{"damage":59.0,"enemies":"Gremlin Leader","floor":28.0,"turns":6.0},{"damage":0.0,"enemies":"Snecko","floor":31.0,"turns":2.0},{"damage":60,"enemies":"Collector","floor":33,"turns":11},{"damage":7,"enemies":"3 Darklings","floor":35,"turns":6},{"damage":0,"enemies":"3 Shapes","floor":36,"turns":11},{"damage":27,"enemies":"Writhing Mass","floor":37,"turns":8},{"damage":24,"enemies":"Spire Growth","floor":38,"turns":6},{"damage":12,"enemies":"Jaw Worm Horde","floor":39,"turns":3},{"damage":52,"enemies":"Giant Head","floor":41,"turns":7},{"damage":15,"enemies":"4 Shapes","floor":45,"turns":8},{"damage":7,"enemies":"Maw","floor":46,"turns":7},{"damage":19,"enemies":"Reptomancer","floor":47,"turns":4},{"damage":21,"enemies":"2 Orb Walkers","floor":48,"turns":4},{"damage":32,"enemies":"Donu and Deca","floor":50,"turns":11}],"seed_played":"-7617670389080256113","potions_obtained":[{"floor":3.0,"key":"LiquidBronze"},{"floor":7.0,"key":"AttackPotion"},{"floor":13.0,"key":"Fire Potion"},{"floor":16.0,"key":"SteroidPotion"},{"floor":23.0,"key":"FairyPotion"},{"floor":28.0,"key":"GamblersBrew"},{"floor":31.0,"key":"Ancient Potion"},{"floor":33,"key":"Fire Potion"},{"floor":37,"key":"Regen Potion"},{"floor":45,"key":"Swift Potion"}],"is_trial":false,"path_per_floor":["M","M","M","M","M","R","E","$","T","M","R","M","E","?","R","B",null,"M","M","$","?","$","E","?","E","T","R","E","R","?","M","R","B",null,"M","M","M","M","M","R","E","R","T","$","M","M","E","?","R","B",null],"character_chosen":"IRONCLAD","items_purchased":["Feed","Shrug It Off","Metallicize","Weak Potion","SpeedPotion","Combust+1"],"campfire_rested":5,"item_purchase_floors":[8,20,20,20,44,44],"current_hp_per_floor":[77,74,73,70,74,74,47,47,47,45,45,52,58,58,58,33,77,71,77,77,77,77,70,76,42,42,74,21,53,53,63,63,34,93,96,106,85,67,65,102,63,102,102,102,100,103,94,83,128,134],"gold":303,"neow_bonus":"UPGRADE_CARD","is_prod":false,"is_daily":false,"chose_seed":false,"campfire_upgraded":4,"win_rate":1,"timestamp":1553704203,"path_taken":["M","M","M","M","?","R","E","$","T","M","R","M","E","?","R","BOSS","M","M","$","?","$","E","?","E","T","R","E","R","?","M","R","BOSS","M","M","M","M","M","R","E","R","T","$","M","M","E","?","R","BOSS"],"build_version":"2019-01-23","purchased_purges":2,"victory":true,"max_hp_per_floor":[80,80,80,80,80,80,80,80,80,83,83,87,87,87,87,91,91,91,95,95,95,95,99,105,109,109,109,109,109,109,113,113,113,113,117,121,121,121,125,125,132,132,132,132,139,143,147,151,151,155],"card_choices":[{"not_picked":["Pommel Strike","Dual Wield"],"picked":"Metallicize","floor":1.0},{"not_picked":["Searing Blow","Wild Strike"],"picked":"Anger","floor":2.0},{"not_picked":["Body Slam","Reckless Charge"],"picked":"Cleave","floor":3.0},{"not_picked":["Heavy Blade","Flex"],"picked":"Uppercut","floor":4.0},{"not_picked":["Cleave","Iron Wave"],"picked":"Headbutt","floor":5.0},{"not_picked":["Wild Strike","Body Slam"],"picked":"Anger","floor":7.0},{"not_picked":["Flex","Seeing Red"],"picked":"Power Through","floor":10.0},{"not_picked":["Flex","Heavy Blade"],"picked":"Bludgeon","floor":12.0},{"not_picked":["Sentinel","Shockwave"],"picked":"Spot Weakness","floor":13.0},{"not_picked":["Fiend Fire","Juggernaut"],"picked":"Exhume","floor":16.0},{"not_picked":["Pommel Strike","Sword Boomerang"],"picked":"Inflame+1","floor":18.0},{"not_picked":["Shrug It Off","Wild Strike+1"],"picked":"Armaments+1","floor":19.0},{"not_picked":["Clash+1","Dark Embrace"],"picked":"Cleave+1","floor":23.0},{"not_picked":["Sword Boomerang","Heavy Blade"],"picked":"Metallicize","floor":25.0},{"not_picked":["Reckless Charge","Iron Wave"],"picked":"Feed","floor":28.0},{"not_picked":["Warcry","Havoc+1"],"picked":"Sword Boomerang","floor":31.0},{"not_picked":["Juggernaut","Double Tap"],"picked":"Offering","floor":33},{"not_picked":["Feel No Pain","Shrug It Off"],"picked":"True Grit+1","floor":35},{"not_picked":["Sentinel","Sword Boomerang+1"],"picked":"Metallicize","floor":36},{"not_picked":["Seeing Red+1","Body Slam+1","Bloodletting"],"picked":"SKIP","floor":37},{"not_picked":["Carnage+1","Seeing Red"],"picked":"True Grit","floor":38},{"not_picked":["Iron Wave+1","Feel No Pain"],"picked":"Limit Break","floor":39},{"not_picked":["Reckless Charge","Anger","Fire Breathing+1"],"picked":"SKIP","floor":41},{"not_picked":["Shockwave+1","Headbutt+1","Body Slam+1"],"picked":"SKIP","floor":45},{"not_picked":["Sword Boomerang+1","Searing Blow"],"picked":"Shrug It Off","floor":46},{"not_picked":["Cleave","Warcry"],"picked":"Battle Trance+1","floor":47},{"not_picked":["Shockwave","Sword Boomerang+1"],"picked":"Battle Trance","floor":48}],"player_experience":132781,"relics_obtained":[{"floor":7.0,"key":"Art of War"},{"floor":9.0,"key":"Gambling Chip"},{"floor":13.0,"key":"Darkstone Periapt"},{"floor":23.0,"key":"Calipers"},{"floor":25.0,"key":"Incense Burner"},{"floor":26.0,"key":"Lantern"},{"floor":28.0,"key":"Pantograph"},{"floor":41,"key":"Strawberry"},{"floor":43,"key":"Frozen Egg 2"},{"floor":47,"key":"Happy Flower"},{"floor":48,"key":"Magic Flower"}],"event_choices":[{"cards_removed":["Strike_R"],"damage_healed":0.0,"max_hp_gain":0.0,"max_hp_loss":0.0,"gold_gain":0.0,"event_name":"Purifier","player_choice":"Purged","floor":14.0,"gold_loss":0.0,"damage_taken":0.0},{"damage_healed":0.0,"max_hp_gain":0.0,"max_hp_loss":0.0,"gold_gain":0.0,"event_name":"Beggar","player_choice":"Ignored","floor":21.0,"gold_loss":0.0,"damage_taken":0.0},{"damage_healed":0.0,"max_hp_gain":0.0,"max_hp_loss":0.0,"gold_gain":0.0,"event_name":"Addict","player_choice":"Stole Relic","floor":24.0,"gold_loss":0.0,"damage_taken":0.0,"relics_obtained":["Torii"],"cards_obtained":["Shame"]},{"damage_healed":0.0,"max_hp_gain":0.0,"max_hp_loss":0.0,"gold_gain":0.0,"event_name":"Drug Dealer","player_choice":"Inject Mutagens","floor":30.0,"gold_loss":0.0,"damage_taken":0.0,"relics_obtained":["MutagenicStrength"]},{"damage_healed":0,"gold_gain":0,"player_choice":"Fight","damage_taken":0,"max_hp_gain":0,"max_hp_loss":0,"event_name":"Mysterious Sphere","floor":48,"gold_loss":0}],"is_beta":false,"boss_relics":[{"not_picked":["White Beast Statue","Coffee Dripper"],"picked":"Mark of Pain"},{"not_picked":["Black Star","Philosopher\u0027s Stone"],"picked":"Fusion Hammer"}],"items_purged_floors":[20,44],"is_endless":false,"potions_floor_spawned":[3,7,13,16,23,28,31,33,37,45,48],"ascension_level":10}