{"gold_per_floor":[109,59,76,93,108,108,142,142,142,173,185,204,217,26,26,144,144,163,78,78,95,95,95,129,129,129,146,162,15,15,115,115,215,215,234,248,248,261,41,41,58,58,58,69,80,100,100,110,110,110],"floor_reached":51,"playtime":9689,"items_purged":["Strike_G","Writhe"],"score":683,"play_id":"443d34ab-2e06-4293-b70c-88a4374a5f6a","local_time":"20190319130021","is_ascension_mode":false,"campfire_choices":[{"data":"Footwork","floor":6.0,"key":"SMITH"},{"data":"Neutralize","floor":8.0,"key":"SMITH"},{"data":"Tactician","floor":15.0,"key":"SMITH"},{"floor":23.0,"key":"REST"},{"floor":25.0,"key":"REST"},{"floor":30.0,"key":"REST"},{"floor":32.0,"key":"REST"},{"data":"Tactician","floor":40,"key":"SMITH"},{"floor":42,"key":"REST"},{"floor":47,"key":"REST"},{"floor":49,"key":"REST"}],"neow_cost":"NONE","seed_source_timestamp":0,"circlet_count":0,"master_deck":["Defend_G","Defend_G","Defend_G","Defend_G","Defend_G","Strike_G","Strike_G","Strike_G","Survivor","Neutralize+1","Slice","Footwork+1","Acrobatics","PiercingWail","Backflip","Dagger Throw","Caltrops+1","Tactician+1","Eviscerate","Magnetism+1","Wraith Form v2+1","Footwork+1","Flash of Steel","Crippling Poison+1","Well Laid Plans+1","Pain","Burst","Prepared+1","Noxious Fumes+1","Backflip","Terror+1","Leg Sweep+1","Parasite","Tactician+1","Noxious Fumes+1","Poisoned Stab+1","Injury","Deflect+1","Calculated Gamble+1","Caltrops+1","Escape Plan"],"special_seed":0,"relics":["Ring of the Snake","Lantern","Bottled Flame","Frozen Egg 2","Ninja Scroll","Cursed Key","Blue Candle","Nilry\u0027s Codex","Snake Skull","Strawberry","Peace Pipe","Meat on the Bone","Lizard Tail","Shuriken"],"potions_floor_usage":[50,50],"damage_taken":[{"damage":0.0,"enemies":"Small Slimes","floor":1.0,"turns":3.0},{"damage":1.0,"enemies":"Jaw Worm","floor":3.0,"turns":5.0},{"damage":2.0,"enemies":"Cultist","floor":4.0,"turns":5.0},{"damage":0.0,"enemies":"Blue Slaver","floor":5.0,"turns":6.0},{"damage":4.0,"enemies":"Lagavulin","floor":7.0,"turns":11.0},{"damage":21.0,"enemies":"3 Sentries","floor":10.0,"turns":9.0},{"damage":0.0,"enemies":"Exordium Wildlife","floor":11.0,"turns":5.0},{"damage":0.0,"enemies":"3 Louse","floor":12.0,"turns":3.0},{"damage":0.0,"enemies":"Exordium Thugs","floor":13.0,"turns":4.0},{"damage":11.0,"enemies":"The Guardian","floor":16.0,"turns":11.0},{"damage":12.0,"enemies":"3 Byrds","floor":18.0,"turns":5.0},{"damage":12.0,"enemies":"Spheric Guardian","floor":21.0,"turns":4.0},{"damage":30.0,"enemies":"Book of Stabbing","floor":24.0,"turns":6.0},{"damage":0.0,"enemies":"Snecko","floor":27.0,"turns":5.0},{"damage":2.0,"enemies":"Centurion and Healer","floor":28.0,"turns":7.0},{"damage":14.0,"enemies":"Colosseum Slavers","floor":31.0,"turns":4.0},{"damage":9.0,"enemies":"Colosseum Nobs","floor":31.0,"turns":5.0},{"damage":9.0,"enemies":"Champ","floor":33.0,"turns":9.0},{"damage":20,"enemies":"3 Darklings","floor":35,"turns":4},{"damage":1,"enemies":"3 Shapes","floor":36,"turns":4},{"damage":16,"enemies":"Writhing Mass","floor":38,"turns":7},{"damage":23,"enemies":"3 Darklings","floor":41,"turns":6},{"damage":27,"enemies":"Maw","floor":44,"turns":7},{"damage":21,"enemies":"Spire Growth","floor":45,"turns":4},{"damage":1,"enemies":"4 Shapes","floor":46,"turns":4},{"damage":8,"enemies":"3 Darklings","floor":48,"turns":5},{"damage":111,"enemies":"Awakened One","floor":50,"turns":13}],"seed_played":"-3534071532367542436","potions_obtained":[{"floor":3.0,"key":"PowerPotion"},{"floor":4.0,"key":"PowerPotion"},{"floor":7.0,"key":"PowerPotion"},{"floor":11.0,"key":"Poison Potion"},{"floor":18.0,"key":"Fruit Juice"},{"floor":24.0,"key":"SteroidPotion"},{"floor":28.0,"key":"EssenceOfSteel"},{"floor":41,"key":"FearPotion"},{"floor":44,"key":"SpeedPotion"},{"floor":48,"key":"FearPotion"}],"is_trial":false,"path_per_floor":["M","?","M","M","M","R","E","R","T","E","M","M","M","$","R","B",null,"M","?","?","M","?","R","E","R","T","M","M","$","R","?","R","B",null,"M","M","?","M","$","R","M","R","T","M","M","M","R","M","R","B",null],"character_chosen":"THE_SILENT","items_purchased":["Magnetism+1","Noxious Fumes+1","Tactician","Noxious Fumes+1"],"campfire_rested":7,"item_purchase_floors":[14,29,39,39],"current_hp_per_floor":[70,70,69,67,67,67,63,63,63,42,42,42,42,42,42,31,70,58,58,44,32,16,42,12,34,41,41,39,39,63,40,64,55,82,62,61,82,66,66,66,43,67,67,52,43,42,66,58,82,29],"gold":110,"neow_bonus":"RANDOM_COMMON_RELIC","is_prod":false,"is_daily":false,"chose_seed":false,"campfire_upgraded":4,"win_rate":0.0,"timestamp":1553000421,"path_taken":["M","?","M","M","M","R","E","R","T","E","M","M","M","$","R","BOSS","M","?","?","?","?","R","E","R","T","M","M","?","R","?","R","BOSS","M","M","?","M","$","R","M","R","T","M","M","M","R","M","R","BOSS"],"build_version":"2019-01-23","purchased_purges":2,"victory":true,"max_hp_per_floor":[70,70,70,70,70,70,70,70,70,70,70,70,70,70,70,70,70,70,70,70,70,70,75,75,75,82,82,82,82,82,82,82,82,82,82,82,82,82,82,82,82,82,82,82,82,82,82,82,82,82],"card_choices":[{"not_picked":["Flying Knee","Prepared"],"picked":"Slice","floor":1.0},{"not_picked":["Blur","Slice"],"picked":"Footwork","floor":3.0},{"not_picked":["Deflect","Slice"],"picked":"Acrobatics","floor":4.0},{"not_picked":["Flying Knee","Acrobatics"],"picked":"PiercingWail","floor":5.0},{"not_picked":["Skewer","Terror"],"picked":"Backflip","floor":7.0},{"not_picked":["Riddle With Holes","Bouncing Flask"],"picked":"Dagger Throw","floor":10.0},{"not_picked":["Outmaneuver","Prepared"],"picked":"Caltrops+1","floor":11.0},{"not_picked":["Endless Agony","Backflip"],"picked":"Tactician","floor":12.0},{"not_picked":["Venomology","Dagger Spray"],"picked":"Eviscerate","floor":13.0},{"not_picked":["Malaise","Night Terror"],"picked":"Wraith Form v2+1","floor":16.0},{"not_picked":["Cloak And Dagger+1","Quick Slash"],"picked":"Footwork+1","floor":18.0},{"not_picked":["Underhanded Strike","Masterful Stab"],"picked":"Crippling Poison+1","floor":21.0},{"not_picked":["Escape Plan","Bane"],"picked":"Well Laid Plans+1","floor":24.0},{"not_picked":["Expertise","Crippling Poison"],"picked":"Burst","floor":27.0},{"not_picked":["PiercingWail","Cloak And Dagger"],"picked":"Prepared+1","floor":28.0},{"not_picked":["Deadly Poison","Endless Agony"],"picked":"Backflip","floor":31.0},{"not_picked":["Heel Hook","Prepared"],"picked":"Terror+1","floor":35},{"not_picked":["Masterful Stab","Poisoned Stab"],"picked":"Leg Sweep+1","floor":36},{"not_picked":["Prepared","Expertise+1","Skewer"],"picked":"SKIP","floor":38},{"not_picked":["Dagger Spray+1","Dagger Throw"],"picked":"Poisoned Stab+1","floor":41},{"not_picked":["Caltrops+1","Poisoned Stab"],"picked":"Deflect+1","floor":44},{"not_picked":["PiercingWail+1","Poisoned Stab"],"picked":"Calculated Gamble+1","floor":45},{"not_picked":["Quick Slash+1","Blade Dance"],"picked":"Caltrops+1","floor":46},{"not_picked":["Flechettes","Flying Knee+1"],"picked":"Escape Plan","floor":48}],"player_experience":65452,"relics_obtained":[{"floor":7.0,"key":"Bottled Flame"},{"floor":9.0,"key":"Frozen Egg 2"},{"floor":10.0,"key":"Ninja Scroll"},{"floor":22.0,"key":"Nilry\u0027s Codex"},{"floor":24.0,"key":"Snake Skull"},{"floor":26.0,"key":"Strawberry"},{"floor":31.0,"key":"Peace Pipe"},{"floor":31.0,"key":"Meat on the Bone"},{"floor":43,"key":"Shuriken"}],"event_choices":[{"cards_removed":["Strike_G"],"damage_healed":0.0,"max_hp_gain":0.0,"max_hp_loss":0.0,"gold_gain":0.0,"event_name":"The Cleric","player_choice":"Card Removal","floor":2.0,"gold_loss":50.0,"damage_taken":0.0},{"damage_healed":0.0,"max_hp_gain":0.0,"max_hp_loss":0.0,"gold_gain":0.0,"event_name":"Addict","player_choice":"Obtained Relic","floor":19.0,"gold_loss":85.0,"damage_taken":0.0,"relics_obtained":["Blue Candle"]},{"damage_healed":0.0,"max_hp_gain":0.0,"max_hp_loss":0.0,"gold_gain":0.0,"event_name":"Knowing Skull","player_choice":"CARD ","floor":20.0,"potions_obtained":[],"gold_loss":0.0,"damage_taken":14.0,"cards_obtained":["Flash of Steel"]},{"damage_healed":0.0,"max_hp_gain":0.0,"max_hp_loss":0.0,"gold_gain":0.0,"event_name":"Cursed Tome","player_choice":"Obtained Book","floor":22.0,"gold_loss":0.0,"damage_taken":16.0},{"damage_healed":0.0,"max_hp_gain":0.0,"max_hp_loss":0.0,"gold_gain":0.0,"event_name":"Colosseum","player_choice":"Fight","floor":31.0,"gold_loss":0.0,"damage_taken":0.0},{"damage_healed":0.0,"max_hp_gain":0.0,"max_hp_loss":0.0,"gold_gain":0.0,"event_name":"Colosseum","player_choice":"Fought Nobs","floor":31.0,"gold_loss":0.0,"damage_taken":0.0},{"damage_healed":21,"gold_gain":0,"player_choice":"Writhe","damage_taken":0,"max_hp_gain":0,"max_hp_loss":0,"event_name":"Winding Halls","floor":37,"gold_loss":0,"cards_obtained":["Writhe"]}],"is_beta":false,"boss_relics":[{"not_picked":["Runic Pyramid","Fusion Hammer"],"picked":"Cursed Key"},{"not_picked":["Ring of the Serpent","Eternal Feather"],"picked":"Lizard Tail"}],"items_purged_floors":[29,39],"is_endless":false,"potions_floor_spawned":[3,4,7,11,18,24,28,41,44,48],"ascension_level":0}