{"gold_per_floor":[110,130,140,140,154,186,186,212,212,243,254,254,179,179,179,254,254,254,254,254,254,81,81,81,81,81,81,81,81,81,81,81,81],"floor_reached":33,"playtime":1822,"items_purged":["Strike_R"],"score":654,"play_id":"aaea79d5-9dbf-40c2-bd70-d0e18cce5053","local_time":"20190311085108","is_ascension_mode":true,"campfire_choices":[{"floor":7.0,"key":"REST"},{"data":"Immolate","floor":12.0,"key":"SMITH"},{"data":"Bludgeon","floor":15.0,"key":"SMITH"},{"floor":24.0,"key":"REST"},{"data":"Double Tap","floor":30.0,"key":"SMITH"},{"data":"Shockwave","floor":32.0,"key":"SMITH"}],"neow_cost":"TEN_PERCENT_HP_LOSS","seed_source_timestamp":774348287972004,"circlet_count":0,"master_deck":["AscendersBane","Strike_R","Strike_R","Strike_R","Strike_R","Defend_R","Defend_R","Defend_R+1","Defend_R","Bash","Bludgeon+1","Rampage","Anger","Cleave","Immolate+1","Thunderclap","Immolate","Shockwave+1","Disarm+1","Double Tap+1","Power Through+1","Headbutt","Headbutt"],"special_seed":0,"relics":["Burning Blood","Kunai","Pantograph","Singing Bowl","Vajra","Blue Candle","Ectoplasm","Red Skull","Frozen Egg 2","Dream Catcher","War Paint"],"potions_floor_usage":[33,33],"damage_taken":[{"damage":12.0,"enemies":"Jaw Worm","floor":1.0,"turns":2.0},{"damage":9.0,"enemies":"Small Slimes","floor":2.0,"turns":4.0},{"damage":0.0,"enemies":"Cultist","floor":3.0,"turns":2.0},{"damage":29.0,"enemies":"Exordium Wildlife","floor":5.0,"turns":4.0},{"damage":25.0,"enemies":"3 Sentries","floor":6.0,"turns":6.0},{"damage":25.0,"enemies":"Lagavulin","floor":8.0,"turns":5.0},{"damage":6.0,"enemies":"Gremlin Nob","floor":10.0,"turns":3.0},{"damage":15.0,"enemies":"Large Slime","floor":11.0,"turns":4.0},{"damage":16.0,"enemies":"Slime Boss","floor":16.0,"turns":8.0},{"damage":16.0,"enemies":"Shell Parasite","floor":18.0,"turns":2.0},{"damage":0.0,"enemies":"2 Thieves","floor":19.0,"turns":1.0},{"damage":11.0,"enemies":"Sentry and Sphere","floor":20.0,"turns":4.0},{"damage":34.0,"enemies":"Book of Stabbing","floor":23.0,"turns":3.0},{"damage":21.0,"enemies":"Gremlin Leader","floor":25.0,"turns":5.0},{"damage":0.0,"enemies":"Chosen and Byrds","floor":27.0,"turns":3.0},{"damage":0.0,"enemies":"3 Cultists","floor":28.0,"turns":4.0},{"damage":27.0,"enemies":"Book of Stabbing","floor":29.0,"turns":4.0},{"damage":14.0,"enemies":"Snake Plant","floor":31.0,"turns":3.0},{"damage":66,"enemies":"Champ","floor":33,"turns":7}],"seed_played":"-6186860011716664694","potions_obtained":[{"floor":1.0,"key":"FearPotion"},{"floor":3.0,"key":"Swift Potion"},{"floor":10.0,"key":"Swift Potion"},{"floor":16.0,"key":"PowerPotion"},{"floor":18.0,"key":"SpeedPotion"},{"floor":20.0,"key":"EntropicBrew"},{"floor":27.0,"key":"Regen Potion"},{"floor":31.0,"key":"Weak Potion"}],"is_trial":false,"path_per_floor":["M","M","M","?","M","E","R","E","T","E","M","R","$","?","R","B",null,"M","M","M","?","$","E","R","E","T","M","M","E","R","M","R","B"],"character_chosen":"IRONCLAD","items_purchased":["Red Skull"],"campfire_rested":2,"item_purchase_floors":[22],"current_hp_per_floor":[62,59,65,65,42,23,43,24,24,26,19,19,19,8,8,23,60,50,58,53,46,46,27,49,34,34,42,48,41,41,33,33,0],"gold":81,"neow_bonus":"THREE_RARE_CARDS","is_prod":false,"is_daily":false,"chose_seed":false,"campfire_upgraded":4,"win_rate":0,"timestamp":1552312268,"path_taken":["M","M","M","?","M","E","R","E","T","E","M","R","$","?","R","BOSS","M","M","M","?","$","E","R","E","T","?","M","E","R","M","R","BOSS"],"build_version":"2019-01-23","purchased_purges":1,"victory":false,"max_hp_per_floor":[68,68,68,68,68,68,68,68,68,70,72,72,72,72,72,72,72,72,74,74,74,74,74,74,74,74,76,76,78,78,78,78,78],"card_choices":[{"not_picked":["Demon Form","Exhume"],"picked":"Bludgeon","floor":0.0},{"not_picked":["Power Through","Reckless Charge"],"picked":"Rampage","floor":1.0},{"not_picked":["Perfected Strike","Sever Soul"],"picked":"Anger","floor":2.0},{"not_picked":["Clothesline","Dual Wield"],"picked":"Cleave","floor":3.0},{"not_picked":["Havoc","Inflame"],"picked":"Immolate","floor":5.0},{"not_picked":["Perfected Strike","Heavy Blade","Twin Strike"],"picked":"SKIP","floor":6.0},{"not_picked":["Clothesline","Fire Breathing"],"picked":"Thunderclap","floor":8.0},{"not_picked":["Armaments","Feel No Pain","Clothesline"],"picked":"Singing Bowl","floor":10.0},{"not_picked":["Armaments","Clash","Sword Boomerang"],"picked":"Singing Bowl","floor":11.0},{"not_picked":["Feed","Impervious"],"picked":"Immolate","floor":16.0},{"not_picked":["Infernal Blade","Heavy Blade"],"picked":"Shockwave","floor":18.0},{"not_picked":["Body Slam","Heavy Blade","Clash+1"],"picked":"Singing Bowl","floor":19.0},{"not_picked":["Shockwave","Fire Breathing"],"picked":"Disarm","floor":20.0},{"not_picked":["Clothesline","Heavy Blade"],"picked":"Double Tap","floor":23.0},{"not_picked":["Body Slam","Demon Form+1"],"picked":"Power Through+1","floor":25.0},{"not_picked":["Whirlwind+1","Heavy Blade","Sword Boomerang"],"picked":"Singing Bowl","floor":27.0},{"not_picked":["Feel No Pain+1","Thunderclap"],"picked":"Headbutt","floor":28.0},{"not_picked":["Havoc","Wild Strike","Thunderclap"],"picked":"Singing Bowl","floor":29.0},{"not_picked":["Evolve+1","Thunderclap"],"picked":"Headbutt","floor":31.0}],"player_experience":742726,"relics_obtained":[{"floor":6.0,"key":"Kunai"},{"floor":8.0,"key":"Pantograph"},{"floor":9.0,"key":"Singing Bowl"},{"floor":10.0,"key":"Vajra"},{"floor":23.0,"key":"Frozen Egg 2"},{"floor":25.0,"key":"Dream Catcher"},{"floor":29.0,"key":"War Paint"}],"event_choices":[{"damage_healed":0.0,"max_hp_gain":0.0,"max_hp_loss":0.0,"gold_gain":0.0,"event_name":"Liars Game","player_choice":"Ignored","floor":4.0,"gold_loss":0.0,"damage_taken":0.0},{"damage_healed":0.0,"max_hp_gain":0.0,"max_hp_loss":0.0,"gold_gain":0.0,"event_name":"Scrap Ooze","player_choice":"Success","floor":14.0,"gold_loss":0.0,"damage_taken":11.0,"relics_obtained":["Blue Candle"]},{"damage_healed":0.0,"max_hp_gain":0.0,"max_hp_loss":0.0,"gold_gain":0.0,"event_name":"Knowing Skull","player_choice":"","floor":21.0,"potions_obtained":[],"gold_loss":0.0,"damage_taken":7.0,"cards_obtained":[]}],"is_beta":false,"boss_relics":[{"not_picked":["Mark of Pain","Empty Cage"],"picked":"Ectoplasm"}],"items_purged_floors":[13],"is_endless":false,"potions_floor_spawned":[1,3,10,16,18,20,27,31],"killed_by":"Champ","ascension_level":20}