{"gold_per_floor":[117,42,57,57,57,57,84,100,100,100,130,130,142,172,172,243,243,257,172,172,187,203,203,232,246,246,246,272,272,288,288,288,363,363,376,395,395,406,406,441,441,456,535,546,561,561,590,590,590,590,590,590,590,2,33,33],"floor_reached":57,"playtime":5165,"items_purged":[],"score":2790,"play_id":"394911f8-3d54-46c8-ba38-2ad1ae0105c1","local_time":"20190313084653","is_ascension_mode":true,"campfire_choices":[{"data":"Wraith Form v2","floor":6.0,"key":"SMITH"},{"data":"Noxious Fumes","floor":10.0,"key":"SMITH"},{"data":"Neutralize","floor":12.0,"key":"SMITH"},{"data":"Noxious Fumes","floor":15.0,"key":"SMITH"},{"data":"Footwork","floor":23.0,"key":"SMITH"},{"data":"Malaise","floor":27.0,"key":"SMITH"},{"data":"Malaise","floor":29.0,"key":"SMITH"},{"data":"Noxious Fumes","floor":32.0,"key":"SMITH"},{"floor":41.0,"key":"RECALL"},{"data":"Footwork","floor":46.0,"key":"SMITH"},{"data":"Corpse Explosion","floor":49.0,"key":"SMITH"},{"floor":53.0,"key":"REST"}],"neow_cost":"NONE","seed_source_timestamp":0,"circlet_count":0,"master_deck":["AscendersBane","Defend_G","Defend_G+1","Defend_G","Defend_G","Defend_G+1","Strike_G","Strike_G","Strike_G","Survivor","Neutralize+1","Corpse Explosion","Noxious Fumes+1","Choke","Wraith Form v2+1","Endless Agony","Cloak And Dagger","Noxious Fumes+1","Slice","Backflip","Malaise+1","Dodge and Roll+1","Leg Sweep","Footwork+1","Sucker Punch+1","Malaise+1","Quick Slash","Backflip","Endless Agony","Noxious Fumes+1","Cloak And Dagger","Malaise","Terror","PiercingWail","Decay","PiercingWail+1","Dodge and Roll","Bullet Time","Caltrops+1","Underhanded Strike+1","Footwork+1","Dodge and Roll","Corpse Explosion+1","Dodge and Roll","Catalyst","Blur+1"],"special_seed":0,"relics":["Ring of the Snake","Pantograph","War Paint","Prayer Wheel","Bronze Scales","HoveringKite","Blue Candle","Snake Skull","Tough Bandages","Bag of Marbles","Snecko Eye","Lantern","Frozen Egg 2","Chemical X","Kunai","Blood Vial"],"potions_floor_usage":[56],"damage_taken":[{"damage":0.0,"enemies":"Cultist","floor":1.0,"turns":5.0},{"damage":1.0,"enemies":"Jaw Worm","floor":3.0,"turns":4.0},{"damage":28.0,"enemies":"Gremlin Nob","floor":7.0,"turns":7.0},{"damage":0.0,"enemies":"Small Slimes","floor":8.0,"turns":6.0},{"damage":14.0,"enemies":"Lagavulin","floor":11.0,"turns":7.0},{"damage":3.0,"enemies":"Exordium Thugs","floor":13.0,"turns":6.0},{"damage":2.0,"enemies":"3 Sentries","floor":14.0,"turns":4.0},{"damage":10.0,"enemies":"Hexaghost","floor":16.0,"turns":9.0},{"damage":0.0,"enemies":"2 Thieves","floor":18.0,"turns":4.0},{"damage":5.0,"enemies":"3 Byrds","floor":21.0,"turns":3.0},{"damage":1.0,"enemies":"Snake Plant","floor":22.0,"turns":5.0},{"damage":1.0,"enemies":"Book of Stabbing","floor":24.0,"turns":8.0},{"damage":0.0,"enemies":"Centurion and Healer","floor":25.0,"turns":6.0},{"damage":0.0,"enemies":"Gremlin Leader","floor":28.0,"turns":8.0},{"damage":0.0,"enemies":"Cultist and Chosen","floor":30.0,"turns":7.0},{"damage":40.0,"enemies":"Champ","floor":33.0,"turns":13.0},{"damage":0.0,"enemies":"3 Shapes","floor":35.0,"turns":3.0},{"damage":0.0,"enemies":"Orb Walker","floor":36.0,"turns":4.0},{"damage":1.0,"enemies":"Writhing Mass","floor":38.0,"turns":7.0},{"damage":2.0,"enemies":"Nemesis","floor":40.0,"turns":9.0},{"damage":1.0,"enemies":"Sphere and 2 Shapes","floor":42.0,"turns":3.0},{"damage":0.0,"enemies":"3 Darklings","floor":44.0,"turns":5.0},{"damage":0.0,"enemies":"Jaw Worm Horde","floor":45.0,"turns":4.0},{"damage":16.0,"enemies":"Giant Head","floor":47.0,"turns":10.0},{"damage":33.0,"enemies":"Time Eater","floor":50.0,"turns":15.0},{"damage":54.0,"enemies":"Awakened One","floor":51.0,"turns":17.0},{"damage":17,"enemies":"Shield and Spear","floor":55,"turns":6},{"damage":70,"enemies":"The Heart","floor":56,"turns":9}],"seed_played":"2966384368550301007","potions_obtained":[{"floor":3.0,"key":"SteroidPotion"},{"floor":11.0,"key":"GhostInAJar"},{"floor":13.0,"key":"Swift Potion"},{"floor":16.0,"key":"GamblersBrew"},{"floor":21.0,"key":"AttackPotion"},{"floor":22.0,"key":"AttackPotion"},{"floor":30.0,"key":"GhostInAJar"},{"floor":38.0,"key":"GhostInAJar"}],"is_trial":false,"path_per_floor":["M","?","M","?","?","R","E","M","T","R","E","R","M","E","R","B",null,"M","?","?","M","M","R","E","M","T","R","E","R","M","?","R","B",null,"M","M","?","M","?","E","R","M","T","M","M","R","E","?","R","B","B",null,"R","$","E","B",null],"character_chosen":"THE_SILENT","items_purchased":["Chemical X","Kunai","Catalyst"],"campfire_rested":1,"item_purchase_floors":[54,54,54],"current_hp_per_floor":[59,59,58,63,63,63,35,35,35,35,21,21,18,16,16,31,61,61,61,61,56,55,55,54,54,54,54,54,54,54,34,34,19,62,62,62,62,61,61,59,59,58,58,58,58,58,42,42,42,34,5,58,76,76,59,6],"gold":33,"neow_bonus":"ONE_RANDOM_RARE_CARD","is_prod":false,"is_daily":false,"chose_seed":false,"campfire_upgraded":10,"win_rate":0,"timestamp":1552484813,"path_taken":["M","?","M","?","?","R","E","M","T","R","E","R","?","E","R","BOSS","M","?","?","M","M","R","E","M","T","R","E","R","M","?","R","BOSS","M","M","?","M","?","E","R","M","T","?","M","R","E","?","R","BOSS","BOSS","R","$","E","BOSS"],"build_version":"2019-01-23","purchased_purges":0,"victory":true,"max_hp_per_floor":[66,66,66,71,71,71,71,71,71,71,71,71,71,71,71,71,71,71,71,71,71,71,71,71,71,71,71,71,71,71,76,76,76,76,76,76,76,76,76,76,76,76,76,76,76,76,76,76,76,76,76,76,76,76,76,76],"card_choices":[{"not_picked":["Dagger Throw","Accuracy"],"picked":"Noxious Fumes","floor":1.0},{"not_picked":["Expertise","Reflex"],"picked":"Choke","floor":3.0},{"not_picked":["Outmaneuver","Eviscerate"],"picked":"Endless Agony","floor":7.0},{"not_picked":["Flechettes","Quick Slash"],"picked":"Cloak And Dagger","floor":8.0},{"not_picked":["Choke","Calculated Gamble"],"picked":"Noxious Fumes","floor":11.0},{"not_picked":["Tactician","Corpse Explosion"],"picked":"Slice","floor":13.0},{"not_picked":["Dagger Throw","Calculated Gamble","Blade Dance"],"picked":"SKIP","floor":13.0},{"not_picked":["Dagger Throw","Calculated Gamble","Blade Dance"],"picked":"SKIP","floor":13.0},{"not_picked":["Calculated Gamble","Setup"],"picked":"Backflip","floor":14.0},{"not_picked":["Tools of the Trade","Envenom"],"picked":"Malaise","floor":16.0},{"not_picked":["Deadly Poison","Blur+1"],"picked":"Dodge and Roll+1","floor":18.0},{"not_picked":["Prepared","Deflect","Underhanded Strike"],"picked":"SKIP","floor":18.0},{"not_picked":["Calculated Gamble","Quick Slash"],"picked":"Footwork","floor":21.0},{"not_picked":["Dodge and Roll","Deflect"],"picked":"Sucker Punch+1","floor":21.0},{"not_picked":["Terror","Flying Knee"],"picked":"Malaise","floor":22.0},{"not_picked":["Finisher+1","Sucker Punch","Underhanded Strike"],"picked":"SKIP","floor":22.0},{"not_picked":["Flying Knee","Deflect"],"picked":"Quick Slash","floor":24.0},{"not_picked":["Grand Finale","Infinite Blades"],"picked":"Backflip","floor":25.0},{"not_picked":["Cloak And Dagger","Deadly Poison","Flying Knee"],"picked":"SKIP","floor":25.0},{"not_picked":["Masterful Stab","Bane"],"picked":"Endless Agony","floor":28.0},{"not_picked":["Eviscerate","Tactician"],"picked":"Noxious Fumes","floor":30.0},{"not_picked":["Outmaneuver","Cloak And Dagger","Slice"],"picked":"SKIP","floor":30.0},{"not_picked":["Outmaneuver","Cloak And Dagger","Slice"],"picked":"SKIP","floor":30.0},{"not_picked":["Outmaneuver","Cloak And Dagger","Slice"],"picked":"SKIP","floor":30.0},{"not_picked":["Outmaneuver","Slice"],"picked":"Cloak And Dagger","floor":30.0},{"not_picked":["Glass Knife","A Thousand Cuts"],"picked":"Malaise","floor":33.0},{"not_picked":["Masterful Stab","Deflect"],"picked":"Terror","floor":35.0},{"not_picked":["Deflect","Poisoned Stab","PiercingWail"],"picked":"SKIP","floor":35.0},{"not_picked":["Deflect","Poisoned Stab"],"picked":"PiercingWail","floor":35.0},{"not_picked":["Flying Knee","Escape Plan","Slice"],"picked":"SKIP","floor":36.0},{"not_picked":["Deflect","Riddle With Holes","Cloak And Dagger+1"],"picked":"SKIP","floor":36.0},{"not_picked":["Choke","Acrobatics"],"picked":"PiercingWail+1","floor":38.0},{"not_picked":["Dagger Spray","Noxious Fumes"],"picked":"Dodge and Roll","floor":38.0},{"not_picked":["Backstab","Dodge and Roll"],"picked":"Bullet Time","floor":40.0},{"not_picked":["Noxious Fumes","Dagger Throw"],"picked":"Caltrops+1","floor":42.0},{"not_picked":["Cloak And Dagger","Flying Knee"],"picked":"Underhanded Strike+1","floor":42.0},{"not_picked":["Leg Sweep+1","Cloak And Dagger+1"],"picked":"Footwork","floor":44.0},{"not_picked":["Dagger Spray+1","Expertise+1"],"picked":"Dodge and Roll","floor":44.0},{"not_picked":["Escape Plan","Blade Dance"],"picked":"Corpse Explosion","floor":45.0},{"not_picked":["Poisoned Stab","Eviscerate"],"picked":"Dodge and Roll","floor":45.0},{"not_picked":["Quick Slash+1","Concentrate","Prepared"],"picked":"SKIP","floor":47.0},{"not_picked":["Deadly Poison","Dagger Spray"],"picked":"Blur+1","floor":55}],"player_experience":761691,"relics_obtained":[{"floor":7.0,"key":"Pantograph"},{"floor":9.0,"key":"War Paint"},{"floor":11.0,"key":"Prayer Wheel"},{"floor":14.0,"key":"Bronze Scales"},{"floor":24.0,"key":"Snake Skull"},{"floor":26.0,"key":"Tough Bandages"},{"floor":28.0,"key":"Bag of Marbles"},{"floor":40.0,"key":"Lantern"},{"floor":47.0,"key":"Frozen Egg 2"},{"floor":55,"key":"Blood Vial"}],"event_choices":[{"cards_removed":["Strike_G"],"damage_healed":0.0,"max_hp_gain":0.0,"max_hp_loss":0.0,"gold_gain":0.0,"event_name":"The Cleric","player_choice":"Card Removal","floor":2.0,"gold_loss":75.0,"damage_taken":0.0},{"damage_healed":0.0,"max_hp_gain":5.0,"max_hp_loss":0.0,"gold_gain":0.0,"event_name":"Big Fish","player_choice":"Donut","floor":4.0,"gold_loss":0.0,"damage_taken":0.0},{"damage_healed":0.0,"max_hp_gain":0.0,"max_hp_loss":0.0,"gold_gain":0.0,"cards_transformed":["Strike_G"],"event_name":"Transmorgrifier","player_choice":"Transformed","floor":5.0,"gold_loss":0.0,"damage_taken":0.0,"cards_obtained":["Wraith Form v2"]},{"damage_healed":0.0,"max_hp_gain":0.0,"max_hp_loss":0.0,"gold_gain":0.0,"event_name":"Addict","player_choice":"Obtained Relic","floor":19.0,"gold_loss":85.0,"damage_taken":0.0,"relics_obtained":["Blue Candle"]},{"damage_healed":0.0,"max_hp_gain":0.0,"max_hp_loss":0.0,"gold_gain":0.0,"event_name":"The Library","player_choice":"Read","floor":20.0,"gold_loss":0.0,"damage_taken":0.0,"cards_obtained":["Leg Sweep"]},{"damage_healed":0.0,"max_hp_gain":5.0,"max_hp_loss":0.0,"gold_gain":0.0,"event_name":"Forgotten Altar","player_choice":"Shed Blood","floor":31.0,"gold_loss":0.0,"damage_taken":25.0},{"damage_healed":0.0,"max_hp_gain":0.0,"max_hp_loss":0.0,"gold_gain":0.0,"event_name":"Wheel of Change","player_choice":"Cursed","floor":37.0,"gold_loss":0.0,"damage_taken":0.0,"cards_obtained":["Decay"]},{"damage_healed":0.0,"max_hp_gain":0.0,"max_hp_loss":0.0,"gold_gain":0.0,"event_name":"Lab","player_choice":"Got Potions","floor":39.0,"gold_loss":0.0,"damage_taken":0.0},{"damage_healed":0.0,"max_hp_gain":0.0,"max_hp_loss":0.0,"gold_gain":0.0,"event_name":"Tomb of Lord Red Mask","player_choice":"Ignored","floor":48.0,"gold_loss":0.0,"damage_taken":0.0}],"is_beta":false,"boss_relics":[{"not_picked":["Calling Bell","Pandora\u0027s Box"],"picked":"HoveringKite"},{"not_picked":["Runic Dome","White Beast Statue"],"picked":"Snecko Eye"}],"items_purged_floors":[],"is_endless":false,"potions_floor_spawned":[3,11,13,16,21,22,24,30,33,36,38,45,47,55],"ascension_level":20}