{"gold_per_floor":[112,123,123,5,19,19,38,68,93,110,130,130,130,148,148,245,245,262,13,13,13,31,31,6,6,6,6,23,23],"floor_reached":29,"playtime":1271,"items_purged":[],"score":305,"play_id":"67cbb30f-6545-4515-88ee-f79f54c69d51","local_time":"20180814170500","is_ascension_mode":true,"campfire_choices":[{"data":"Seeing Red","floor":6,"key":"SMITH"},{"data":"Inflame","floor":12,"key":"SMITH"},{"data":"Demon Form","floor":15,"key":"SMITH"},{"data":"Apotheosis","floor":23,"key":"SMITH"},{"data":"Berserk","floor":25,"key":"SMITH"}],"neow_cost":"NONE","seed_source_timestamp":3956878519719158,"circlet_count":0,"master_deck":["Strike_R+1","Strike_R+1","Strike_R+1","Strike_R+1","Strike_R+1","Defend_R+1","Defend_R+1","Defend_R+1","Defend_R+1","Bash","Demon Form+1","Seeing Red+1","Cleave","Pummel","Anger","Exhume","Inflame+1","Shockwave","Warcry","Thunderclap","Berserk+1","Thunderclap+1","Apotheosis+1","Demon Form","Flex","Feel No Pain+1"],"relics":["Burning Blood","Odd Mushroom","War Paint","Mark of Pain","Mummified Hand","Nilry\u0027s Codex"],"potions_floor_usage":[18,22,22],"damage_taken":[{"damage":5,"enemies":"Cultist","floor":1,"turns":4},{"damage":0,"enemies":"2 Louse","floor":2,"turns":3},{"damage":5,"enemies":"Small Slimes","floor":5,"turns":3},{"damage":12,"enemies":"Looter","floor":7,"turns":3},{"damage":18,"floor":8,"turns":4},{"damage":3,"enemies":"3 Louse","floor":10,"turns":3},{"damage":7,"enemies":"2 Fungi Beasts","floor":11,"turns":3},{"damage":11,"enemies":"Looter","floor":14,"turns":2},{"damage":0,"enemies":"Slime Boss","floor":16,"turns":6},{"damage":2,"enemies":"Chosen","floor":18,"turns":4},{"damage":18,"enemies":"3 Byrds","floor":22,"turns":3},{"damage":37,"enemies":"Snake Plant","floor":28,"turns":4},{"damage":23,"enemies":"Centurion and Healer","floor":29,"turns":1}],"seed_played":"2874903395368885499","potions_obtained":[{"floor":5,"key":"SmokeBomb"},{"floor":8,"key":"Explosive Potion"},{"floor":14,"key":"SkillPotion"},{"floor":28,"key":"FearPotion"}],"is_trial":false,"path_per_floor":["M","M","?","$","M","R","M","?","T","M","M","R","?","M","R","B",null,"M","$","?","$","M","R","$","R","T","?","M"],"character_chosen":"IRONCLAD","items_purchased":["Pummel","SkillPotion","Apotheosis","Demon Form","Flex"],"campfire_rested":0,"item_purchase_floors":[4,4,19,19,24],"current_hp_per_floor":[80,80,80,80,80,80,74,62,62,65,64,64,64,59,59,65,80,80,80,80,80,68,68,68,68,68,52,21,0],"gold":23,"neow_bonus":"ONE_RANDOM_RARE_CARD","is_prod":false,"is_daily":false,"chose_seed":false,"campfire_upgraded":5,"win_rate":0,"timestamp":1534262700,"path_taken":["M","M","?","$","M","R","M","?","T","M","M","R","?","M","R","BOSS","M","$","?","$","M","R","$","R","T","?","M","M"],"build_version":"2018-08-09","purchased_purges":0,"victory":false,"max_hp_per_floor":[80,80,80,80,80,80,80,80,80,80,80,80,80,80,80,80,80,80,80,80,80,80,80,80,80,80,80,80,80],"card_choices":[{"not_picked":["Twin Strike","Thunderclap"],"picked":"Seeing Red","floor":1},{"not_picked":["Uppercut","Clothesline"],"picked":"Cleave","floor":2},{"not_picked":["Disarm","Body Slam"],"picked":"Anger","floor":5},{"not_picked":["Twin Strike","Uppercut"],"picked":"Exhume","floor":7},{"not_picked":["Clothesline","Reckless Charge"],"picked":"Inflame","floor":8},{"not_picked":["Iron Wave","Havoc"],"picked":"Shockwave","floor":10},{"not_picked":["Reckless Charge","Headbutt"],"picked":"Warcry","floor":11},{"not_picked":["Burning Pact","Twin Strike"],"picked":"Thunderclap","floor":14},{"not_picked":["Immolate","Offering"],"picked":"Berserk","floor":16},{"not_picked":["Perfected Strike","Sword Boomerang"],"picked":"Thunderclap+1","floor":18},{"not_picked":["Carnage+1","Combust","Warcry"],"picked":"SKIP","floor":22},{"not_picked":["Evolve","Brutality"],"picked":"Feel No Pain+1","floor":28}],"player_experience":351184,"relics_obtained":[{"floor":8,"key":"Odd Mushroom"},{"floor":9,"key":"War Paint"},{"floor":26,"key":"Mummified Hand"},{"floor":27,"key":"Nilry\u0027s Codex"}],"event_choices":[{"event_name":"Wheel of Change","player_choice":"Full Heal","floor":3,"damage_taken":0},{"event_name":"Mushrooms","player_choice":"Fought Mushrooms","floor":8,"damage_taken":0},{"event_name":"Liars Game","player_choice":"disagreed","floor":13,"damage_taken":0},{"event_name":"Back to Basics","player_choice":"Simplicity","floor":20,"damage_taken":0},{"event_name":"Cursed Tome","player_choice":"Obtained Book","floor":27,"damage_taken":0}],"is_beta":false,"boss_relics":[{"not_picked":["Runic Dome","Empty Cage"],"picked":"Mark of Pain"}],"items_purged_floors":[],"is_endless":false,"potions_floor_spawned":[5,8,10,11,14,28],"killed_by":"Centurion and Healer","ascension_level":3}