{"gold_per_floor":[110,110,110,35,47,47,47,47,47,61,79,99,99,99,99,99],"floor_reached":16,"playtime":653,"items_purged":["Strike_B"],"score":90,"play_id":"9249500c-0ee7-4285-a55d-877c2811c30b","local_time":"20180722011713","is_ascension_mode":false,"campfire_choices":[{"data":"Defend_B","floor":6,"key":"SMITH"},{"data":"Zap","floor":13,"key":"SMITH"},{"data":"Dualcast","floor":15,"key":"SMITH"}],"neow_cost":"NONE","seed_source_timestamp":1913430365990305,"circlet_count":0,"master_deck":["Strike_B","Strike_B","Defend_B+1","Defend_B+1","Defend_B","Defend_B+1","Zap+1","Dualcast+1"],"relics":["Cracked Core","GremlinMask","Anchor"],"potions_floor_usage":[16,16,16],"damage_taken":[{"damage":1,"enemies":"Jaw Worm","floor":1,"turns":3},{"damage":0,"enemies":"Cultist","floor":5,"turns":2},{"damage":0,"enemies":"2 Louse","floor":10,"turns":2},{"damage":0,"enemies":"Blue Slaver","floor":11,"turns":4},{"damage":0,"enemies":"Looter","floor":12,"turns":3},{"damage":63,"enemies":"Hexaghost","floor":16,"turns":14}],"seed_played":"3796646041087901652","potions_obtained":[{"floor":1,"key":"Weak Potion"},{"floor":10,"key":"Swift Potion"},{"floor":12,"key":"Poison Potion"}],"is_trial":false,"path_per_floor":["M","?","?","$","M","R","?","?","T","M","M","M","R","$","R"],"character_chosen":"DEFECT","items_purchased":[],"campfire_rested":0,"item_purchase_floors":[],"current_hp_per_floor":[74,74,74,74,74,74,79,63,63,63,63,63,63,63,63,0],"gold":99,"neow_bonus":"REMOVE_CARD","is_prod":false,"is_daily":false,"chose_seed":false,"campfire_upgraded":3,"win_rate":0,"timestamp":1532218633,"path_taken":["M","?","?","$","M","R","?","?","T","M","M","M","R","$","R","BOSS"],"build_version":"2018-07-19v2","purchased_purges":1,"victory":false,"max_hp_per_floor":[75,75,75,75,75,75,80,80,80,80,80,80,80,80,80,80],"card_choices":[{"not_picked":["Auto Shields","Double Energy","Sweeping Beam"],"picked":"SKIP","floor":1},{"not_picked":["Sweeping Beam","Compile Driver","Conserve Battery"],"picked":"SKIP","floor":5},{"not_picked":["Reinforced Body","Gash","Force Field"],"picked":"SKIP","floor":10},{"not_picked":["Streamline","Hyperbeam","Double Energy"],"picked":"SKIP","floor":11},{"not_picked":["Chill","Chaos","Blizzard"],"picked":"SKIP","floor":12}],"player_experience":154764,"relics_obtained":[{"floor":9,"key":"Anchor"}],"event_choices":[{"event_name":"FaceTrader","player_choice":"Trade","floor":2,"damage_taken":0},{"event_name":"Golden Idol","player_choice":"Ignored","floor":3,"damage_taken":0},{"event_name":"Big Fish","player_choice":"Donut","floor":7,"damage_taken":0},{"event_name":"Shining Light","player_choice":"Entered Light","floor":8,"damage_taken":0}],"is_beta":false,"boss_relics":[],"items_purged_floors":[4],"is_endless":false,"potions_floor_spawned":[1,10,12],"killed_by":"Hexaghost","ascension_level":0}