{"gold_per_floor":[114,128,53,71,87,87,117,117,117,292,309,17,17,51,51,155,155,171,0,100,113,38,38,56,83,158,172,190,190,289,299,299,396,396,409,409,409,319,329,354,3,3,3,3,3,20,36,47,47,47],"floor_reached":51,"playtime":5336,"items_purged":["Dualcast","Doubt","Meteor Strike+1","Defend_B"],"score":707,"play_id":"724d5f61-bede-47e1-aeae-a4dd43a4bc2c","local_time":"20190323200518","is_ascension_mode":false,"campfire_choices":[{"floor":6,"key":"REST"},{"data":"Zap","floor":8,"key":"SMITH"},{"data":"Defragment","floor":15,"key":"SMITH"},{"floor":23,"key":"REST"},{"data":"Cold Snap","floor":29,"key":"SMITH"},{"floor":32,"key":"REST"},{"floor":42,"key":"REST"},{"floor":44,"key":"RECALL"},{"floor":49,"key":"REST"}],"neow_cost":"NONE","seed_source_timestamp":86991549519770,"circlet_count":0,"master_deck":["Defend_B","Defend_B","Zap+1","Ball Lightning","Cold Snap+1","Defragment+1","Leap","Headbutt","Feed","Double Energy+1","Redo+1","BootSequence","Coolheaded","Blind","Cold Snap+1","Dash+1","FTL+1","Bandage Up","Coolheaded","Echo Form","Warcry","Trip","Jack Of All Trades","Finesse","Streamline","Flying Knee+1","Echo Form","Coolheaded+1","Terror"],"relics":["Cracked Core","Letter Opener","Pantograph","PrismaticShard","Shuriken","Bag of Marbles","Astrolabe","Gambling Chip","Sundial","Bird Faced Urn","Blue Candle","Fusion Hammer","Mercury Hourglass","Bottled Lightning","DollysMirror","Bottled Tornado"],"potions_floor_usage":[7,7,14,20,20,33,33,33,33,33,50,50,50],"damage_taken":[{"damage":0,"enemies":"Cultist","floor":1,"turns":3},{"damage":0,"enemies":"2 Louse","floor":2,"turns":4},{"damage":1,"enemies":"Jaw Worm","floor":4,"turns":3},{"damage":31,"enemies":"Exordium Thugs","floor":5,"turns":5},{"damage":9,"enemies":"3 Sentries","floor":7,"turns":6},{"damage":4,"enemies":"2 Fungi Beasts","floor":11,"turns":3},{"damage":20,"enemies":"Gremlin Nob","floor":14,"turns":4},{"damage":7,"enemies":"The Guardian","floor":16,"turns":12},{"damage":3,"enemies":"Shell Parasite","floor":18,"turns":5},{"damage":5,"enemies":"Colosseum Slavers","floor":20,"turns":4},{"damage":21,"enemies":"Colosseum Nobs","floor":20,"turns":5},{"damage":0,"enemies":"Chosen","floor":21,"turns":5},{"damage":5,"enemies":"Centurion and Healer","floor":24,"turns":10},{"damage":31,"enemies":"Slavers","floor":25,"turns":5},{"damage":3,"enemies":"Sentry and Sphere","floor":27,"turns":6},{"damage":16,"enemies":"Cultist and Chosen","floor":28,"turns":6},{"damage":6,"enemies":"Snake Plant","floor":31,"turns":4},{"damage":31,"enemies":"Champ","floor":33,"turns":17},{"damage":3,"enemies":"3 Shapes","floor":35,"turns":4},{"damage":14,"enemies":"Orb Walker","floor":39,"turns":4},{"damage":22,"enemies":"Giant Head","floor":40,"turns":8},{"damage":16,"enemies":"Sphere and 2 Shapes","floor":46,"turns":5},{"damage":34,"enemies":"Spire Growth","floor":47,"turns":4},{"damage":17,"enemies":"3 Darklings","floor":48,"turns":5},{"damage":28,"enemies":"Donu and Deca","floor":50,"turns":7}],"seed_played":"-4633598075893015766","potions_obtained":[{"floor":1,"key":"Strength Potion"},{"floor":2,"key":"EssenceOfSteel"},{"floor":11,"key":"Strength Potion"},{"floor":16,"key":"PowerPotion"},{"floor":18,"key":"SpeedPotion"},{"floor":27,"key":"GamblersBrew"},{"floor":31,"key":"EntropicBrew"},{"floor":40,"key":"FearPotion"},{"floor":46,"key":"Strength Potion"},{"floor":47,"key":"Swift Potion"}],"is_trial":false,"path_per_floor":["M","M","$","M","M","R","E","R","T","?","M","$","?","E","R","B",null,"M","$","?","M","?","R","M","E","T","M","M","R","?","M","R","B",null,"M","?","T","?","M","E","$","R","T","R","$","M","M","M","R","B",null],"character_chosen":"DEFECT","items_purchased":["PrismaticShard","Coolheaded","DollysMirror"],"campfire_rested":5,"item_purchase_floors":[12,19,41],"current_hp_per_floor":[75,75,75,74,43,65,56,56,56,56,52,52,52,32,32,50,75,72,72,49,49,49,72,70,42,42,41,30,30,30,28,54,57,90,90,80,80,80,71,57,57,84,84,84,84,81,59,56,84,84],"gold":47,"neow_bonus":"RANDOM_COLORLESS","is_prod":false,"is_daily":false,"chose_seed":false,"campfire_upgraded":3,"win_rate":0,"timestamp":1553371518,"path_taken":["M","M","?","M","M","R","E","R","T","?","M","$","?","E","R","BOSS","M","$","?","M","?","R","M","E","T","M","M","R","?","M","R","BOSS","M","?","?","?","M","E","$","R","T","R","$","M","?","M","R","BOSS"],"build_version":"2019-01-23","purchased_purges":4,"victory":true,"max_hp_per_floor":[75,75,75,75,75,75,75,75,75,75,75,75,75,75,75,75,75,75,75,78,78,78,78,81,84,84,84,87,87,87,87,87,90,90,90,90,90,90,93,93,93,93,93,93,93,96,96,96,96,96],"card_choices":[{"not_picked":["Stack","Melter","Streamline"],"picked":"SKIP","floor":1},{"not_picked":["Stack","Auto Shields"],"picked":"Ball Lightning","floor":2},{"not_picked":["Reinforced Body","Coolheaded"],"picked":"Cold Snap","floor":4},{"not_picked":["Capacitor","Stack"],"picked":"Defragment","floor":5},{"not_picked":["Tempest","Lockon"],"picked":"Leap","floor":7},{"not_picked":["Darkness","Rebound","Leap"],"picked":"SKIP","floor":11},{"not_picked":["Poisoned Stab","Conserve Battery"],"picked":"Headbutt","floor":14},{"not_picked":["Glass Knife","Multi-Cast"],"picked":"Feed","floor":16},{"not_picked":["Skim","Chaos"],"picked":"BootSequence","floor":18},{"not_picked":["Double Energy","Undo"],"picked":"Blind","floor":20},{"not_picked":["Ball Lightning","Corruption"],"picked":"Cold Snap","floor":21},{"not_picked":["Deflect","Heavy Blade"],"picked":"Dash+1","floor":24},{"not_picked":["Cold Snap","Poisoned Stab+1"],"picked":"FTL+1","floor":25},{"not_picked":["Rage","Eviscerate","Enlightenment"],"picked":"SKIP","floor":27},{"not_picked":["Finesse","Rebound"],"picked":"Bandage Up","floor":28},{"not_picked":["Wild Strike","Darkness"],"picked":"Coolheaded","floor":31},{"not_picked":["Glass Knife","Corpse Explosion"],"picked":"Echo Form","floor":33},{"not_picked":["Iron Wave+1","Bane+1"],"picked":"Warcry","floor":35},{"not_picked":["Forethought","Swift Strike"],"picked":"Trip","floor":36},{"not_picked":["Mind Blast","Discovery"],"picked":"Jack Of All Trades","floor":36},{"not_picked":["Jack Of All Trades","Chrysalis"],"picked":"Finesse","floor":36},{"not_picked":["Carnage+1","Slice"],"picked":"Streamline","floor":39},{"not_picked":["Clash","Havoc+1"],"picked":"Flying Knee+1","floor":40},{"not_picked":["Twin Strike+1","PiercingWail+1"],"picked":"Coolheaded+1","floor":46},{"not_picked":["Rip and Tear+1","Self Repair+1"],"picked":"Terror","floor":47},{"not_picked":["Accuracy+1","Redo","Dagger Spray"],"picked":"SKIP","floor":48}],"player_experience":148050,"relics_obtained":[{"floor":7,"key":"Letter Opener"},{"floor":9,"key":"Pantograph"},{"floor":14,"key":"Bag of Marbles"},{"floor":20,"key":"Gambling Chip"},{"floor":20,"key":"Sundial"},{"floor":25,"key":"Bird Faced Urn"},{"floor":26,"key":"Blue Candle"},{"floor":37,"key":"Mercury Hourglass"},{"floor":40,"key":"Bottled Lightning"},{"floor":43,"key":"Bottled Tornado"}],"event_choices":[{"damage_healed":0,"gold_gain":175,"player_choice":"AGREE","damage_taken":0,"max_hp_gain":0,"max_hp_loss":0,"event_name":"Liars Game","floor":10,"gold_loss":0,"cards_obtained":["Doubt"]},{"cards_removed":["Forethought"],"damage_healed":0,"gold_gain":0,"player_choice":"Gave Card","damage_taken":0,"relics_obtained":["Shuriken"],"max_hp_gain":0,"max_hp_loss":0,"event_name":"WeMeetAgain","floor":13,"gold_loss":0},{"damage_healed":0,"gold_gain":0,"player_choice":"Fight","damage_taken":0,"max_hp_gain":0,"max_hp_loss":0,"event_name":"Colosseum","floor":20,"gold_loss":0},{"damage_healed":0,"gold_gain":0,"player_choice":"Fought Nobs","damage_taken":0,"max_hp_gain":0,"max_hp_loss":0,"event_name":"Colosseum","floor":20,"gold_loss":0},{"cards_removed":["Strike_B"],"damage_healed":0,"gold_gain":0,"player_choice":"Gave Gold","damage_taken":0,"max_hp_gain":0,"max_hp_loss":0,"event_name":"Beggar","floor":22,"gold_loss":75},{"damage_healed":0,"gold_gain":99,"player_choice":"Stole From Cult","damage_taken":0,"max_hp_gain":0,"max_hp_loss":0,"event_name":"Nest","floor":30,"gold_loss":0},{"damage_healed":0,"gold_gain":0,"player_choice":"Memory 3","damage_taken":10,"max_hp_gain":0,"max_hp_loss":0,"event_name":"SensoryStone","floor":36,"gold_loss":0},{"cards_removed":["Defend_B"],"damage_healed":0,"gold_gain":0,"player_choice":"Upgrade and Remove","damage_taken":0,"max_hp_gain":0,"max_hp_loss":0,"event_name":"Designer","floor":38,"gold_loss":90,"cards_upgraded":["Cold Snap"]}],"is_beta":false,"boss_relics":[{"not_picked":["Snecko Eye","Runic Pyramid"],"picked":"Astrolabe"},{"not_picked":["Black Star","Empty Cage"],"picked":"Fusion Hammer"}],"items_purged_floors":[3,12,19,41],"is_endless":false,"potions_floor_spawned":[1,2,11,16,18,20,27,31,40,46,47],"ascension_level":0}