{"gold_per_floor":[116,38,38,38,0,0,28,28,54,54,68,85,85,113,113,213,263,282,282,282,282,302,302,321,336,362,382,382,399,399,85,85,85],"floor_reached":33,"playtime":1429,"items_purged":[],"score":316,"play_id":"4863d071-fa7b-4655-bcb8-83977fc8f525","local_time":"20181230091250","is_ascension_mode":true,"campfire_choices":[{"data":"Defragment","floor":6,"key":"SMITH"},{"data":"Consume","floor":8,"key":"SMITH"},{"floor":10,"key":"REST"},{"data":"Static Discharge","floor":13,"key":"SMITH"},{"floor":15,"key":"REST"},{"floor":23,"key":"REST"},{"floor":28,"key":"REST"},{"floor":32,"key":"REST"}],"neow_cost":"NONE","seed_source_timestamp":2640864945162027,"circlet_count":0,"master_deck":["Strike_B+1","Strike_B","Defend_B+1","Defend_B","Defend_B","Defend_B+1","Zap","Dualcast","Beam Cell","Defragment+1","Consume+1","Redo","Static Discharge+1","Storm+1","Conserve Battery","All For One","Storm","Go for the Eyes","Go for the Eyes","Core Surge","Fission","Steam+1","Chill","Auto Shields","Leap","Doom and Gloom+1","Darkness+1","Storm","Seek","Mind Blast","Sunder"],"relics":["Sozu","War Paint","Anchor","Dream Catcher","Tiny House","Enchiridion","PreservedInsect"],"potions_floor_usage":[],"damage_taken":[{"damage":3,"enemies":"2 Louse","floor":1,"turns":2},{"damage":15,"enemies":"Lagavulin","floor":7,"turns":7},{"damage":6,"enemies":"Jaw Worm","floor":11,"turns":4},{"damage":0,"enemies":"Cultist","floor":12,"turns":3},{"damage":37,"enemies":"Gremlin Nob","floor":14,"turns":5},{"damage":33,"enemies":"Hexaghost","floor":16,"turns":8},{"damage":26,"enemies":"2 Thieves","floor":18,"turns":3},{"damage":3,"enemies":"Spheric Guardian","floor":22,"turns":3},{"damage":14,"enemies":"Centurion and Healer","floor":24,"turns":5},{"damage":13,"enemies":"Snecko","floor":25,"turns":3},{"damage":9,"enemies":"Snake Plant","floor":27,"turns":4},{"damage":1,"enemies":"Chosen and Byrds","floor":29,"turns":4},{"damage":60,"enemies":"Collector","floor":33,"turns":7}],"seed_played":"7469947465692436744","potions_obtained":[],"is_trial":false,"path_per_floor":["M","$","?","$","?","R","E","R","T","R","M","M","R","E","R","B",null,"M","?","?","?","M","R","M","M","T","M","R","M","?","$","R","B"],"character_chosen":"DEFECT","items_purchased":["Defragment","Storm","Seek","Mind Blast"],"campfire_rested":5,"item_purchase_floors":[2,31,31,31],"current_hp_per_floor":[72,72,72,72,72,72,57,57,57,75,69,69,69,32,54,21,67,41,41,25,25,22,46,32,19,19,10,34,33,33,33,57,0],"gold":85,"neow_bonus":"BOSS_RELIC","is_prod":false,"is_daily":false,"chose_seed":false,"campfire_upgraded":3,"win_rate":0,"timestamp":1546161170,"path_taken":["M","$","?","$","?","R","E","R","T","R","M","M","R","E","R","BOSS","M","?","?","?","?","R","M","?","T","M","R","M","?","$","R","BOSS"],"build_version":"2018-12-20","purchased_purges":0,"victory":false,"max_hp_per_floor":[75,75,75,75,75,75,75,75,75,75,75,75,75,75,75,75,80,80,80,80,80,80,80,80,80,80,80,80,80,80,80,80,80],"card_choices":[{"not_picked":["Undo","Compile Driver"],"picked":"Beam Cell","floor":1},{"not_picked":["Blizzard","Conserve Battery"],"picked":"Consume","floor":7},{"not_picked":["Coolheaded","Streamline"],"picked":"Redo","floor":11},{"not_picked":["Cold Snap","Auto Shields"],"picked":"Static Discharge","floor":12},{"not_picked":["Steam","Beam Cell"],"picked":"Storm","floor":14},{"not_picked":["Steam Power","Blizzard"],"picked":"Conserve Battery","floor":15},{"not_picked":["Rainbow","Biased Cognition"],"picked":"All For One","floor":16},{"not_picked":["Melter","Ball Lightning"],"picked":"Storm","floor":17},{"not_picked":["Compile Driver","Lockon"],"picked":"Go for the Eyes","floor":18},{"not_picked":["Turbo","Cold Snap+1"],"picked":"Fission","floor":22},{"not_picked":["Barrage","Cold Snap+1"],"picked":"Steam+1","floor":23},{"not_picked":["Conserve Battery+1","Stack+1"],"picked":"Chill","floor":24},{"not_picked":["Streamline","Reinforced Body"],"picked":"Auto Shields","floor":25},{"not_picked":["Fusion","Auto Shields"],"picked":"Leap","floor":27},{"not_picked":["Ball Lightning","Reprogram+1"],"picked":"Doom and Gloom+1","floor":28},{"not_picked":["Stack","Turbo"],"picked":"Darkness+1","floor":29},{"not_picked":["Ball Lightning","Undo"],"picked":"Sunder","floor":32}],"player_experience":842516,"relics_obtained":[{"floor":7,"key":"War Paint"},{"floor":9,"key":"Anchor"},{"floor":14,"key":"Dream Catcher"},{"floor":20,"key":"Enchiridion"},{"floor":26,"key":"PreservedInsect"}],"event_choices":[{"damage_healed":0,"gold_gain":0,"player_choice":"Ignored","damage_taken":0,"max_hp_gain":0,"max_hp_loss":0,"event_name":"Golden Idol","floor":3,"gold_loss":0},{"damage_healed":0,"gold_gain":0,"player_choice":"Left Gold","damage_taken":0,"max_hp_gain":0,"max_hp_loss":0,"event_name":"World of Goop","floor":5,"gold_loss":38},{"damage_healed":0,"gold_gain":0,"cards_transformed":["Strike_B","Strike_B"],"player_choice":"Became Test Subject","damage_taken":0,"max_hp_gain":0,"max_hp_loss":0,"event_name":"Drug Dealer","floor":19,"gold_loss":0,"cards_obtained":["Go for the Eyes","Core Surge"]},{"damage_healed":0,"gold_gain":0,"player_choice":"Obtained Book","damage_taken":16,"max_hp_gain":0,"max_hp_loss":0,"event_name":"Cursed Tome","floor":20,"gold_loss":0},{"damage_healed":0,"gold_gain":0,"player_choice":"Forge","damage_taken":0,"max_hp_gain":0,"max_hp_loss":0,"event_name":"Accursed Blacksmith","floor":21,"gold_loss":0,"cards_upgraded":["Storm"]},{"damage_healed":0,"gold_gain":0,"player_choice":"Ignored","damage_taken":0,"max_hp_gain":0,"max_hp_loss":0,"event_name":"Vampires","floor":30,"gold_loss":0}],"is_beta":false,"boss_relics":[{"not_picked":["Black Star","Empty Cage"],"picked":"Tiny House"}],"items_purged_floors":[],"is_endless":false,"potions_floor_spawned":[7,11,14,18,22,29],"killed_by":"Collector","ascension_level":5}