{"gold_per_floor":[118,37,56,56,76,76,95,95,120,120,120,133,133,150,150,253,253,270,281,301,315,327,327,361,361,385,399,399,399],"floor_reached":29,"playtime":2900,"items_purged":[],"score":239,"play_id":"b42eca5d-1c7c-46f6-ac80-88633702b0b0","local_time":"20180724163611","is_ascension_mode":false,"campfire_choices":[{"data":"Zap","floor":6,"key":"SMITH"},{"data":"Dualcast","floor":8,"key":"SMITH"},{"data":"Self Repair","floor":10,"key":"SMITH"},{"data":"Seek","floor":15,"key":"SMITH"},{"floor":23,"key":"REST"},{"floor":28,"key":"REST"}],"neow_cost":"NONE","seed_source_timestamp":2139120027811717,"circlet_count":0,"master_deck":["Strike_B","Strike_B","Strike_B","Defend_B+1","Defend_B","Defend_B","Defend_B","Zap+1","Dualcast+1","Blizzard","Self Repair+1","Streamline","Seek+1","Storm","Glacier","Conserve Battery","Coolheaded","All For One","Coolheaded","Redo+1","Reinforced Body","Beam Cell+1","Steam+1","Redo+1","Redo"],"relics":["FrozenCore","Ancient Tea Set","Bronze Scales","Nloth\u0027s Gift","Bag of Preparation"],"potions_floor_usage":[20,21],"damage_taken":[{"damage":3,"enemies":"Jaw Worm","floor":1,"turns":3},{"damage":0,"enemies":"2 Louse","floor":3,"turns":3},{"damage":0,"enemies":"Cultist","floor":5,"turns":3},{"damage":0,"enemies":"2 Fungi Beasts","floor":7,"turns":4},{"damage":20,"enemies":"Gremlin Gang","floor":12,"turns":4},{"damage":0,"enemies":"Looter","floor":14,"turns":3},{"damage":54,"enemies":"Slime Boss","floor":16,"turns":14},{"damage":18,"enemies":"3 Byrds","floor":18,"turns":8},{"damage":13,"enemies":"Spheric Guardian","floor":19,"turns":9},{"damage":49,"enemies":"Cultist and Chosen","floor":20,"turns":10},{"damage":0,"enemies":"Snake Plant","floor":21,"turns":9},{"damage":11,"enemies":"Snecko","floor":22,"turns":7},{"damage":47,"enemies":"Gremlin Leader","floor":24,"turns":11},{"damage":0,"enemies":"Centurion and Healer","floor":27,"turns":6},{"damage":54,"enemies":"Cultist and Chosen","floor":29,"turns":6}],"seed_played":"-1433918749000630871","potions_obtained":[{"floor":3,"key":"Dexterity Potion"},{"floor":7,"key":"SkillPotion"},{"floor":14,"key":"Swift Potion"},{"floor":16,"key":"AttackPotion"},{"floor":22,"key":"AttackPotion"}],"is_trial":false,"path_per_floor":["M","$","M","?","M","R","M","R","T","R","?","M","?","M","R","B",null,"M","M","M","M","M","R","E","?","T","M","R"],"character_chosen":"DEFECT","items_purchased":["Self Repair"],"campfire_rested":2,"item_purchase_floors":[2],"current_hp_per_floor":[72,72,75,72,75,75,75,75,75,75,75,65,65,75,75,31,75,67,64,25,35,34,56,19,19,19,29,51,0],"gold":399,"neow_bonus":"UPGRADE_CARD","is_prod":false,"is_daily":false,"chose_seed":false,"campfire_upgraded":4,"win_rate":0,"timestamp":1532446571,"path_taken":["M","$","M","?","?","R","M","R","T","R","?","M","?","?","R","BOSS","M","M","?","M","M","R","E","?","T","?","R","?"],"build_version":"2018-07-19v2","purchased_purges":0,"victory":false,"max_hp_per_floor":[75,75,75,75,75,75,75,75,75,75,75,75,75,75,75,75,75,75,75,75,75,75,75,75,75,75,75,75,75],"card_choices":[{"not_picked":["Steam","Turbo"],"picked":"Blizzard","floor":1},{"not_picked":["Heatsinks","Stack"],"picked":"Streamline","floor":3},{"not_picked":["Barrage","Coolheaded"],"picked":"Seek","floor":5},{"not_picked":["Gash","Barrage"],"picked":"Storm","floor":7},{"not_picked":["Streamline","Turbo"],"picked":"Glacier","floor":12},{"not_picked":["Turbo","Redo"],"picked":"Coolheaded","floor":14},{"not_picked":["Hyperbeam","Rainbow"],"picked":"All For One","floor":16},{"not_picked":["Leap","Recycle"],"picked":"Coolheaded","floor":18},{"not_picked":["Consume","Conserve Battery"],"picked":"Redo+1","floor":19},{"not_picked":["Fusion+1","Steam"],"picked":"Reinforced Body","floor":20},{"not_picked":["Reprogram","Barrage+1"],"picked":"Beam Cell+1","floor":21},{"not_picked":["Scrape","Recycle"],"picked":"Steam+1","floor":22},{"not_picked":["Recycle","Chill"],"picked":"Redo+1","floor":24},{"not_picked":["Stack+1","Darkness"],"picked":"Redo","floor":27}],"player_experience":202983,"relics_obtained":[{"floor":9,"key":"Centennial Puzzle"},{"floor":24,"key":"Bronze Scales"},{"floor":26,"key":"Bag of Preparation"}],"event_choices":[{"event_name":"Scrap Ooze","player_choice":"success","floor":4,"damage_taken":3},{"event_name":"Accursed Blacksmith","player_choice":"Ignore","floor":11,"damage_taken":0},{"event_name":"Living Wall","player_choice":"Change","floor":13,"damage_taken":0},{"event_name":"N\u0027loth","player_choice":"Traded a Centennial Puzzle","floor":25,"damage_taken":0}],"is_beta":false,"boss_relics":[{"not_picked":["Sozu","Runic Dome"],"picked":"FrozenCore"}],"items_purged_floors":[],"is_endless":false,"potions_floor_spawned":[3,7,14,16,18,22],"killed_by":"Cultist and Chosen","ascension_level":0}