{"gold_per_floor":[109,127,127,127,141,173,173,199,224,234,245,255,255,274,274,375,375,389,376,101,101,16,16,27,27,27,27,27,27,44,58,58,154,154,167,181,181,194,210,210],"floor_reached":40,"playtime":5603,"items_purged":[],"score":427,"play_id":"d1c8f56b-3001-4b3c-8174-8a66457e1209","local_time":"20180720064817","is_ascension_mode":false,"campfire_choices":[{"data":"Terror","floor":7,"key":"SMITH"},{"data":"After Image","floor":13,"key":"SMITH"},{"data":"Noxious Fumes","floor":15,"key":"SMITH"},{"data":"Infinite Blades","floor":23,"key":"SMITH"},{"data":"After Image","floor":25,"key":"SMITH"},{"data":"Infinite Blades","floor":27,"key":"SMITH"},{"data":"Deadly Poison","floor":29,"key":"SMITH"},{"floor":32,"key":"REST"}],"neow_cost":"NONE","seed_source_timestamp":1755545164840079,"circlet_count":0,"master_deck":["Defend_G","Defend_G","Defend_G","Defend_G+1","Defend_G","Strike_G","Strike_G","Strike_G","Strike_G","Strike_G","Survivor","Neutralize","Phantasmal Killer+1","Noxious Fumes+1","Terror+1","Poisoned Stab","Dash","After Image+1","Deadly Poison","Deflect","Outmaneuver","Noxious Fumes+1","After Image+1","Backflip+1","Deflect","Infinite Blades+1","Infinite Blades+1","Deadly Poison+1","Riddle With Holes+1","RitualDagger+1","Cloak And Dagger+1","Bane+1","Corpse Explosion","Slice+1","Tactician","Expertise","Slice+1","Adrenaline"],"relics":["Ring of the Snake","Orichalcum","War Paint","Happy Flower","HoveringKite","Toolbox","Molten Egg 2","Sozu","Thread and Needle"],"potions_floor_usage":[6,16,33,40],"damage_taken":[{"damage":0,"enemies":"Jaw Worm","floor":1,"turns":6},{"damage":0,"enemies":"Cultist","floor":2,"turns":4},{"damage":0,"enemies":"2 Louse","floor":5,"turns":4},{"damage":38,"enemies":"Gremlin Nob","floor":6,"turns":5},{"damage":8,"enemies":"Lagavulin","floor":8,"turns":5},{"damage":0,"enemies":"Blue Slaver","floor":10,"turns":3},{"damage":3,"enemies":"Red Slaver","floor":11,"turns":3},{"damage":1,"enemies":"Large Slime","floor":12,"turns":6},{"damage":0,"enemies":"2 Fungi Beasts","floor":14,"turns":4},{"damage":14,"enemies":"The Guardian","floor":16,"turns":9},{"damage":11,"enemies":"Chosen","floor":18,"turns":6},{"damage":5,"enemies":"2 Thieves","floor":19,"turns":4},{"damage":0,"enemies":"Sentry and Sphere","floor":24,"turns":6},{"damage":14,"enemies":"Slaver and Parasite","floor":30,"turns":6},{"damage":0,"enemies":"Centurion and Healer","floor":31,"turns":5},{"damage":51,"enemies":"Collector","floor":33,"turns":10},{"damage":0,"enemies":"3 Shapes","floor":35,"turns":4},{"damage":25,"enemies":"3 Darklings","floor":36,"turns":6},{"damage":0,"floor":37,"turns":5},{"damage":13,"enemies":"Spire Growth","floor":38,"turns":7},{"damage":77,"enemies":"Flame Bruiser 2 Orb","floor":39,"turns":4},{"damage":14,"enemies":"Maw","floor":40,"turns":5}],"seed_played":"-7819032682041029997","potions_obtained":[{"floor":2,"key":"SpeedPotion"},{"floor":11,"key":"Block Potion"},{"floor":12,"key":"FairyPotion"},{"floor":14,"key":"GhostInAJar"},{"floor":24,"key":"SteroidPotion"}],"is_trial":false,"path_per_floor":["M","M","?","?","M","E","R","E","T","M","M","M","R","M","R","B",null,"M","M","$","?","$","R","M","R","T","R","?","R","M","M","R","B",null,"M","M","?","M","M"],"character_chosen":"THE_SILENT","items_purchased":["Toolbox","Infinite Blades","Infinite Blades","Deadly Poison"],"campfire_rested":1,"item_purchase_floors":[20,20,22,22],"current_hp_per_floor":[70,70,70,75,75,37,37,29,29,29,26,25,25,25,25,11,75,64,59,59,59,59,59,59,59,59,59,53,53,39,39,61,14,75,75,50,50,41,7,0],"gold":210,"neow_bonus":"ONE_RANDOM_RARE_CARD","is_prod":false,"is_daily":false,"chose_seed":false,"campfire_upgraded":7,"win_rate":0,"timestamp":1532065697,"path_taken":["M","M","?","?","M","E","R","E","T","M","M","M","R","?","R","BOSS","M","M","$","?","?","R","M","R","T","R","?","R","M","M","R","BOSS","M","M","?","M","?","M"],"build_version":"2018-07-19","purchased_purges":0,"victory":false,"max_hp_per_floor":[70,70,70,75,75,75,75,75,75,75,75,75,75,75,75,75,75,75,75,75,75,75,75,75,75,75,75,75,75,75,75,75,75,75,75,75,75,75,75,75],"card_choices":[{"not_picked":["Dagger Throw","PiercingWail"],"picked":"Noxious Fumes","floor":1},{"not_picked":["PiercingWail","Dagger Spray"],"picked":"Terror","floor":2},{"not_picked":["Dagger Spray","Backflip"],"picked":"Poisoned Stab","floor":5},{"not_picked":["Sucker Punch","Underhanded Strike"],"picked":"Dash","floor":6},{"not_picked":["Burst","Acrobatics"],"picked":"After Image","floor":8},{"not_picked":["Flechettes","Terror"],"picked":"Deadly Poison","floor":10},{"not_picked":["Masterful Stab","Outmaneuver"],"picked":"Deflect","floor":11},{"not_picked":["Eviscerate","Well Laid Plans"],"picked":"Outmaneuver","floor":12},{"not_picked":["Dodge and Roll","Blur"],"picked":"Noxious Fumes","floor":14},{"not_picked":["Storm of Steel","Burst"],"picked":"After Image","floor":16},{"not_picked":["Leg Sweep+1","Skewer"],"picked":"Backflip+1","floor":18},{"not_picked":["Outmaneuver+1","PiercingWail"],"picked":"Deflect","floor":19},{"not_picked":["Dagger Throw","Flechettes"],"picked":"Riddle With Holes+1","floor":24},{"not_picked":["Acrobatics","Flying Knee+1"],"picked":"Cloak And Dagger+1","floor":30},{"not_picked":["Dagger Spray+1","Eviscerate+1"],"picked":"Bane+1","floor":31},{"not_picked":["After Image","Die Die Die+1"],"picked":"Corpse Explosion","floor":33},{"not_picked":["Leg Sweep","Outmaneuver"],"picked":"Slice+1","floor":35},{"not_picked":["Dagger Spray+1","Accuracy"],"picked":"Tactician","floor":36},{"not_picked":["Leg Sweep","Riddle With Holes+1"],"picked":"Expertise","floor":37},{"not_picked":["Deflect+1","Dagger Throw+1"],"picked":"Slice+1","floor":38},{"not_picked":["Bane+1","Slice+1"],"picked":"Adrenaline","floor":39}],"player_experience":122830,"relics_obtained":[{"floor":6,"key":"Orichalcum"},{"floor":8,"key":"War Paint"},{"floor":9,"key":"Happy Flower"},{"floor":26,"key":"Molten Egg 2"},{"floor":37,"key":"Thread and Needle"}],"event_choices":[{"event_name":"Living Wall","player_choice":"Grow","floor":3,"damage_taken":0},{"event_name":"Big Fish","player_choice":"Donut","floor":4,"damage_taken":0},{"event_name":"Ghosts","player_choice":"Ignored","floor":21,"damage_taken":0},{"event_name":"Nest","player_choice":"Joined the Cult","floor":28,"damage_taken":0},{"event_name":"MindBloom","player_choice":"Fight","floor":37,"damage_taken":0}],"is_beta":false,"boss_relics":[{"not_picked":["Cursed Key","Lizard Tail"],"picked":"HoveringKite"},{"not_picked":["Philosopher\u0027s Stone","Runic Dome"],"picked":"Sozu"}],"items_purged_floors":[],"is_endless":false,"potions_floor_spawned":[2,11,12,14,24,35,39],"killed_by":"Maw","ascension_level":0}