{"gold_per_floor":[115,115,134,59,9,44,58,58,58,76,76,76,91,91,91,212,212,236,151,51,75,99,99,114,139,212,228,228,103,123,123,123,251,251,264,264,287,137,157,157,175,175,201,26,39,63,76,0,0,0],"floor_reached":51,"playtime":2758,"items_purged":["Defend_R","Strike_R","Defend_R","Defend_R","Strike_R+1"],"score":753,"play_id":"4945285f-d6da-46fd-b712-3cc050af0d20","local_time":"20190326212706","is_ascension_mode":false,"campfire_choices":[{"floor":11.0,"key":"REST"},{"data":"Dropkick","floor":15.0,"key":"SMITH"},{"floor":23.0,"key":"REST"},{"data":"Shrug It Off","floor":32.0,"key":"SMITH"},{"data":"Dropkick","floor":40,"key":"SMITH"},{"data":"Strike_R","floor":42,"key":"SMITH"},{"floor":49,"key":"RECALL"}],"neow_cost":"NONE","seed_source_timestamp":0,"circlet_count":0,"master_deck":["Bash+1","Dropkick+1","Dropkick+1","Shrug It Off+1"],"special_seed":0,"relics":["Burning Blood","Mummified Hand","Golden Idol","Ornamental Fan","Runic Pyramid","Mercury Hourglass","Dodecahedron","Busted Crown","Red Skull","Red Mask"],"potions_floor_usage":[],"damage_taken":[{"damage":10.0,"enemies":"Jaw Worm","floor":1.0,"turns":6.0},{"damage":1.0,"enemies":"Cultist","floor":3.0,"turns":3.0},{"damage":50.0,"enemies":"Lagavulin","floor":6.0,"turns":8.0},{"damage":7.0,"enemies":"Small Slimes","floor":7.0,"turns":4.0},{"damage":0.0,"enemies":"Looter","floor":10.0,"turns":4.0},{"damage":4.0,"enemies":"Blue Slaver","floor":13.0,"turns":5.0},{"damage":38.0,"enemies":"Slime Boss","floor":16.0,"turns":8.0},{"damage":46.0,"enemies":"Spheric Guardian","floor":18.0,"turns":6.0},{"damage":3.0,"enemies":"Shell Parasite","floor":21.0,"turns":2.0},{"damage":3.0,"enemies":"Centurion and Healer","floor":22.0,"turns":2.0},{"damage":0.0,"enemies":"3 Cultists","floor":24.0,"turns":4.0},{"damage":0.0,"enemies":"Chosen and Byrds","floor":25.0,"turns":3.0},{"damage":30.0,"enemies":"Sentry and Sphere","floor":27.0,"turns":7.0},{"damage":0.0,"enemies":"3 Cultists","floor":30.0,"turns":3.0},{"damage":46,"enemies":"Automaton","floor":33,"turns":7},{"damage":0,"enemies":"Orb Walker","floor":35,"turns":2},{"damage":0,"enemies":"3 Shapes","floor":37,"turns":2},{"damage":0,"enemies":"3 Darklings","floor":39,"turns":2},{"damage":12,"enemies":"Sphere and 2 Shapes","floor":41,"turns":4},{"damage":5,"enemies":"4 Shapes","floor":45,"turns":3},{"damage":0,"enemies":"Spire Growth","floor":46,"turns":1},{"damage":0,"enemies":"Transient","floor":47,"turns":1},{"damage":0,"enemies":"Time Eater","floor":50,"turns":5}],"seed_played":"5864712225042809681","potions_obtained":[{"floor":1.0,"key":"FearPotion"},{"floor":6.0,"key":"SneckoOil"},{"floor":7.0,"key":"Strength Potion"},{"floor":10.0,"key":"Poison Potion"},{"floor":18.0,"key":"Energy Potion"},{"floor":21.0,"key":"AttackPotion"},{"floor":35,"key":"Explosive Potion"},{"floor":39,"key":"Block Potion"},{"floor":47,"key":"Swift Potion"}],"is_trial":false,"path_per_floor":["M","?","M","$","?","E","M","?","T","M","R","?","M","$","R","B",null,"M","?","$","M","M","R","M","M","T","M","?","$","M","?","R","B",null,"M","?","M","$","M","R","M","R","T","$","M","M","M","?","R","B",null],"character_chosen":"IRONCLAD","items_purchased":[],"campfire_rested":2,"item_purchase_floors":[],"current_hp_per_floor":[76,76,80,80,80,36,35,35,35,41,63,56,58,58,58,26,74,34,34,34,37,40,62,68,74,74,50,74,74,74,74,74,34,74,74,74,74,74,74,74,68,68,68,68,69,74,74,74,74,74],"gold":0,"neow_bonus":"REMOVE_CARD","is_prod":false,"is_daily":false,"chose_seed":false,"campfire_upgraded":4,"win_rate":0,"timestamp":1553653626,"path_taken":["M","?","?","$","?","E","M","?","T","M","R","?","M","?","R","BOSS","M","?","$","M","M","R","M","M","T","M","?","$","M","?","R","BOSS","M","?","M","$","M","R","M","R","T","$","M","M","M","?","R","BOSS"],"build_version":"2019-01-23","purchased_purges":5,"victory":true,"max_hp_per_floor":[80,80,80,80,80,80,80,74,74,74,74,74,74,74,74,74,74,74,74,74,74,74,74,74,74,74,74,74,74,74,74,74,74,74,74,74,74,74,74,74,74,74,74,74,74,74,74,74,74,74],"card_choices":[{"not_picked":["Bloodletting","Intimidate","Clothesline"],"picked":"SKIP","floor":1.0},{"not_picked":["Bloodletting","Intimidate","Clothesline"],"picked":"SKIP","floor":1.0},{"not_picked":["Headbutt","Infernal Blade","Heavy Blade"],"picked":"SKIP","floor":3.0},{"not_picked":["Headbutt","Immolate","Seeing Red"],"picked":"SKIP","floor":6.0},{"not_picked":["Clash","Metallicize"],"picked":"Dropkick","floor":7.0},{"not_picked":["Flex","Heavy Blade","Sever Soul"],"picked":"SKIP","floor":10.0},{"not_picked":["Warcry","Havoc","Perfected Strike"],"picked":"SKIP","floor":13.0},{"not_picked":["Armaments+1","Havoc+1"],"picked":"Dropkick","floor":18.0},{"not_picked":["Reckless Charge","Rampage+1","Clash"],"picked":"SKIP","floor":21.0},{"not_picked":["Twin Strike","Flex"],"picked":"Shrug It Off","floor":22.0},{"not_picked":["Cleave","Headbutt","Shrug It Off"],"picked":"SKIP","floor":24.0},{"not_picked":["Evolve","True Grit","Uppercut"],"picked":"SKIP","floor":25.0},{"not_picked":["Thunderclap+1","Clothesline","Cleave"],"picked":"SKIP","floor":27.0},{"not_picked":["Anger","Offering","Heavy Blade"],"picked":"SKIP","floor":30.0},{"not_picked":["Cleave+1"],"picked":"SKIP","floor":35},{"not_picked":["Shockwave+1"],"picked":"SKIP","floor":37},{"not_picked":["Sever Soul+1"],"picked":"SKIP","floor":39},{"not_picked":["Headbutt"],"picked":"SKIP","floor":41},{"not_picked":["Perfected Strike"],"picked":"SKIP","floor":45},{"not_picked":["Havoc"],"picked":"SKIP","floor":46},{"not_picked":["Armaments+1"],"picked":"SKIP","floor":47}],"player_experience":788742,"relics_obtained":[{"floor":6.0,"key":"Mummified Hand"},{"floor":9.0,"key":"Ornamental Fan"},{"floor":26.0,"key":"Dodecahedron"},{"floor":43,"key":"Red Skull"}],"event_choices":[{"damage_healed":0.0,"max_hp_gain":0.0,"max_hp_loss":0.0,"gold_gain":0.0,"event_name":"Upgrade Shrine","player_choice":"Upgraded","floor":2.0,"gold_loss":0.0,"damage_taken":0.0,"cards_upgraded":["Bash"]},{"cards_removed":["Strike_R"],"damage_healed":0.0,"max_hp_gain":0.0,"max_hp_loss":0.0,"gold_gain":0.0,"event_name":"The Cleric","player_choice":"Card Removal","floor":5.0,"gold_loss":50.0,"damage_taken":0.0},{"damage_healed":0.0,"max_hp_gain":0.0,"max_hp_loss":6.0,"gold_gain":0.0,"event_name":"Golden Idol","player_choice":"Lose Max HP","floor":8.0,"gold_loss":0.0,"damage_taken":0.0,"relics_obtained":["Golden Idol"]},{"cards_removed":["Strike_R"],"damage_healed":0.0,"max_hp_gain":0.0,"max_hp_loss":0.0,"gold_gain":0.0,"event_name":"Golden Wing","player_choice":"Card Removal","floor":12.0,"gold_loss":0.0,"damage_taken":7.0},{"damage_healed":0.0,"max_hp_gain":0.0,"max_hp_loss":0.0,"gold_gain":0.0,"event_name":"Addict","player_choice":"Obtained Relic","floor":19.0,"gold_loss":85.0,"damage_taken":0.0,"relics_obtained":["Mercury Hourglass"]},{"damage_healed":24.0,"max_hp_gain":0.0,"max_hp_loss":0.0,"gold_gain":0.0,"event_name":"The Library","player_choice":"Heal","floor":28.0,"gold_loss":0.0,"damage_taken":0.0},{"damage_healed":0.0,"max_hp_gain":0.0,"max_hp_loss":0.0,"gold_gain":0.0,"event_name":"The Mausoleum","player_choice":"Ignored","floor":31.0,"gold_loss":0.0,"damage_taken":0.0},{"cards_removed":["Defend_R"],"damage_healed":0,"gold_gain":0,"player_choice":"Removed Skill","damage_taken":0,"max_hp_gain":0,"max_hp_loss":0,"event_name":"Falling","floor":36,"gold_loss":0},{"damage_healed":0,"gold_gain":0,"player_choice":"Paid","damage_taken":0,"relics_obtained":["Red Mask"],"max_hp_gain":0,"max_hp_loss":0,"event_name":"Tomb of Lord Red Mask","floor":48,"gold_loss":76}],"is_beta":false,"boss_relics":[{"not_picked":["Sozu","Cursed Key"],"picked":"Runic Pyramid"},{"not_picked":["Black Blood","Runic Cube"],"picked":"Busted Crown"}],"items_purged_floors":[4,20,29,38,44],"is_endless":false,"potions_floor_spawned":[1,6,7,10,18,21,35,39,47],"ascension_level":0}