{"gold_per_floor":[117,48,62,62,62,62,73,73,73,86,86,100,100,119,119,220,220,240,20,20,119,49,49,67,78,151,151,5,5,30,30,30,129,129,140,154,154,154,154,182,182,8,8,8,8,8,8,8,8,8],"floor_reached":50,"playtime":2496,"items_purged":[],"score":472,"play_id":"c2fbed44-c3cf-48ca-98fd-7a9a45ad4d4a","local_time":"20180909195100","is_ascension_mode":false,"campfire_choices":[{"data":"Creative AI","floor":6,"key":"SMITH"},{"data":"Sunder","floor":8,"key":"SMITH"},{"data":"Go for the Eyes","floor":11,"key":"SMITH"},{"data":"Zap","floor":15,"key":"SMITH"},{"data":"Storm","floor":23,"key":"SMITH"},{"floor":27,"key":"REST"},{"data":"Consume","floor":29,"key":"SMITH"},{"floor":32,"key":"REST"},{"floor":41,"key":"REST"},{"floor":44,"key":"REST"},{"floor":49,"key":"REST"}],"neow_cost":"PERCENT_DAMAGE","seed_source_timestamp":814968100451368,"circlet_count":0,"master_deck":["Strike_B","Strike_B","Strike_B","Defend_B","Defend_B","Defend_B","Defend_B","Zap+1","Dualcast","Creative AI+1","Go for the Eyes+1","Sunder+1","Sweeping Beam","Beam Cell","Creative AI+1","Undo","Electrodynamics","Chill","Storm+1","Consume+1","Turbo+1","Melter","Aggregate+1","Zap+1","Amplify+1","Hologram+1","Madness+1","Madness+1","Magnetism","Meteor Strike","Turbo+1","Redo+1","Good Instincts+1","Parasite"],"relics":["Cracked Core","Pantograph","Nunchaku","Runic Pyramid","Happy Flower","Cables","Letter Opener","Juzu Bracelet","Toxic Egg 2","Cursed Key","Incense Burner","Pear","Singing Bowl"],"potions_floor_usage":[14,18,25,25,50,50],"damage_taken":[{"damage":2,"enemies":"Small Slimes","floor":1,"turns":3},{"damage":0,"enemies":"Cultist","floor":3,"turns":3},{"damage":0,"enemies":"2 Louse","floor":7,"turns":1},{"damage":0,"enemies":"Exordium Wildlife","floor":10,"turns":2},{"damage":3,"enemies":"Large Slime","floor":12,"turns":2},{"damage":3,"enemies":"Gremlin Gang","floor":14,"turns":5},{"damage":50,"enemies":"The Guardian","floor":16,"turns":12},{"damage":29,"enemies":"Shell Parasite","floor":18,"turns":5},{"damage":8,"enemies":"Chosen","floor":24,"turns":5},{"damage":23,"enemies":"Centurion and Healer","floor":25,"turns":6},{"damage":42,"enemies":"Gremlin Leader","floor":30,"turns":6},{"damage":8,"enemies":"Collector","floor":33,"turns":6},{"damage":0,"enemies":"Orb Walker","floor":35,"turns":3},{"damage":13,"enemies":"3 Darklings","floor":36,"turns":3},{"damage":45,"enemies":"Nemesis","floor":40,"turns":5},{"damage":106,"enemies":"Awakened One","floor":50,"turns":8}],"seed_played":"1486165234992754095","potions_obtained":[{"floor":7,"key":"SteroidPotion"},{"floor":10,"key":"FearPotion"},{"floor":14,"key":"AttackPotion"},{"floor":18,"key":"Regen Potion"},{"floor":24,"key":"GamblersBrew"},{"floor":25,"key":"Strength Potion"}],"is_trial":false,"path_per_floor":["M","$","M","?","T","R","M","R","T","M","R","M","?","M","R","B",null,"M","$","T","?","$","R","M","M","T","R","$","R","E","?","R","B",null,"M","M","?","?","?","E","R","$","T","R","$","?","$","?","R"],"character_chosen":"DEFECT","items_purchased":["Sunder","Storm","Happy Flower","Consume","Juzu Bracelet","Turbo+1","Redo+1","Good Instincts+1"],"campfire_rested":5,"item_purchase_floors":[2,19,19,22,28,42,42,42],"current_hp_per_floor":[52,52,52,52,52,52,52,52,52,52,52,49,49,46,46,21,75,46,46,46,46,46,46,38,30,30,52,52,52,10,10,32,49,75,75,62,62,53,53,8,30,30,40,65,65,65,65,65,85,0],"gold":8,"neow_bonus":"THREE_RARE_CARDS","is_prod":false,"is_daily":false,"chose_seed":false,"campfire_upgraded":6,"win_rate":0,"timestamp":1536519060,"path_taken":["M","$","M","?","?","R","M","R","T","M","R","M","?","M","R","BOSS","M","$","?","?","$","R","M","M","T","R","$","R","E","?","R","BOSS","M","M","?","?","?","E","R","$","T","R","?","?","$","?","R","BOSS"],"build_version":"2018-09-06","purchased_purges":0,"victory":false,"max_hp_per_floor":[75,75,75,75,75,75,75,75,75,75,75,75,75,75,75,75,75,75,75,75,75,75,75,75,75,75,75,75,75,75,75,75,75,75,75,75,75,75,75,75,75,75,85,85,85,85,85,85,85,85],"card_choices":[{"not_picked":["Machine Learning","All For One"],"picked":"Creative AI","floor":0},{"not_picked":["Leap","Gash"],"picked":"Go for the Eyes","floor":1},{"not_picked":["Cold Snap","Go for the Eyes"],"picked":"Sweeping Beam","floor":3},{"not_picked":["Compile Driver","Redo"],"picked":"Beam Cell","floor":7},{"not_picked":["Coolheaded","Barrage","Cold Snap"],"picked":"SKIP","floor":10},{"not_picked":["Reprogram","Beam Cell"],"picked":"Creative AI","floor":12},{"not_picked":["Reinforced Body","Gash"],"picked":"Undo","floor":14},{"not_picked":["Machine Learning","Reboot"],"picked":"Electrodynamics","floor":16},{"not_picked":["Reinforced Body","Rebound"],"picked":"Chill","floor":18},{"not_picked":["Leap","Scrape"],"picked":"Turbo+1","floor":24},{"not_picked":["Barrage","Coolheaded"],"picked":"Melter","floor":25},{"not_picked":["Coolheaded","Recycle"],"picked":"Aggregate","floor":30},{"not_picked":["Biased Cognition","Core Surge"],"picked":"Amplify+1","floor":33},{"not_picked":["Skim+1","Fusion+1"],"picked":"Hologram+1","floor":35},{"not_picked":["Stack+1","Rebound"],"picked":"Cold Snap+1","floor":36},{"not_picked":["Good Instincts+1","PanicButton+1"],"picked":"Magnetism","floor":39},{"not_picked":["Compile Driver+1","All For One"],"picked":"Meteor Strike","floor":40}],"player_experience":526718,"relics_obtained":[{"floor":5,"key":"Pantograph"},{"floor":9,"key":"Nunchaku"},{"floor":20,"key":"Cables"},{"floor":26,"key":"Letter Opener"},{"floor":30,"key":"Toxic Egg 2"},{"floor":40,"key":"Incense Burner"},{"floor":43,"key":"Pear"}],"event_choices":[{"event_name":"Purifier","player_choice":"One Purge","floor":4,"damage_taken":0},{"event_name":"Upgrade Shrine","player_choice":"Upgraded","floor":13,"damage_taken":0},{"event_name":"Nest","player_choice":"Stole From Cult","floor":21,"damage_taken":0},{"event_name":"Match and Keep!","player_choice":"2 cards matched","floor":31,"damage_taken":0},{"event_name":"Tomb of Lord Red Mask","player_choice":"Ignored","floor":37,"damage_taken":0},{"event_name":"Winding Halls","player_choice":"Embrace Madness","floor":38,"damage_taken":0},{"event_name":"SensoryStone","player_choice":"Memory 1","floor":39,"damage_taken":0},{"event_name":"Falling","player_choice":"Removed Attack","floor":46,"damage_taken":0},{"event_name":"WeMeetAgain","player_choice":"Card","floor":48,"damage_taken":0}],"is_beta":false,"boss_relics":[{"not_picked":["Velvet Choker","Inserter"],"picked":"Runic Pyramid"},{"not_picked":["Snecko Eye","Eternal Feather"],"picked":"Cursed Key"}],"items_purged_floors":[],"is_endless":false,"potions_floor_spawned":[7,10,14,18,24,25],"killed_by":"Awakened One","ascension_level":0}