{"gold_per_floor":[118,118,118,40,50,50,75,75,75,89,89,105,126,126,126,221,221,231,231,245,7,27,27,27,27,27,27,46,0,0,17,17,17],"floor_reached":33,"playtime":1845,"items_purged":[],"score":292,"play_id":"5eec2763-e97e-444c-b3df-28060ab82cdd","local_time":"20180820224626","is_ascension_mode":true,"campfire_choices":[{"data":"Hello World","floor":6,"key":"SMITH"},{"data":"Creative AI","floor":8,"key":"SMITH"},{"data":"Consume","floor":11,"key":"SMITH"},{"floor":15,"key":"REST"},{"floor":23,"key":"REST"},{"floor":27,"key":"REST"},{"floor":32,"key":"REST"}],"neow_cost":"NONE","seed_source_timestamp":4495189987175819,"circlet_count":0,"master_deck":["Strike_B+1","Strike_B+1","Strike_B+1","Strike_B+1","Defend_B+1","Defend_B+1","Defend_B+1","Defend_B+1","Zap","Dualcast","Hello World+1","Consume+1","Conserve Battery","Creative AI+1","Go for the Eyes","Static Discharge","Doom and Gloom","Creative AI","Conserve Battery","Redo+1","Ball Lightning+1","Capacitor","Redo+1"],"relics":["Cracked Core","Happy Flower","Symbiotic Virus","Odd Mushroom","Black Star","Bottled Tornado","Bag of Marbles"],"potions_floor_usage":[13,20,20,20,22,31,33,33,33,33,33],"damage_taken":[{"damage":0,"enemies":"Cultist","floor":1,"turns":3},{"damage":0,"enemies":"Small Slimes","floor":5,"turns":3},{"damage":11,"enemies":"3 Sentries","floor":7,"turns":11},{"damage":2,"enemies":"2 Louse","floor":10,"turns":2},{"damage":4,"enemies":"Looter","floor":12,"turns":3},{"damage":14,"floor":13,"turns":4},{"damage":32,"enemies":"Hexaghost","floor":16,"turns":8},{"damage":5,"enemies":"Chosen","floor":18,"turns":4},{"damage":37,"enemies":"2 Thieves","floor":20,"turns":5},{"damage":22,"enemies":"Snake Plant","floor":22,"turns":2},{"damage":37,"enemies":"Cultist and Chosen","floor":28,"turns":6},{"damage":17,"enemies":"Centurion and Healer","floor":31,"turns":7},{"damage":33,"enemies":"Automaton","floor":33,"turns":4}],"seed_played":"2337100472516229122","potions_obtained":[{"floor":0,"key":"Block Potion"},{"floor":0,"key":"SneckoOil"},{"floor":0,"key":"SteroidPotion"},{"floor":5,"key":"EntropicBrew"},{"floor":16,"key":"FearPotion"},{"floor":18,"key":"Block Potion"},{"floor":20,"key":"EntropicBrew"},{"floor":31,"key":"Weak Potion"}],"is_trial":false,"path_per_floor":["M","?","?","$","M","R","E","R","T","M","R","M","?","?","R","B",null,"M","?","M","$","M","R","?","$","T","R","M","?","?","M","R"],"character_chosen":"DEFECT","items_purchased":["Consume","Bottled Tornado"],"campfire_rested":4,"item_purchase_floors":[4,21],"current_hp_per_floor":[75,75,75,75,75,75,64,64,64,62,62,58,44,44,66,34,75,70,70,33,33,11,33,33,33,33,55,18,18,18,1,23,0],"gold":17,"neow_bonus":"THREE_SMALL_POTIONS","is_prod":false,"is_daily":false,"chose_seed":false,"campfire_upgraded":3,"win_rate":0,"timestamp":1534801586,"path_taken":["M","?","?","$","M","R","E","R","T","?","R","M","?","?","R","BOSS","M","?","M","$","M","R","?","?","T","R","M","?","?","M","R","BOSS"],"build_version":"2018-08-16","purchased_purges":0,"victory":false,"max_hp_per_floor":[75,75,75,75,75,75,75,75,75,75,75,75,75,75,75,75,75,75,75,75,75,75,75,75,75,75,75,75,75,75,75,75,75],"card_choices":[{"not_picked":["Conserve Battery","Beam Cell"],"picked":"Hello World","floor":1},{"not_picked":["Steam","Stack"],"picked":"Conserve Battery","floor":5},{"not_picked":["Hello World","Streamline"],"picked":"Creative AI","floor":7},{"not_picked":["FTL","Chaos"],"picked":"Go for the Eyes","floor":10},{"not_picked":["Cold Snap","Coolheaded"],"picked":"Static Discharge","floor":12},{"not_picked":["Hello World","Melter"],"picked":"Doom and Gloom","floor":13},{"not_picked":["Buffer","Hyperbeam"],"picked":"Creative AI","floor":16},{"not_picked":["Steam+1","Leap"],"picked":"Conserve Battery","floor":18},{"not_picked":["Turbo+1","Gash+1"],"picked":"Redo+1","floor":20},{"not_picked":["Rainbow","Coolheaded"],"picked":"Ball Lightning+1","floor":22},{"not_picked":["Auto Shields","Darkness"],"picked":"Capacitor","floor":28},{"not_picked":["Beam Cell","Fusion"],"picked":"Redo+1","floor":31}],"player_experience":421786,"relics_obtained":[{"floor":7,"key":"Happy Flower"},{"floor":9,"key":"Symbiotic Virus"},{"floor":13,"key":"Odd Mushroom"},{"floor":26,"key":"Bag of Marbles"}],"event_choices":[{"event_name":"Golden Idol","player_choice":"Ignored","floor":2,"damage_taken":0},{"event_name":"The Cleric","player_choice":"Leave","floor":3,"damage_taken":0},{"event_name":"Mushrooms","player_choice":"Fought Mushrooms","floor":13,"damage_taken":0},{"event_name":"Scrap Ooze","player_choice":"unsuccessful","floor":14,"damage_taken":0},{"event_name":"Beggar","player_choice":"Ignored","floor":19,"damage_taken":0},{"event_name":"Drug Dealer","player_choice":"Ignored","floor":24,"damage_taken":0},{"event_name":"Masked Bandits","player_choice":"Paid Fearfully","floor":29,"damage_taken":0},{"event_name":"Back to Basics","player_choice":"Simplicity","floor":30,"damage_taken":0}],"is_beta":false,"boss_relics":[{"not_picked":["Empty Cage","Tiny House"],"picked":"Black Star"}],"items_purged_floors":[],"is_endless":false,"potions_floor_spawned":[5,10,12,16,18,20,31],"killed_by":"Automaton","ascension_level":4}