{"gold_per_floor":[112,112,8,23,36,36,48,60,86,113,113,124,124,124,124,224,224,243,256,256,64,80,111,111,137,161,161,161,173,188,205,205,304,304,320,330,342,353,400,400],"floor_reached":40,"playtime":4545,"items_purged":[],"score":482,"play_id":"514d5bb3-9260-441e-868a-df805b0ec09f","local_time":"20180725221737","is_ascension_mode":false,"campfire_choices":[{"data":"Armaments","floor":6,"key":"SMITH"},{"data":"Dual Wield","floor":11,"key":"SMITH"},{"data":"Metallicize","floor":13,"key":"SMITH"},{"data":"Metallicize","floor":15,"key":"SMITH"},{"floor":24,"key":"REST"},{"floor":27,"key":"REST"},{"data":"Infernal Blade","floor":32,"key":"SMITH"}],"neow_cost":"NONE","seed_source_timestamp":2244360905937414,"circlet_count":0,"master_deck":["Strike_R","Strike_R","Defend_R","Defend_R","Defend_R","Bash","Metallicize+1","Dramatic Entrance","Armaments+1","Infernal Blade+1","Pommel Strike","Metallicize","Dual Wield+1","Metallicize+1","Double Tap","Bludgeon+1","Headbutt+1","Warcry+1","Pummel","Inflame","Trip","Madness","Thunderclap","Flex+1","Rage","Ghostly","Ghostly","Ghostly","Ghostly","Ghostly","Carnage+1","Whirlwind","Spot Weakness","Feed","Infernal Blade","Flame Barrier","Uppercut+1","Spot Weakness","Sword Boomerang"],"relics":["Burning Blood","Ancient Tea Set","Blood Vial","Bag of Preparation","Bronze Scales","Astrolabe","Strange Spoon","The Courier","Charon\u0027s Ashes","Boot","White Beast Statue","Turnip"],"potions_floor_usage":[22,29,36,37,38,40,40],"damage_taken":[{"damage":1,"enemies":"Jaw Worm","floor":1,"turns":3},{"damage":1,"enemies":"Cultist","floor":4,"turns":4},{"damage":0,"enemies":"Small Slimes","floor":5,"turns":3},{"damage":2,"enemies":"Blue Slaver","floor":7,"turns":2},{"damage":0,"enemies":"3 Louse","floor":8,"turns":3},{"damage":5,"enemies":"3 Sentries","floor":10,"turns":10},{"damage":0,"enemies":"Exordium Wildlife","floor":12,"turns":1},{"damage":23,"enemies":"Slime Boss","floor":16,"turns":19},{"damage":11,"enemies":"Shell Parasite","floor":18,"turns":5},{"damage":6,"enemies":"Spheric Guardian","floor":19,"turns":4},{"damage":6,"enemies":"Snake Plant","floor":22,"turns":5},{"damage":53,"enemies":"Gremlin Leader","floor":23,"turns":7},{"damage":24,"enemies":"Book of Stabbing","floor":25,"turns":5},{"damage":1,"enemies":"Centurion and Healer","floor":29,"turns":5},{"damage":5,"enemies":"Slaver and Parasite","floor":30,"turns":4},{"damage":0,"enemies":"Snake Plant","floor":31,"turns":2},{"damage":1,"enemies":"Collector","floor":33,"turns":10},{"damage":15,"enemies":"3 Darklings","floor":35,"turns":3},{"damage":2,"enemies":"3 Shapes","floor":36,"turns":18},{"damage":20,"enemies":"Sphere and 2 Shapes","floor":37,"turns":6},{"damage":5,"enemies":"3 Darklings","floor":38,"turns":5},{"damage":5,"floor":39,"turns":8},{"damage":37,"enemies":"Giant Head","floor":40,"turns":8}],"seed_played":"5867689412372240666","potions_obtained":[{"floor":1,"key":"SneckoOil"},{"floor":5,"key":"Ancient Potion"},{"floor":7,"key":"Poison Potion"},{"floor":10,"key":"Weak Potion"},{"floor":18,"key":"Block Potion"},{"floor":22,"key":"Weak Potion"},{"floor":23,"key":"Dexterity Potion"},{"floor":33,"key":"Explosive Potion"},{"floor":36,"key":"PowerPotion"},{"floor":37,"key":"Explosive Potion"},{"floor":38,"key":"EssenceOfSteel"}],"is_trial":false,"path_per_floor":["M","?","$","M","M","R","M","M","T","E","R","M","R","?","R","B",null,"M","M","?","$","M","E","R","E","T","R","?","M","M","M","R","B",null,"M","M","M","M","?"],"character_chosen":"IRONCLAD","items_purchased":["Dramatic Entrance","Strange Spoon"],"campfire_rested":2,"item_purchase_floors":[3,21],"current_hp_per_floor":[80,80,80,80,80,80,80,80,80,80,80,80,80,68,68,53,80,75,77,53,53,55,10,34,18,18,42,40,40,40,40,40,40,40,31,37,25,28,34,0],"gold":400,"neow_bonus":"RANDOM_COMMON_RELIC","is_prod":false,"is_daily":false,"chose_seed":false,"campfire_upgraded":5,"win_rate":0,"timestamp":1532553457,"path_taken":["M","?","?","?","M","R","M","M","T","E","R","M","R","?","R","BOSS","M","M","?","$","M","E","R","E","T","R","?","M","?","M","R","BOSS","M","M","M","M","?","E"],"build_version":"2018-07-19v2","purchased_purges":0,"victory":false,"max_hp_per_floor":[80,80,80,80,80,80,80,80,80,80,80,80,80,80,80,80,80,80,80,80,80,80,80,80,80,80,80,40,40,40,40,40,40,40,40,40,40,40,43,43],"card_choices":[{"not_picked":["Pommel Strike","Searing Blow"],"picked":"Metallicize","floor":1},{"not_picked":["Shrug It Off","Bloodletting"],"picked":"Armaments","floor":4},{"not_picked":["Sword Boomerang","Hemokinesis"],"picked":"Infernal Blade","floor":5},{"not_picked":["Offering","Havoc"],"picked":"Pommel Strike","floor":7},{"not_picked":["Warcry","Bloodletting"],"picked":"Metallicize","floor":8},{"not_picked":["Pommel Strike","Sever Soul"],"picked":"Dual Wield","floor":10},{"not_picked":["Twin Strike","Sentinel"],"picked":"Metallicize","floor":12},{"not_picked":["Dark Embrace","Bludgeon"],"picked":"Double Tap","floor":16},{"not_picked":["Headbutt","Rage"],"picked":"Pummel","floor":18},{"not_picked":["Dropkick+1","Heavy Blade"],"picked":"Inflame","floor":19},{"not_picked":["Sever Soul","Rupture"],"picked":"Thunderclap","floor":22},{"not_picked":["Rage+1","Blood for Blood"],"picked":"Flex+1","floor":23},{"not_picked":["Sever Soul","Iron Wave+1"],"picked":"Rage","floor":25},{"not_picked":["Thunderclap","True Grit+1"],"picked":"Carnage+1","floor":29},{"not_picked":["Perfected Strike","Body Slam"],"picked":"Whirlwind","floor":30},{"not_picked":["Shrug It Off","Juggernaut"],"picked":"Spot Weakness","floor":31},{"not_picked":["Exhume","Bludgeon"],"picked":"Feed","floor":33},{"not_picked":["Corruption","Sword Boomerang"],"picked":"Infernal Blade","floor":35},{"not_picked":["Combust+1","Twin Strike+1"],"picked":"Flame Barrier","floor":36},{"not_picked":["Clash+1","Sword Boomerang+1"],"picked":"Uppercut+1","floor":37},{"not_picked":["Shrug It Off","Sword Boomerang+1"],"picked":"Spot Weakness","floor":38},{"not_picked":["Whirlwind","Warcry+1"],"picked":"Sword Boomerang","floor":39}],"player_experience":219446,"relics_obtained":[{"floor":9,"key":"Blood Vial"},{"floor":10,"key":"Bag of Preparation"},{"floor":23,"key":"The Courier"},{"floor":25,"key":"Charon\u0027s Ashes"},{"floor":26,"key":"Boot"},{"floor":39,"key":"Turnip"}],"event_choices":[{"event_name":"Purifier","player_choice":"One Purge","floor":2,"damage_taken":0},{"event_name":"Scrap Ooze","player_choice":"success","floor":14,"damage_taken":12},{"event_name":"Knowing Skull","player_choice":"CARD CARD ","floor":20,"damage_taken":0},{"event_name":"Ghosts","player_choice":"Became a Ghost","floor":28,"damage_taken":0},{"event_name":"Mysterious Sphere","player_choice":"Fight","floor":39,"damage_taken":0}],"is_beta":false,"boss_relics":[{"not_picked":["Empty Cage","Runic Dome"],"picked":"Astrolabe"},{"not_picked":["Snecko Eye","Tiny House"],"picked":"White Beast Statue"}],"items_purged_floors":[],"is_endless":false,"potions_floor_spawned":[1,5,7,10,18,22,23,33,35,36,37,38,39],"killed_by":"Giant Head","ascension_level":0}