{"gold_per_floor":[113,288,305,305,324,324,336,336,363,363,363,377,389,406,406,503,503,516,128,328,359,359],"floor_reached":22,"playtime":938,"items_purged":[],"score":276,"play_id":"dfed8beb-10dd-4585-a07e-83165aba7c84","local_time":"20180903161405","is_ascension_mode":false,"campfire_choices":[{"data":"Storm","floor":6,"key":"SMITH"},{"data":"Zap","floor":8,"key":"SMITH"},{"data":"Dualcast","floor":11,"key":"SMITH"},{"floor":15,"key":"REST"}],"neow_cost":"","seed_source_timestamp":0,"circlet_count":0,"master_deck":["Strike_B","Strike_B","Strike_B","Defend_B","Defend_B+1","Defend_B","Defend_B+1","Zap+1","Dualcast+1","Heatsinks","Storm+1","Stack","Ball Lightning","Aggregate","Ball Lightning","Thunder Strike","Creative AI","White Noise","White Noise","Beam Cell+1"],"relics":["Cracked Core","War Paint","Empty Cage","Membership Card","Ginger","Red Mask"],"potions_floor_usage":[16,21],"damage_taken":[{"damage":1,"enemies":"Cultist","floor":1,"turns":3},{"damage":1,"enemies":"Jaw Worm","floor":3,"turns":3},{"damage":0,"enemies":"Small Slimes","floor":5,"turns":4},{"damage":19,"enemies":"Blue Slaver","floor":7,"turns":4},{"damage":10,"enemies":"Red Slaver","floor":12,"turns":3},{"damage":1,"enemies":"2 Fungi Beasts","floor":13,"turns":3},{"damage":10,"enemies":"Looter","floor":14,"turns":2},{"damage":50,"enemies":"The Guardian","floor":16,"turns":13},{"damage":20,"enemies":"3 Byrds","floor":18,"turns":4},{"damage":55,"enemies":"Masked Bandits","floor":21,"turns":4},{"damage":7,"enemies":"Spheric Guardian","floor":22,"turns":3}],"seed_played":"-6081904543056898946","potions_obtained":[{"floor":3,"key":"Ancient Potion"},{"floor":5,"key":"Poison Potion"},{"floor":13,"key":"GamblersBrew"},{"floor":16,"key":"GamblersBrew"}],"is_trial":true,"path_per_floor":["M","?","M","?","M","R","M","R","T","?","R","M","M","M","R","B",null,"M","$","?","?"],"character_chosen":"DEFECT","items_purchased":["Membership Card","Ginger","White Noise"],"campfire_rested":1,"item_purchase_floors":[19,19,19],"current_hp_per_floor":[74,74,73,73,73,73,54,54,54,59,59,49,48,38,62,12,80,60,60,60,5,0],"gold":359,"neow_bonus":"","is_prod":false,"is_daily":false,"chose_seed":false,"campfire_upgraded":3,"win_rate":0,"timestamp":1535987645,"path_taken":["M","?","M","?","M","R","M","R","T","?","R","?","M","M","R","BOSS","M","$","?","?","?"],"build_version":"2018-08-30","purchased_purges":0,"victory":false,"max_hp_per_floor":[75,75,75,75,75,75,75,75,75,80,80,80,80,80,80,80,80,80,80,80,80,80],"card_choices":[{"not_picked":["Hologram","Barrage"],"picked":"Heatsinks","floor":1},{"not_picked":["Steam","Turbo"],"picked":"Storm","floor":3},{"not_picked":["Genetic Algorithm","Redo"],"picked":"Stack","floor":5},{"not_picked":["Compile Driver","Streamline"],"picked":"Ball Lightning","floor":7},{"not_picked":["Recycle","Force Field"],"picked":"Aggregate","floor":12},{"not_picked":["Steam","Rebound"],"picked":"Ball Lightning","floor":13},{"not_picked":["Ball Lightning","Compile Driver"],"picked":"Thunder Strike","floor":14},{"not_picked":["Echo Form","Meteor Strike"],"picked":"Creative AI","floor":16},{"not_picked":["Scrape+1","Ball Lightning"],"picked":"White Noise","floor":18},{"not_picked":["Conserve Battery","Hologram"],"picked":"Beam Cell+1","floor":21}],"player_experience":492321,"relics_obtained":[{"floor":9,"key":"War Paint"},{"floor":21,"key":"Red Mask"}],"event_choices":[{"event_name":"Liars Game","player_choice":"agreed","floor":2,"damage_taken":0},{"event_name":"The Cleric","player_choice":"Leave","floor":4,"damage_taken":0},{"event_name":"Big Fish","player_choice":"Donut","floor":10,"damage_taken":0},{"event_name":"The Joust","player_choice":"Bet on Owner","floor":20,"damage_taken":0},{"event_name":"Masked Bandits","player_choice":"Fought Bandits","floor":21,"damage_taken":0}],"is_beta":false,"boss_relics":[{"not_picked":["Runic Dome","Coffee Dripper"],"picked":"Empty Cage"}],"items_purged_floors":[],"is_endless":true,"potions_floor_spawned":[3,5,13,16],"killed_by":"Spheric Guardian","ascension_level":0}