{"gold_per_floor":[114,114,114,114,125,125,135,135,159,159,171,188,188,80,80,180,180,196,208,208,222,72,72,72,88,88,121,121,139,139,239,239,339,339,351,371,471,47,47,47,47,47,47,47,47,47,47,64,64,64],"floor_reached":50,"playtime":2419,"items_purged":["Shame"],"score":571,"play_id":"09ff463d-d043-4fe9-8bbd-4a92a33d5823","local_time":"20181113142407","is_ascension_mode":false,"campfire_choices":[{"data":"Bash","floor":6,"key":"SMITH"},{"data":"Perfected Strike","floor":8,"key":"SMITH"},{"data":"Twin Strike","floor":10,"key":"SMITH"},{"data":"Infernal Blade","floor":13,"key":"SMITH"},{"data":"Discovery","floor":15,"key":"SMITH"},{"data":"Heavy Blade","floor":23,"key":"SMITH"},{"data":"Seeing Red","floor":28,"key":"SMITH"},{"floor":32,"key":"REST"},{"data":"Disarm","floor":40,"key":"SMITH"},{"data":"Heavy Blade","floor":41,"key":"SMITH"},{"floor":49,"key":"REST"}],"neow_cost":"NONE","seed_source_timestamp":87053632784958,"circlet_count":0,"master_deck":["Strike_R+1","Strike_R+1","Strike_R+1","Strike_R+1","Defend_R+1","Defend_R+1","Defend_R+1","Defend_R+1","Bash+1","Twin Strike+1","Perfected Strike+1","Wild Strike","Infernal Blade+1","Pommel Strike","Twin Strike","Discovery+1","Demon Form","Twin Strike","Twin Strike","Infernal Blade+1","Heavy Blade+1","Iron Wave","Immolate","Sword Boomerang+1","Seeing Red+1","Twin Strike+1","Demon Form","Juggernaut","Twin Strike+1","Heavy Blade+1","Heavy Blade+1","Twin Strike","Disarm+1","Fire Breathing","Heavy Blade"],"relics":["Burning Blood","Red Skull","Juzu Bracelet","Dream Catcher","White Beast Statue","Ancient Tea Set","Orichalcum","Bag of Preparation","Cursed Key","WingedGreaves","Bottled Lightning","CultistMask","Sundial"],"potions_floor_usage":[19,21,21,25,27,27,35,48,50,50,50],"damage_taken":[{"damage":12,"enemies":"Jaw Worm","floor":1,"turns":6},{"damage":0,"enemies":"Small Slimes","floor":5,"turns":3},{"damage":6,"enemies":"2 Louse","floor":7,"turns":2},{"damage":16,"enemies":"Exordium Thugs","floor":11,"turns":4},{"damage":11,"enemies":"Large Slime","floor":12,"turns":2},{"damage":0,"enemies":"Slime Boss","floor":16,"turns":5},{"damage":10,"enemies":"2 Thieves","floor":18,"turns":3},{"damage":17,"enemies":"3 Byrds","floor":19,"turns":8},{"damage":11,"enemies":"Snake Plant","floor":21,"turns":3},{"damage":10,"enemies":"Centurion and Healer","floor":25,"turns":5},{"damage":16,"enemies":"Book of Stabbing","floor":27,"turns":3},{"damage":0,"enemies":"3 Cultists","floor":29,"turns":2},{"damage":38,"enemies":"Champ","floor":33,"turns":9},{"damage":2,"enemies":"Orb Walker","floor":35,"turns":3},{"damage":8,"enemies":"3 Shapes","floor":36,"turns":7},{"damage":0,"enemies":"Mind Bloom Boss Battle","floor":37,"turns":4},{"damage":38,"enemies":"Spire Growth","floor":48,"turns":4},{"damage":83,"enemies":"Time Eater","floor":50,"turns":10}],"seed_played":"-6303216857352600528","potions_obtained":[{"floor":11,"key":"Poison Potion"},{"floor":16,"key":"Swift Potion"},{"floor":18,"key":"SteroidPotion"},{"floor":19,"key":"Fire Potion"},{"floor":21,"key":"FearPotion"},{"floor":25,"key":"Dexterity Potion"},{"floor":27,"key":"AttackPotion"},{"floor":29,"key":"Regen Potion"},{"floor":33,"key":"PowerPotion"},{"floor":35,"key":"PowerPotion"},{"floor":47,"key":"Energy Potion"},{"floor":48,"key":"Swift Potion"}],"is_trial":false,"path_per_floor":["M","?","?","?","M","R","M","R","T","R","M","M","R","$","R","B",null,"M","M","?","M","$","R","?","M","T","E","R","M","?","?","R","B",null,"M","M","?","$","?","R","R","?","T","$","?","$","?","M","R","B"],"character_chosen":"IRONCLAD","items_purchased":["Twin Strike","Discovery","Heavy Blade","Iron Wave","Twin Strike","Disarm","Bottled Lightning","Fire Breathing"],"campfire_rested":2,"item_purchase_floors":[14,14,22,22,38,38,38,38],"current_hp_per_floor":[74,74,74,71,77,77,77,77,77,77,67,62,62,62,62,68,80,76,65,65,60,60,60,60,56,56,46,46,52,52,52,76,44,80,80,78,80,80,80,80,80,80,80,80,80,80,80,48,72,0],"gold":64,"neow_bonus":"RANDOM_COMMON_RELIC","is_prod":false,"is_daily":false,"chose_seed":false,"campfire_upgraded":9,"win_rate":0,"timestamp":1542119047,"path_taken":["M","?","?","?","M","R","M","R","T","R","M","M","R","$","R","BOSS","M","M","?","M","$","R","?","M","T","E","R","M","?","?","R","BOSS","M","M","?","$","?","R","R","?","T","?","?","$","?","M","R","BOSS"],"build_version":"2018-11-08","purchased_purges":1,"victory":false,"max_hp_per_floor":[80,80,80,80,80,80,80,80,80,80,80,80,80,80,80,80,80,80,80,80,80,80,80,80,80,80,80,80,80,80,80,80,80,80,80,80,80,80,80,80,80,80,80,80,80,80,80,80,80,80],"card_choices":[{"not_picked":["Body Slam","Rupture"],"picked":"Twin Strike","floor":1},{"not_picked":["Battle Trance","Clothesline"],"picked":"Perfected Strike","floor":5},{"not_picked":["Clash","Headbutt"],"picked":"Wild Strike","floor":7},{"not_picked":["Heavy Blade","Rampage"],"picked":"Infernal Blade","floor":11},{"not_picked":["True Grit","Body Slam"],"picked":"Pommel Strike","floor":12},{"not_picked":["Fiend Fire","Impervious"],"picked":"Demon Form","floor":16},{"not_picked":["Battle Trance+1","Iron Wave+1"],"picked":"Twin Strike","floor":18},{"not_picked":["Flex","Cleave"],"picked":"Twin Strike","floor":19},{"not_picked":["Evolve","Iron Wave"],"picked":"Infernal Blade+1","floor":21},{"not_picked":["Clothesline","Exhume"],"picked":"Sword Boomerang+1","floor":25},{"not_picked":["Metallicize","Headbutt"],"picked":"Seeing Red","floor":27},{"not_picked":["Sword Boomerang+1","Corruption"],"picked":"Twin Strike+1","floor":29},{"not_picked":["Ghostly Armor","Combust"],"picked":"Demon Form","floor":32},{"not_picked":["Demon Form","Feed"],"picked":"Juggernaut","floor":33},{"not_picked":["Shockwave","Sever Soul+1"],"picked":"Twin Strike+1","floor":35},{"not_picked":["Iron Wave","Infernal Blade"],"picked":"Heavy Blade","floor":36},{"not_picked":["Anger+1","Twin Strike"],"picked":"Heavy Blade+1","floor":37},{"not_picked":["Bloodletting+1","Armaments+1"],"picked":"Heavy Blade","floor":48}],"player_experience":711410,"relics_obtained":[{"floor":9,"key":"Dream Catcher"},{"floor":26,"key":"Orichalcum"},{"floor":27,"key":"Bag of Preparation"},{"floor":37,"key":"WingedGreaves"},{"floor":43,"key":"Sundial"}],"event_choices":[{"damage_healed":0,"gold_gain":0,"player_choice":"Ignored","damage_taken":0,"max_hp_gain":0,"max_hp_loss":0,"event_name":"Golden Idol","floor":2,"gold_loss":0},{"damage_healed":0,"gold_gain":0,"player_choice":"Leave","damage_taken":0,"max_hp_gain":0,"max_hp_loss":0,"event_name":"The Cleric","floor":3,"gold_loss":0},{"damage_healed":0,"gold_gain":0,"player_choice":"Success","damage_taken":3,"relics_obtained":["Juzu Bracelet"],"max_hp_gain":0,"max_hp_loss":0,"event_name":"Scrap Ooze","floor":4,"gold_loss":0},{"damage_healed":0,"gold_gain":0,"player_choice":"Stole Relic","damage_taken":0,"relics_obtained":["Ancient Tea Set"],"max_hp_gain":0,"max_hp_loss":0,"event_name":"Addict","floor":20,"gold_loss":0,"cards_obtained":["Shame"]},{"damage_healed":0,"gold_gain":0,"cards_transformed":["Strike_R"],"player_choice":"Transformed","damage_taken":0,"max_hp_gain":0,"max_hp_loss":0,"event_name":"Transmorgrifier","floor":24,"gold_loss":0,"cards_obtained":["Immolate"]},{"damage_healed":0,"gold_gain":0,"player_choice":"Simplicity","damage_taken":0,"max_hp_gain":0,"max_hp_loss":0,"event_name":"Back to Basics","floor":30,"gold_loss":0,"cards_upgraded":["Strike_R","Strike_R","Strike_R","Strike_R","Defend_R","Defend_R","Defend_R","Defend_R"]},{"damage_healed":0,"gold_gain":100,"player_choice":"Pray","damage_taken":0,"max_hp_gain":0,"max_hp_loss":0,"event_name":"Golden Shrine","floor":31,"gold_loss":0},{"damage_healed":0,"gold_gain":0,"player_choice":"Fight","damage_taken":0,"max_hp_gain":0,"max_hp_loss":0,"event_name":"MindBloom","floor":37,"gold_loss":0},{"damage_healed":0,"gold_gain":0,"player_choice":"Ignored","damage_taken":0,"max_hp_gain":0,"max_hp_loss":0,"event_name":"SecretPortal","floor":39,"gold_loss":0},{"damage_healed":0,"gold_gain":0,"player_choice":"Trade","damage_taken":0,"relics_obtained":["CultistMask"],"max_hp_gain":0,"max_hp_loss":0,"event_name":"FaceTrader","floor":42,"gold_loss":0},{"cards_removed":["Injury"],"damage_healed":0,"gold_gain":0,"player_choice":"Purged","damage_taken":0,"max_hp_gain":0,"max_hp_loss":0,"event_name":"Purifier","floor":45,"gold_loss":0},{"damage_healed":0,"gold_gain":0,"player_choice":"Got Potions","damage_taken":0,"max_hp_gain":0,"max_hp_loss":0,"event_name":"Lab","floor":47,"gold_loss":0}],"is_beta":false,"boss_relics":[{"not_picked":["Black Star","Astrolabe"],"picked":"White Beast Statue"},{"not_picked":["Eternal Feather","Orrery"],"picked":"Cursed Key"}],"items_purged_floors":[22],"is_endless":false,"potions_floor_spawned":[11,16,18,19,21,25,27,29,33,35,36,37,48],"killed_by":"Time Eater","ascension_level":0}