{"gold_per_floor":[117,128,139,104,119,119,119,119,145,145,159,172,44,44,44,44],"floor_reached":16,"playtime":856,"items_purged":[],"score":106,"play_id":"7c83d81e-8704-40f1-8dc1-de160a3a68cd","local_time":"20180812195646","is_ascension_mode":true,"campfire_choices":[{"data":"Flex","floor":7,"key":"SMITH"},{"data":"Feel No Pain","floor":10,"key":"SMITH"},{"data":"Armaments","floor":15,"key":"SMITH"}],"neow_cost":"NONE","seed_source_timestamp":3794800271647697,"circlet_count":0,"master_deck":["Strike_R","Strike_R","Strike_R","Strike_R","Strike_R","Defend_R","Defend_R","Defend_R","Defend_R","Bash","Flex+1","Shrug It Off","Feel No Pain+1","Impervious","Burning Pact","Armaments+1","Metallicize","Flex"],"relics":["Burning Blood","Boot","Juzu Bracelet"],"potions_floor_usage":[],"damage_taken":[{"damage":7,"enemies":"Cultist","floor":1,"turns":4},{"damage":1,"enemies":"2 Louse","floor":2,"turns":2},{"damage":16,"enemies":"Small Slimes","floor":3,"turns":5},{"damage":13,"enemies":"3 Louse","floor":5,"turns":4},{"damage":12,"enemies":"Looter","floor":11,"turns":3},{"damage":4,"enemies":"2 Fungi Beasts","floor":12,"turns":6},{"damage":72,"enemies":"Slime Boss","floor":16,"turns":12}],"seed_played":"-6229472378770413619","potions_obtained":[{"floor":3,"key":"Energy Potion"},{"floor":5,"key":"FearPotion"},{"floor":11,"key":"EntropicBrew"}],"is_trial":false,"path_per_floor":["M","M","M","?","M","?","R","?","T","R","M","M","$","?","R"],"character_chosen":"IRONCLAD","items_purchased":["Metallicize","Flex"],"campfire_rested":0,"item_purchase_floors":[13,13],"current_hp_per_floor":[79,80,70,80,73,73,73,73,73,73,67,69,69,69,69,0],"gold":44,"neow_bonus":"ONE_RANDOM_RARE_CARD","is_prod":false,"is_daily":false,"chose_seed":false,"campfire_upgraded":3,"win_rate":0,"timestamp":1534100206,"path_taken":["M","M","M","?","M","?","R","?","T","R","M","M","$","?","R","BOSS"],"build_version":"2018-08-09","purchased_purges":0,"victory":false,"max_hp_per_floor":[80,80,80,80,80,80,80,80,80,80,80,80,80,80,80,80],"card_choices":[{"not_picked":["Bloodletting","Heavy Blade"],"picked":"Flex","floor":1},{"not_picked":["Iron Wave","Anger"],"picked":"Shrug It Off","floor":2},{"not_picked":["Armaments","Uppercut"],"picked":"Feel No Pain","floor":3},{"not_picked":["Perfected Strike","Clash"],"picked":"Impervious","floor":5},{"not_picked":["Wild Strike","Second Wind"],"picked":"Burning Pact","floor":11},{"not_picked":["Evolve","Clothesline"],"picked":"Armaments","floor":12}],"player_experience":339647,"relics_obtained":[{"floor":9,"key":"Boot"}],"event_choices":[{"event_name":"The Cleric","player_choice":"Healed","floor":4,"damage_taken":0},{"event_name":"Golden Idol","player_choice":"Ignored","floor":6,"damage_taken":0},{"event_name":"Golden Wing","player_choice":"Ignored","floor":8,"damage_taken":0},{"event_name":"WeMeetAgain","player_choice":"Card","floor":14,"damage_taken":0}],"is_beta":false,"boss_relics":[],"items_purged_floors":[],"is_endless":false,"potions_floor_spawned":[3,5,11],"killed_by":"Slime Boss","ascension_level":3}