{"gold_per_floor":[119,129,129,149,149,180,180,212,262,289,289,289,59,78,78,207,207,221,221,244,19,35,35],"floor_reached":23,"playtime":2237,"items_purged":[],"score":209,"play_id":"a3f4f9b5-60c8-4b1e-a63f-4606affb20d4","local_time":"20190213134707","is_ascension_mode":false,"campfire_choices":[{"data":"Headbutt","floor":7,"key":"SMITH"},{"floor":11,"key":"REST"},{"data":"Corruption","floor":15,"key":"SMITH"}],"neow_cost":"NONE","seed_source_timestamp":829059563265916,"circlet_count":0,"master_deck":["Bash+1","Pummel","Cleave","Cleave","Headbutt+1","Headbutt","Twin Strike","Rage+1","Injury","Rupture+1","Offering+1","Corruption+1","Barricade","Brutality","Disarm+1","Barricade","Metallicize","Second Wind+1","Body Slam+1","Spot Weakness+1","Flame Barrier+1","Body Slam+1","Shockwave+1","Pommel Strike+1","Rupture","Rupture+1","Heavy Blade+1"],"relics":["Burning Blood","Toxic Egg 2","Vajra","Regal Pillow","Molten Egg 2","Golden Idol","Pandora\u0027s Box","DollysMirror"],"potions_floor_usage":[22,23,23],"damage_taken":[{"damage":5,"enemies":"Small Slimes","floor":1,"turns":3},{"damage":6,"enemies":"Jaw Worm","floor":2,"turns":3},{"damage":2,"enemies":"2 Louse","floor":4,"turns":2},{"damage":27,"enemies":"Gremlin Nob","floor":6,"turns":4},{"damage":17,"enemies":"3 Sentries","floor":8,"turns":5},{"damage":36,"enemies":"Lagavulin","floor":10,"turns":6},{"damage":5,"enemies":"Looter","floor":14,"turns":2},{"damage":22,"enemies":"Slime Boss","floor":16,"turns":9},{"damage":7,"enemies":"Chosen","floor":18,"turns":6},{"damage":5,"enemies":"3 Byrds","floor":20,"turns":5},{"damage":31,"enemies":"Snake Plant","floor":22,"turns":4},{"damage":65,"enemies":"Gremlin Leader","floor":23,"turns":4}],"seed_played":"7325397461231112518","potions_obtained":[{"floor":6,"key":"Swift Potion"},{"floor":8,"key":"LiquidBronze"},{"floor":10,"key":"Regen Potion"}],"is_trial":false,"path_per_floor":["M","M","?","M","?","E","R","E","T","E","R","?","$","M","R","B",null,"M","?","M","$","M","E"],"character_chosen":"IRONCLAD","items_purchased":["Rupture","Offering+1","Rupture","DollysMirror"],"campfire_rested":1,"item_purchase_floors":[13,13,21,21],"current_hp_per_floor":[80,80,80,80,80,59,59,48,48,18,57,57,57,58,58,42,80,79,79,80,80,55,0],"gold":35,"neow_bonus":"THREE_CARDS","is_prod":false,"is_daily":false,"chose_seed":false,"campfire_upgraded":2,"win_rate":0,"timestamp":1550065627,"path_taken":["M","M","?","M","?","E","R","E","T","E","R","?","?","M","R","BOSS","M","?","?","$","M","E"],"build_version":"2019-01-23","purchased_purges":0,"victory":false,"max_hp_per_floor":[80,80,80,80,80,80,80,80,80,80,80,80,80,80,80,80,80,80,80,80,80,80,80],"card_choices":[{"not_picked":["Armaments","Clothesline"],"picked":"Pummel","floor":0},{"not_picked":["Heavy Blade","Burning Pact"],"picked":"Cleave","floor":1},{"not_picked":["Clothesline","Fire Breathing"],"picked":"Cleave","floor":2},{"not_picked":["Rupture","Thunderclap"],"picked":"Headbutt","floor":4},{"not_picked":["Rampage","Hemokinesis"],"picked":"Headbutt","floor":6},{"not_picked":["Rupture","Carnage"],"picked":"Twin Strike","floor":8},{"not_picked":["Hemokinesis","Rampage"],"picked":"Rage+1","floor":10},{"not_picked":["Clash+1","Armaments+1"],"picked":"Corruption","floor":14},{"not_picked":["Immolate+1","Impervious+1"],"picked":"Barricade","floor":16},{"not_picked":["Twin Strike+1","Intimidate+1"],"picked":"Shockwave+1","floor":18},{"not_picked":["Perfected Strike+1","Uppercut+1"],"picked":"Pommel Strike+1","floor":20},{"not_picked":["Sword Boomerang+1","Hemokinesis+1"],"picked":"Heavy Blade+1","floor":22}],"player_experience":971876,"relics_obtained":[{"floor":6,"key":"Toxic Egg 2"},{"floor":8,"key":"Vajra"},{"floor":9,"key":"Regal Pillow"},{"floor":10,"key":"Molten Egg 2"}],"event_choices":[{"damage_healed":0,"gold_gain":0,"player_choice":"Ignored","damage_taken":0,"max_hp_gain":0,"max_hp_loss":0,"event_name":"Golden Wing","floor":3,"gold_loss":0},{"damage_healed":0,"gold_gain":0,"player_choice":"Grow","damage_taken":0,"max_hp_gain":0,"max_hp_loss":0,"event_name":"Living Wall","floor":5,"gold_loss":0,"cards_upgraded":["Bash"]},{"damage_healed":0,"gold_gain":0,"player_choice":"Take Wound","damage_taken":0,"relics_obtained":["Golden Idol"],"max_hp_gain":0,"max_hp_loss":0,"event_name":"Golden Idol","floor":12,"gold_loss":0,"cards_obtained":["Injury"]},{"damage_healed":0,"gold_gain":0,"player_choice":"Upgraded","damage_taken":0,"max_hp_gain":0,"max_hp_loss":0,"event_name":"Upgrade Shrine","floor":19,"gold_loss":0,"cards_upgraded":["Rupture"]}],"is_beta":false,"boss_relics":[{"not_picked":["Eternal Feather","Lizard Tail"],"picked":"Pandora\u0027s Box"}],"items_purged_floors":[],"is_endless":false,"potions_floor_spawned":[6,8,10],"killed_by":"Gremlin Leader","ascension_level":0}