{"gold_per_floor":[114,129,129,129,129,159,159,163,163,163,178,178,193,223,223,323,323,338,353,368,383,383,383,383],"floor_reached":24,"playtime":2394,"items_purged":[],"score":406,"play_id":"466c59ba-c630-4325-b21d-d4f560cb1f6f","local_time":"20180807065949","daily_mods":["Insanity","Elite Swarm","Hoarder"],"is_ascension_mode":false,"campfire_choices":[{"data":"Heavy Blade","floor":7,"key":"SMITH"},{"data":"Feel No Pain","floor":10,"key":"SMITH"},{"data":"Feel No Pain","floor":12,"key":"SMITH"},{"floor":15,"key":"REST"},{"data":"Armaments","floor":23,"key":"SMITH"}],"neow_cost":"","seed_source_timestamp":0,"circlet_count":0,"master_deck":["Flame Barrier","Blood for Blood","Battle Trance","Seeing Red","Limit Break","Sword Boomerang","Headbutt","Sentinel+1","Limit Break","Heavy Blade+1","Offering","Entrench","Barricade","Juggernaut","Cleave","Evolve","Barricade","Carnage","Infernal Blade","Dark Embrace","Berserk","Carnage","Pummel","Rage","Wild Strike","Disarm+1","Seeing Red","Anger","Carnage","Pommel Strike","Headbutt","Reaper","Double Tap","Ghostly Armor","Infernal Blade","Infernal Blade","True Grit","Dark Embrace","Barricade","Thunderclap","Limit Break","Evolve","Feel No Pain","Exhume","Offering","True Grit","Rampage","Barricade","Bash","Rupture","Pummel","Pummel","Pummel","Feel No Pain+1","Feel No Pain+1","Feel No Pain","Feed","Feed","Feed","Warcry","Warcry","Warcry","Fiend Fire","Fiend Fire","Fiend Fire","Feed","Feed","Feed","Infernal Blade+1","Infernal Blade+1","Infernal Blade+1","Flex","Flex","Flex","Armaments+1","Armaments","Armaments"],"special_seed":17750,"relics":["Burning Blood","Omamori","Shovel","Odd Mushroom","Meat on the Bone","War Paint","Pandora\u0027s Box","Enchiridion"],"potions_floor_usage":[16,20,24,24,24],"damage_taken":[{"damage":6,"enemies":"Cultist","floor":1,"turns":3},{"damage":0,"enemies":"2 Louse","floor":2,"turns":2},{"damage":20,"enemies":"Gremlin Nob","floor":6,"turns":4},{"damage":12,"floor":8,"turns":3},{"damage":0,"enemies":"Small Slimes","floor":11,"turns":2},{"damage":14,"enemies":"Exordium Wildlife","floor":13,"turns":3},{"damage":36,"enemies":"Lagavulin","floor":14,"turns":5},{"damage":40,"enemies":"Slime Boss","floor":16,"turns":21},{"damage":5,"enemies":"Spheric Guardian","floor":18,"turns":4},{"damage":17,"enemies":"Chosen","floor":19,"turns":4},{"damage":39,"enemies":"Slaver and Parasite","floor":20,"turns":5},{"damage":9,"enemies":"Centurion and Healer","floor":21,"turns":7},{"damage":44,"enemies":"Slavers","floor":24,"turns":3}],"seed_played":"581998401352651869","potions_obtained":[{"floor":6,"key":"Weak Potion"},{"floor":8,"key":"LiquidBronze"},{"floor":11,"key":"SkillPotion"},{"floor":16,"key":"Strength Potion"},{"floor":20,"key":"Dexterity Potion"}],"is_trial":false,"path_per_floor":["M","M","?","?","?","E","R","?","T","R","M","R","M","E","R","B",null,"M","M","M","M","?","R"],"character_chosen":"IRONCLAD","items_purchased":[],"campfire_rested":1,"item_purchase_floors":[],"current_hp_per_floor":[80,80,80,77,77,63,63,72,72,72,78,78,77,59,84,68,92,92,81,60,57,41,41,0],"gold":383,"neow_bonus":"","is_prod":false,"is_daily":true,"chose_seed":false,"campfire_upgraded":4,"win_rate":0,"timestamp":1533621589,"path_taken":["M","M","?","?","?","E","R","?","T","R","M","R","M","E","R","BOSS","M","M","M","M","?","R","E"],"build_version":"2018-08-02","purchased_purges":0,"victory":false,"max_hp_per_floor":[80,80,80,80,80,80,80,83,83,83,83,83,86,86,86,92,92,92,92,98,98,98,98,98],"card_choices":[{"not_picked":["Twin Strike","Wild Strike"],"picked":"Pummel","floor":1},{"not_picked":["Cleave","Clash"],"picked":"Feel No Pain","floor":2},{"not_picked":["Bludgeon","Barricade"],"picked":"Feed","floor":6},{"not_picked":["Shrug It Off","True Grit"],"picked":"Warcry","floor":8},{"not_picked":["Flame Barrier","Body Slam","Sword Boomerang"],"picked":"SKIP","floor":11},{"not_picked":["Shrug It Off","Pommel Strike","Sword Boomerang"],"picked":"SKIP","floor":13},{"not_picked":["Limit Break","Brutality"],"picked":"Fiend Fire","floor":14},{"not_picked":["Offering","Limit Break"],"picked":"Feed","floor":16},{"not_picked":["Pommel Strike","Heavy Blade"],"picked":"Infernal Blade+1","floor":18},{"not_picked":["Pommel Strike","Whirlwind+1"],"picked":"Flex","floor":19},{"not_picked":["Thunderclap","Pommel Strike+1","Headbutt+1"],"picked":"SKIP","floor":20},{"not_picked":["True Grit+1","Anger"],"picked":"Armaments","floor":21}],"player_experience":301888,"relics_obtained":[{"floor":6,"key":"Shovel"},{"floor":8,"key":"Odd Mushroom"},{"floor":9,"key":"Meat on the Bone"},{"floor":14,"key":"War Paint"},{"floor":22,"key":"Enchiridion"}],"event_choices":[{"event_name":"Liars Game","player_choice":"disagreed","floor":3,"damage_taken":0},{"event_name":"Scrap Ooze","player_choice":"success","floor":4,"damage_taken":3},{"event_name":"Golden Idol","player_choice":"Ignored","floor":5,"damage_taken":0},{"event_name":"Mushrooms","player_choice":"Fought Mushrooms","floor":8,"damage_taken":0},{"event_name":"Cursed Tome","player_choice":"Obtained Book","floor":22,"damage_taken":0}],"is_beta":false,"boss_relics":[{"not_picked":["Philosopher\u0027s Stone","Calling Bell"],"picked":"Pandora\u0027s Box"}],"items_purged_floors":[],"is_endless":false,"potions_floor_spawned":[6,8,11,13,16,20,21],"killed_by":"Slavers","ascension_level":0}