{"gold_per_floor":[367,367,57,232,256,256,275,49,74,84,84,98,98,48,48,48],"floor_reached":16,"playtime":375,"items_purged":["Shame"],"score":88,"play_id":"9b3d19a6-d546-458e-bf89-7b4adaf55e07","local_time":"20190220042600","is_ascension_mode":false,"campfire_choices":[{"data":"Neutralize","floor":6,"key":"SMITH"},{"data":"Cloak And Dagger","floor":11,"key":"SMITH"},{"data":"Footwork","floor":13,"key":"SMITH"},{"data":"Leg Sweep","floor":15,"key":"SMITH"}],"neow_cost":"CURSE","seed_source_timestamp":39781269507706,"circlet_count":0,"master_deck":["Defend_G","Defend_G","Defend_G","Defend_G","Defend_G+1","Strike_G","Strike_G","Strike_G","Strike_G","Strike_G","Survivor","Neutralize+1","Escape Plan+1","Leg Sweep+1","Cloak And Dagger+1","Footwork+1"],"relics":["Ring of the Snake","Ice Cream","Regal Pillow","Juzu Bracelet","Smiling Mask"],"potions_floor_usage":[16],"damage_taken":[{"damage":3,"enemies":"Small Slimes","floor":1,"turns":4},{"damage":0,"enemies":"Jaw Worm","floor":7,"turns":6},{"damage":0,"enemies":"2 Louse","floor":10,"turns":3},{"damage":4,"enemies":"Blue Slaver","floor":12,"turns":5},{"damage":63,"enemies":"Hexaghost","floor":16,"turns":21}],"seed_played":"-10404614485171121","potions_obtained":[{"floor":7,"key":"Regen Potion"},{"floor":10,"key":"Dexterity Potion"},{"floor":12,"key":"Energy Potion"}],"is_trial":false,"path_per_floor":["M","?","$","?","T","R","M","$","T","M","R","M","R","?","R","B"],"character_chosen":"THE_SILENT","items_purchased":["Ice Cream","Juzu Bracelet"],"campfire_rested":0,"item_purchase_floors":[3,8],"current_hp_per_floor":[67,53,53,53,53,53,53,53,53,53,53,49,49,49,49,0],"gold":48,"neow_bonus":"TWO_FIFTY_GOLD","is_prod":false,"is_daily":false,"chose_seed":false,"campfire_upgraded":4,"win_rate":0,"timestamp":1550658360,"path_taken":["M","?","$","?","?","R","M","$","T","M","R","M","R","?","R","BOSS"],"build_version":"2019-01-23","purchased_purges":1,"victory":false,"max_hp_per_floor":[70,70,70,70,70,70,70,70,70,70,70,70,70,70,70,70],"card_choices":[{"not_picked":["Heel Hook","Prepared"],"picked":"Escape Plan","floor":1},{"not_picked":["Bane","Setup"],"picked":"Leg Sweep","floor":7},{"not_picked":["Slice","Dodge and Roll"],"picked":"Cloak And Dagger","floor":10},{"not_picked":["PiercingWail","Deadly Poison"],"picked":"Footwork","floor":12}],"player_experience":916357,"relics_obtained":[{"floor":5,"key":"Regal Pillow"},{"floor":9,"key":"Smiling Mask"}],"event_choices":[{"damage_healed":0,"gold_gain":0,"player_choice":"Entered Light","damage_taken":14,"max_hp_gain":0,"max_hp_loss":0,"event_name":"Shining Light","floor":2,"gold_loss":0,"cards_upgraded":["Escape Plan","Defend_G"]},{"damage_healed":0,"gold_gain":175,"player_choice":"AGREE","damage_taken":0,"max_hp_gain":0,"max_hp_loss":0,"event_name":"Liars Game","floor":4,"gold_loss":0,"cards_obtained":["Doubt"]},{"cards_removed":["Doubt"],"damage_healed":0,"gold_gain":0,"player_choice":"Card Removal","damage_taken":0,"max_hp_gain":0,"max_hp_loss":0,"event_name":"The Cleric","floor":14,"gold_loss":50}],"is_beta":false,"boss_relics":[],"items_purged_floors":[8],"is_endless":false,"potions_floor_spawned":[7,10,12],"killed_by":"Hexaghost","ascension_level":0}