{"gold_per_floor":[119,194,205,82,94,94,126,150,150,166,166,166,166,179,179,252,252,272,288,288,306,320,320,25,25,104,115,115,126,138,168,168,168],"floor_reached":33,"playtime":2138,"items_purged":["Strike_G"],"score":496,"play_id":"b63606c4-7104-433d-b018-5892588260a1","local_time":"20190329214505","is_ascension_mode":true,"campfire_choices":[{"data":"Footwork","floor":6,"key":"SMITH"},{"data":"Crippling Poison","floor":11,"key":"SMITH"},{"data":"After Image","floor":15,"key":"SMITH"},{"floor":23,"key":"REST"},{"data":"Blur","floor":25,"key":"SMITH"},{"floor":28,"key":"REST"},{"data":"Catalyst","floor":32,"key":"SMITH"}],"neow_cost":"NONE","seed_source_timestamp":112155918081735,"circlet_count":0,"master_deck":["AscendersBane","Defend_G","Defend_G","Defend_G","Defend_G+1","Defend_G","Strike_G","Strike_G","Strike_G","Survivor","Neutralize","Deadly Poison+1","PiercingWail","Footwork+1","Crippling Poison+1","Backflip","After Image+1","Malaise","PiercingWail","Noxious Fumes","Backflip","Blur+1","Caltrops","Noxious Fumes","Dodge and Roll","All Out Attack","Escape Plan+1","Catalyst+1"],"relics":["Ring of the Snake","The Courier","Odd Mushroom","Pantograph","Orrery","Pear","War Paint"],"potions_floor_usage":[7,8,10,14,16,30,31],"damage_taken":[{"damage":0,"enemies":"2 Louse","floor":1,"turns":3},{"damage":5,"enemies":"Small Slimes","floor":3,"turns":5},{"damage":0,"enemies":"Jaw Worm","floor":5,"turns":5},{"damage":7,"enemies":"3 Sentries","floor":7,"turns":9},{"damage":22,"enemies":"The Mushroom Lair","floor":8,"turns":9},{"damage":5,"enemies":"Exordium Wildlife","floor":10,"turns":5},{"damage":0,"enemies":"Lots of Slimes","floor":14,"turns":2},{"damage":12,"enemies":"Hexaghost","floor":16,"turns":13},{"damage":1,"enemies":"Spheric Guardian","floor":18,"turns":5},{"damage":0,"enemies":"Shell Parasite","floor":19,"turns":8},{"damage":16,"enemies":"Snecko","floor":21,"turns":11},{"damage":38,"enemies":"Cultist and Chosen","floor":22,"turns":9},{"damage":19,"enemies":"Sentry and Sphere","floor":27,"turns":7},{"damage":4,"enemies":"Centurion and Healer","floor":29,"turns":11},{"damage":2,"enemies":"Shelled Parasite and Fungi","floor":30,"turns":10},{"damage":21,"enemies":"Gremlin Leader","floor":31,"turns":8},{"damage":52,"enemies":"Collector","floor":33,"turns":5}],"seed_played":"-8980160350095210238","potions_obtained":[{"floor":5,"key":"SneckoOil"},{"floor":7,"key":"GhostInAJar"},{"floor":8,"key":"Weak Potion"},{"floor":14,"key":"Fruit Juice"},{"floor":16,"key":"Strength Potion"},{"floor":21,"key":"FearPotion"},{"floor":22,"key":"Swift Potion"},{"floor":29,"key":"GhostInAJar"}],"is_trial":false,"path_per_floor":["M","?","M","$","M","R","E","?","T","M","R","?","?","M","R","B",null,"M","M","?","M","M","R","$","R","T","M","R","M","M","E","R","B"],"character_chosen":"THE_SILENT","items_purchased":["Footwork","PowerPotion","Blur","Caltrops","Noxious Fumes","Dodge and Roll"],"campfire_rested":2,"item_purchase_floors":[4,4,24,24,24,24],"current_hp_per_floor":[65,54,49,49,49,49,42,20,20,15,15,4,4,4,4,22,63,62,62,62,46,8,31,31,31,41,22,48,44,42,21,21,0],"gold":168,"neow_bonus":"TEN_PERCENT_HP_BONUS","is_prod":false,"is_daily":false,"chose_seed":false,"campfire_upgraded":5,"win_rate":0,"timestamp":1553892305,"path_taken":["M","?","M","$","M","R","E","?","T","M","R","?","?","?","R","BOSS","M","M","?","?","M","R","$","R","T","?","R","M","M","E","R","BOSS"],"build_version":"2019-01-23","purchased_purges":1,"victory":false,"max_hp_per_floor":[72,72,72,72,72,72,72,72,72,72,72,72,72,72,72,77,77,77,77,77,77,77,77,77,77,87,87,87,87,87,87,87,87],"card_choices":[{"not_picked":["Poisoned Stab","Calculated Gamble"],"picked":"Deadly Poison","floor":1},{"not_picked":["Calculated Gamble","Setup"],"picked":"PiercingWail","floor":3},{"not_picked":["Wraith Form v2","Poisoned Stab"],"picked":"Crippling Poison","floor":5},{"not_picked":["PiercingWail","Acrobatics"],"picked":"Backflip","floor":7},{"not_picked":["Blade Dance","Distraction","Dagger Spray"],"picked":"SKIP","floor":10},{"not_picked":["Dagger Throw","Flying Knee"],"picked":"After Image","floor":14},{"not_picked":["Die Die Die","Glass Knife"],"picked":"Malaise","floor":16},{"not_picked":["Blade Dance","Dagger Throw"],"picked":"PiercingWail","floor":17},{"not_picked":["Riddle With Holes","Outmaneuver"],"picked":"Noxious Fumes","floor":17},{"not_picked":["Distraction","Quick Slash"],"picked":"Backflip","floor":17},{"not_picked":["Crippling Poison","Distraction","Wraith Form v2"],"picked":"SKIP","floor":18},{"not_picked":["Heel Hook","Dagger Spray","Terror"],"picked":"SKIP","floor":19},{"not_picked":["Dagger Throw","Accuracy","Slice"],"picked":"SKIP","floor":21},{"not_picked":["Skewer","Acrobatics","Eviscerate"],"picked":"SKIP","floor":22},{"not_picked":["Quick Slash","Calculated Gamble"],"picked":"All Out Attack","floor":27},{"not_picked":["Prepared","Backflip"],"picked":"Escape Plan","floor":29},{"not_picked":["Slice","Backflip","Skewer"],"picked":"SKIP","floor":30},{"not_picked":["Calculated Gamble","Deadly Poison"],"picked":"Catalyst","floor":31}],"player_experience":826431,"relics_obtained":[{"floor":7,"key":"The Courier"},{"floor":8,"key":"Odd Mushroom"},{"floor":9,"key":"Pantograph"},{"floor":26,"key":"Pear"},{"floor":31,"key":"War Paint"}],"event_choices":[{"damage_healed":0,"gold_gain":75,"player_choice":"Gather Gold","damage_taken":11,"max_hp_gain":0,"max_hp_loss":0,"event_name":"World of Goop","floor":2,"gold_loss":0},{"damage_healed":0,"gold_gain":0,"player_choice":"Fought Mushrooms","damage_taken":0,"max_hp_gain":0,"max_hp_loss":0,"event_name":"Mushrooms","floor":8,"gold_loss":0},{"damage_healed":0,"gold_gain":0,"player_choice":"Fled","damage_taken":11,"max_hp_gain":0,"max_hp_loss":0,"event_name":"Scrap Ooze","floor":12,"gold_loss":0},{"damage_healed":0,"gold_gain":0,"player_choice":"Grow","damage_taken":0,"max_hp_gain":0,"max_hp_loss":0,"event_name":"Living Wall","floor":13,"gold_loss":0,"cards_upgraded":["Deadly Poison"]},{"cards_removed":["Strike_G"],"damage_healed":0,"gold_gain":0,"player_choice":"Purged","damage_taken":0,"max_hp_gain":0,"max_hp_loss":0,"event_name":"Purifier","floor":20,"gold_loss":0}],"is_beta":false,"boss_relics":[{"not_picked":["Runic Pyramid","HoveringKite"],"picked":"Orrery"}],"items_purged_floors":[24],"is_endless":false,"potions_floor_spawned":[5,7,8,14,16,21,22,27,29],"killed_by":"Collector","ascension_level":15}