{"gold_per_floor":[114,114,129,129,129,144,68,83,83,98,98,98,113,128,128,228,228,243,243,8,208,223,223,238,253,253,253,268,283,298,213,213,313,313,328,328,18,18,18,18,18,18,68,68,68,68,83,98,98,98],"floor_reached":51,"playtime":3471,"items_purged":[],"score":714,"play_id":"fc64f43c-1a13-4983-9789-33191d797f09","local_time":"20181015123712","daily_mods":["Insanity","Diverse","Binary"],"is_ascension_mode":false,"campfire_choices":[{"data":"Chill","floor":12,"key":"SMITH"},{"data":"Amplify","floor":15,"key":"SMITH"},{"data":"Storm","floor":23,"key":"SMITH"},{"data":"Storm","floor":27,"key":"SMITH"},{"data":"Buffer","floor":32,"key":"SMITH"},{"data":"Seek","floor":41,"key":"SMITH"},{"data":"Discovery","floor":42,"key":"SMITH"},{"data":"Defragment","floor":44,"key":"SMITH"},{"data":"White Noise","floor":46,"key":"SMITH"},{"data":"BootSequence","floor":49,"key":"SMITH"}],"neow_cost":"","seed_source_timestamp":0,"circlet_count":0,"master_deck":["Force Field","Electrodynamics","Chill","Reboot","Gash","Amplify+1","Force Field","All For One","Double Energy","Hologram","BootSequence+1","Stack","Compile Driver","Electrodynamics","Electrodynamics","Redo","Doom and Gloom","Buffer+1","Loop","Seek+1","Zap","Double Energy","Self Repair","Fusion","Leap","Thunder Strike","Compile Driver","Go for the Eyes","Zap","Reboot","Self Repair","Sweeping Beam","Redo","Steam","Strike_B","Heatsinks","Machine Learning","Machine Learning","Compile Driver","Undo","Core Surge","Zap","Scrape","Fusion","Aggregate","Rip and Tear","Compile Driver","Deflect","Thunderclap","Beam Cell","Well Laid Plans","Quick Slash","Chill+1","Steam","Skewer","Burst","Berserk+1","Deadly Poison+1","Corpse Explosion+1","Beam Cell","Storm+1","Storm+1","Deadly Poison+1","Backstab+1","Backflip","Terror","Concentrate+1","Thunder Strike","Ball Lightning+1","Madness","Madness","Defragment+1","White Noise+1","Panache","Discovery+1","Discovery","Flash of Steel","Stack","Hello World+1"],"special_seed":17819,"relics":["FrozenCore","Pantograph","Calipers","Astrolabe","DollysMirror","Singing Bowl","Emotion Chip","WingedGreaves","Happy Flower"],"potions_floor_usage":[24,30,33,48],"damage_taken":[{"damage":0,"enemies":"2 Louse","floor":1,"turns":3},{"damage":1,"enemies":"Jaw Worm","floor":3,"turns":2},{"damage":0,"enemies":"Small Slimes","floor":6,"turns":3},{"damage":0,"enemies":"Looter","floor":8,"turns":3},{"damage":0,"enemies":"3 Louse","floor":10,"turns":2},{"damage":0,"enemies":"Blue Slaver","floor":13,"turns":3},{"damage":0,"enemies":"Red Slaver","floor":14,"turns":3},{"damage":6,"enemies":"Slime Boss","floor":16,"turns":7},{"damage":11,"enemies":"Spheric Guardian","floor":18,"turns":4},{"damage":16,"enemies":"2 Thieves","floor":22,"turns":4},{"damage":6,"enemies":"Sentry and Sphere","floor":24,"turns":3},{"damage":15,"enemies":"Snake Plant","floor":25,"turns":3},{"damage":10,"enemies":"Shelled Parasite and Fungi","floor":28,"turns":3},{"damage":0,"enemies":"Cultist and Chosen","floor":29,"turns":4},{"damage":6,"enemies":"3 Cultists","floor":30,"turns":4},{"damage":20,"enemies":"Automaton","floor":33,"turns":5},{"damage":0,"enemies":"3 Shapes","floor":35,"turns":4},{"damage":14,"enemies":"Mind Bloom Boss Battle","floor":40,"turns":4},{"damage":0,"enemies":"3 Darklings","floor":47,"turns":3},{"damage":9,"enemies":"Transient","floor":48,"turns":5},{"damage":48,"enemies":"Donu and Deca","floor":50,"turns":7}],"seed_played":"-777354122141944198","potions_obtained":[{"floor":6,"key":"LiquidBronze"},{"floor":13,"key":"PowerPotion"},{"floor":14,"key":"Weak Potion"},{"floor":30,"key":"SkillPotion"},{"floor":47,"key":"Explosive Potion"},{"floor":48,"key":"SteroidPotion"}],"is_trial":false,"path_per_floor":["M","?","M","?","T","M","$","M","T","M","?","R","M","M","R","B",null,"M","?","$","?","M","R","M","M","T","R","M","M","M","?","R","B",null,"M","?","$","?","$","?","R","R","T","R","$","R","M","M","R","B"],"character_chosen":"DEFECT","items_purchased":["Well Laid Plans","Storm","DollysMirror","Defragment","White Noise","Panache"],"campfire_rested":0,"item_purchase_floors":[7,20,20,37,37,37],"current_hp_per_floor":[75,80,80,80,80,80,80,80,80,80,80,80,80,80,80,74,80,69,69,69,69,60,60,54,46,46,46,50,64,58,58,58,60,80,80,70,70,60,60,68,68,68,68,68,68,68,75,66,66,41],"gold":98,"neow_bonus":"","is_prod":false,"is_daily":true,"chose_seed":false,"campfire_upgraded":10,"win_rate":0,"timestamp":1539603432,"path_taken":["M","?","M","?","?","?","?","M","T","M","?","R","?","M","R","BOSS","M","?","?","?","M","R","?","M","T","R","M","M","M","?","R","BOSS","M","?","?","?","$","?","R","R","T","R","$","R","?","?","R","BOSS"],"build_version":"2018-10-11","purchased_purges":0,"victory":true,"max_hp_per_floor":[75,80,80,80,80,80,80,80,80,80,80,80,80,80,80,80,80,80,80,80,80,80,80,80,80,80,80,80,80,80,80,80,80,80,80,80,80,80,80,82,82,82,82,82,82,82,82,82,82,82],"card_choices":[{"not_picked":["True Grit"],"picked":"Deflect","floor":1},{"not_picked":["Pommel Strike"],"picked":"Thunderclap","floor":3},{"not_picked":["Pommel Strike"],"picked":"Beam Cell","floor":6},{"not_picked":["Carnage"],"picked":"Quick Slash","floor":8},{"not_picked":["Reboot"],"picked":"Chill","floor":10},{"not_picked":["Endless Agony"],"picked":"Steam","floor":13},{"not_picked":["Steam"],"picked":"Skewer","floor":14},{"not_picked":["Reboot"],"picked":"Burst","floor":16},{"not_picked":["Finisher"],"picked":"Beam Cell","floor":18},{"not_picked":["Havoc+1"],"picked":"Deadly Poison+1","floor":22},{"not_picked":["Perfected Strike","Havoc"],"picked":"SKIP","floor":24},{"not_picked":["Coolheaded"],"picked":"Backstab+1","floor":25},{"not_picked":["Dagger Spray"],"picked":"Backflip","floor":28},{"not_picked":["Combust"],"picked":"Terror","floor":29},{"not_picked":["Dual Wield"],"picked":"Concentrate+1","floor":30},{"not_picked":["Berserk"],"picked":"Thunder Strike","floor":33},{"not_picked":["Thunderclap+1"],"picked":"Ball Lightning+1","floor":35},{"not_picked":["Impatience"],"picked":"Discovery","floor":38},{"not_picked":["Finesse"],"picked":"Discovery","floor":38},{"not_picked":["Panacea"],"picked":"Flash of Steel","floor":38},{"not_picked":["Cloak And Dagger","Burning Pact"],"picked":"Singing Bowl","floor":40},{"not_picked":["Coolheaded"],"picked":"Stack","floor":47},{"not_picked":["Ball Lightning"],"picked":"Hello World+1","floor":48}],"player_experience":564795,"relics_obtained":[{"floor":5,"key":"Pantograph"},{"floor":9,"key":"Calipers"},{"floor":26,"key":"Singing Bowl"},{"floor":40,"key":"WingedGreaves"},{"floor":43,"key":"Happy Flower"}],"event_choices":[{"event_name":"Big Fish","player_choice":"Donut","floor":2,"damage_taken":0},{"event_name":"The Cleric","player_choice":"Leave","floor":4,"damage_taken":0},{"event_name":"Golden Idol","player_choice":"Ignored","floor":11,"damage_taken":0},{"event_name":"The Woman in Blue","player_choice":"Bought 0 Potions","floor":19,"damage_taken":0},{"event_name":"Wheel of Change","player_choice":"Gold","floor":21,"damage_taken":0},{"event_name":"Addict","player_choice":"Obtained Relic","floor":31,"damage_taken":0},{"event_name":"Winding Halls","player_choice":"Embrace Madness","floor":36,"damage_taken":0},{"event_name":"SensoryStone","player_choice":"Memory 3","floor":38,"damage_taken":0},{"event_name":"MindBloom","player_choice":"Fight","floor":40,"damage_taken":0}],"is_beta":false,"boss_relics":[{"not_picked":["Tiny House","Lizard Tail"],"picked":"Astrolabe"},{"not_picked":["Pandora\u0027s Box","Calling Bell"],"picked":"FrozenCore"}],"items_purged_floors":[],"is_endless":false,"potions_floor_spawned":[6,13,14,16,18,22,30,47,48],"ascension_level":0}