{"gold_per_floor":[117,135,135,145,145,145,145,145,195,270,250,30,30,43,43,141,141,160,180,279,329,40,40,55,73,73,90,90,90,2,22,22,117,117,130,146,21,33,33,33,0,0],"floor_reached":42,"playtime":2410,"items_purged":[],"score":469,"play_id":"0875a771-e7fd-496f-a320-953070a16d7e","local_time":"20180814153641","is_ascension_mode":true,"campfire_choices":[{"data":"Combust","floor":6,"key":"SMITH"},{"data":"Metallicize","floor":8,"key":"SMITH"},{"data":"Fire Breathing","floor":13,"key":"SMITH"},{"floor":15,"key":"REST"},{"data":"Heavy Blade","floor":23,"key":"SMITH"},{"floor":28,"key":"REST"},{"floor":32,"key":"REST"},{"floor":40,"key":"REST"}],"neow_cost":"NONE","seed_source_timestamp":3950439068699282,"circlet_count":0,"master_deck":["Strike_R","Strike_R","Strike_R","Strike_R","Strike_R","Defend_R","Defend_R","Defend_R","Defend_R","Bash","Combust+1","Cleave","Metallicize+1","Fire Breathing+1","Spot Weakness","Juggernaut","Pommel Strike","Spot Weakness+1","Heavy Blade+1","Flex","Dual Wield","Warcry+1","Perfected Strike","Rage+1","Fire Breathing","Flex+1","Fiend Fire","Cleave+1","Intimidate+1","Metallicize","Feel No Pain+1","Magnetism","Apotheosis","Panache"],"relics":["Burning Blood","Bag of Preparation","Ornamental Fan","Pen Nib","Regal Pillow","Runic Dome","Blood Vial","Orichalcum","Letter Opener","Cursed Key","Red Mask"],"potions_floor_usage":[16,33,33,33],"damage_taken":[{"damage":5,"enemies":"Cultist","floor":1,"turns":4},{"damage":10,"enemies":"Jaw Worm","floor":2,"turns":5},{"damage":4,"enemies":"2 Louse","floor":4,"turns":3},{"damage":11,"enemies":"Exordium Thugs","floor":14,"turns":6},{"damage":29,"enemies":"The Guardian","floor":16,"turns":11},{"damage":24,"enemies":"Shell Parasite","floor":18,"turns":5},{"damage":16,"enemies":"Spheric Guardian","floor":19,"turns":4},{"damage":9,"enemies":"Cultist and Chosen","floor":24,"turns":4},{"damage":12,"enemies":"3 Cultists","floor":25,"turns":4},{"damage":33,"enemies":"Snake Plant","floor":27,"turns":3},{"damage":17,"enemies":"Snecko","floor":31,"turns":4},{"damage":71,"enemies":"Automaton","floor":33,"turns":9},{"damage":11,"enemies":"Orb Walker","floor":35,"turns":4},{"damage":54,"enemies":"3 Darklings","floor":36,"turns":4},{"damage":2,"enemies":"Flame Bruiser 2 Orb","floor":38,"turns":3},{"damage":68,"enemies":"2 Orb Walkers","floor":42,"turns":4}],"seed_played":"8568626540785201586","potions_obtained":[{"floor":1,"key":"AttackPotion"},{"floor":4,"key":"Ancient Potion"},{"floor":11,"key":"GamblersBrew"},{"floor":16,"key":"Regen Potion"},{"floor":24,"key":"Regen Potion"},{"floor":27,"key":"AttackPotion"},{"floor":33,"key":"Strength Potion"},{"floor":38,"key":"Energy Potion"}],"is_trial":false,"path_per_floor":["M","M","?","M","?","R","?","R","T","?","?","$","R","M","R","B",null,"M","M","?","T","$","R","M","M","T","M","R","$","$","M","R","B",null,"M","M","$","M","?","R","?"],"character_chosen":"IRONCLAD","items_purchased":["Regal Pillow","Fire Breathing","Orichalcum","Heavy Blade","Flex","Dual Wield","Fire Breathing","PowerPotion","Metallicize","PowerPotion"],"campfire_rested":4,"item_purchase_floors":[12,12,22,22,22,22,30,30,37,37],"current_hp_per_floor":[80,76,68,70,70,70,63,63,63,52,52,52,52,47,80,57,80,62,52,52,52,52,52,51,47,47,22,61,61,61,52,80,20,80,75,29,29,35,25,64,64,0],"gold":0,"neow_bonus":"RANDOM_COMMON_RELIC","is_prod":false,"is_daily":false,"chose_seed":false,"campfire_upgraded":4,"win_rate":0,"timestamp":1534257401,"path_taken":["M","?","?","?","?","R","?","R","T","?","?","?","R","M","R","BOSS","M","M","?","?","$","R","?","M","T","?","R","?","$","M","R","BOSS","M","M","$","M","?","R","?","E"],"build_version":"2018-08-09","purchased_purges":0,"victory":false,"max_hp_per_floor":[80,80,80,80,80,80,80,80,80,80,80,80,80,80,80,80,80,80,80,80,80,80,80,80,80,80,80,80,80,80,80,80,80,80,80,80,80,80,80,80,80,80],"card_choices":[{"not_picked":["Searing Blow","Carnage"],"picked":"Combust","floor":1},{"not_picked":["Iron Wave","Havoc"],"picked":"Cleave","floor":2},{"not_picked":["Clash","Perfected Strike"],"picked":"Metallicize","floor":4},{"not_picked":["Pummel","Cleave"],"picked":"Spot Weakness","floor":14},{"not_picked":["Double Tap","Immolate"],"picked":"Juggernaut","floor":16},{"not_picked":["Clothesline","Perfected Strike"],"picked":"Pommel Strike","floor":18},{"not_picked":["Sword Boomerang","Twin Strike"],"picked":"Spot Weakness+1","floor":19},{"not_picked":["Battle Trance","Exhume"],"picked":"Warcry+1","floor":24},{"not_picked":["True Grit","Evolve"],"picked":"Perfected Strike","floor":25},{"not_picked":["Twin Strike","Body Slam"],"picked":"Rage+1","floor":27},{"not_picked":["Battle Trance","Heavy Blade"],"picked":"Flex+1","floor":31},{"not_picked":["Dark Embrace","Reaper"],"picked":"Fiend Fire","floor":33},{"not_picked":["Twin Strike+1","Warcry"],"picked":"Cleave+1","floor":35},{"not_picked":["Cleave+1","Thunderclap+1"],"picked":"Intimidate+1","floor":36},{"not_picked":["Clash","Cleave+1"],"picked":"Feel No Pain+1","floor":38},{"not_picked":["Swift Strike","Transmutation"],"picked":"Magnetism","floor":39},{"not_picked":["Bandage Up","Jack Of All Trades"],"picked":"Apotheosis","floor":39},{"not_picked":["Sadistic Nature","Magnetism"],"picked":"Panache","floor":39}],"player_experience":346473,"relics_obtained":[{"floor":9,"key":"Pen Nib"},{"floor":21,"key":"Blood Vial"},{"floor":26,"key":"Letter Opener"}],"event_choices":[{"event_name":"Wheel of Change","player_choice":"Damage","floor":3,"damage_taken":0},{"event_name":"Golden Wing","player_choice":"Ignored","floor":5,"damage_taken":0},{"event_name":"Scrap Ooze","player_choice":"success","floor":7,"damage_taken":7},{"event_name":"World of Goop","player_choice":"Gather Gold","floor":10,"damage_taken":0},{"event_name":"The Woman in Blue","player_choice":"Bought 1 Potion","floor":11,"damage_taken":0},{"event_name":"Nest","player_choice":"Stole From Cult","floor":20,"damage_taken":0},{"event_name":"SensoryStone","player_choice":"Memory 3","floor":39,"damage_taken":0},{"event_name":"Tomb of Lord Red Mask","player_choice":"Paid","floor":41,"damage_taken":0}],"is_beta":false,"boss_relics":[{"not_picked":["Astrolabe","Velvet Choker"],"picked":"Runic Dome"},{"not_picked":["Calling Bell","White Beast Statue"],"picked":"Cursed Key"}],"items_purged_floors":[],"is_endless":false,"potions_floor_spawned":[1,4,16,24,27,31,33,38],"killed_by":"2 Orb Walkers","ascension_level":3}