{"gold_per_floor":[114,114,129,27,42,42,57,57,107,122,137,137,152,167,167,267,267,282,267,2,2,17,17,32,32,32,32,32,32,47,62,62,162,162,177,177,177,42,57,57,72,87,137,152,152,78,93,108,108,108],"floor_reached":51,"playtime":4577,"items_purged":[],"score":972,"play_id":"d16d286b-91d4-435d-b58c-58f93ee684ff","local_time":"20181018145742","daily_mods":["Specialized","Hoarder","Night Terrors"],"is_ascension_mode":false,"campfire_choices":[{"data":"Anger","floor":6,"key":"SMITH"},{"data":"Anger","floor":8,"key":"SMITH"},{"data":"Armaments","floor":15,"key":"SMITH"},{"data":"Entrench","floor":23,"key":"SMITH"},{"floor":25,"key":"REST"},{"data":"Body Slam","floor":27,"key":"SMITH"},{"data":"Fire Breathing","floor":29,"key":"SMITH"},{"data":"Metallicize","floor":32,"key":"SMITH"},{"floor":40,"key":"REST"},{"floor":45,"key":"REST"},{"data":"Impervious","floor":49,"key":"SMITH"}],"neow_cost":"","seed_source_timestamp":0,"circlet_count":0,"master_deck":["Strike_R","Strike_R","Strike_R","Strike_R","Strike_R","Defend_R","Defend_R","Defend_R","Defend_R","Bash","Barricade","Barricade","Barricade","Barricade","Barricade","Barricade","Barricade","Barricade","Barricade","Barricade","Barricade","Cleave","Cleave","Cleave","Flex","Flex","Flex","Bandage Up","Bandage Up","Bandage Up","Anger+1","Anger+1","Anger","Ghostly Armor","Ghostly Armor","Ghostly Armor","Thunderclap","Thunderclap","Thunderclap","Cleave","Cleave","Cleave","Metallicize","Metallicize","Metallicize","Armaments","Armaments+1","Armaments","Feed","Feed","Feed","Fire Breathing","Fire Breathing","Fire Breathing","Power Through","Power Through","Power Through","Entrench","Entrench+1","Entrench","Fire Breathing","Fire Breathing+1","Fire Breathing","Pummel","Pummel","Pummel","Sever Soul","Sever Soul","Sever Soul","Infernal Blade+1","Infernal Blade+1","Infernal Blade+1","Body Slam","Body Slam+1","Body Slam","Disarm+1","Disarm+1","Disarm+1","Metallicize","Metallicize+1","Metallicize","Impervious+1","Impervious","Impervious","Entrench","Entrench","Entrench","Pommel Strike+1","Pommel Strike+1","Pommel Strike+1","Body Slam+1","Body Slam+1","Body Slam+1","Limit Break","Limit Break","Limit Break","Rupture","Rupture","Rupture","Flex","Flex","Flex","Madness","Madness","Madness","Madness","Madness","Madness","Metallicize","Metallicize","Metallicize","Fire Breathing","Fire Breathing","Fire Breathing","Bloodletting","Bloodletting","Bloodletting","Inflame+1","Inflame+1","Inflame+1","Twin Strike+1","Twin Strike+1","Twin Strike+1","Seeing Red+1","Seeing Red+1","Seeing Red+1","Power Through","Power Through","Power Through","Shrug It Off+1","Shrug It Off+1","Shrug It Off+1"],"special_seed":17822,"relics":["Burning Blood","Anchor","Empty Cage","Mercury Hourglass","Orrery","Centennial Puzzle","Tiny Chest"],"potions_floor_usage":[16,16,18,18,30,44,50],"damage_taken":[{"damage":65,"enemies":"Jaw Worm","floor":1,"turns":11},{"damage":17,"enemies":"Cultist","floor":3,"turns":5},{"damage":12,"enemies":"2 Louse","floor":5,"turns":3},{"damage":19,"enemies":"2 Fungi Beasts","floor":7,"turns":4},{"damage":0,"enemies":"Large Slime","floor":10,"turns":9},{"damage":28,"enemies":"Exordium Thugs","floor":11,"turns":7},{"damage":0,"enemies":"Lots of Slimes","floor":13,"turns":2},{"damage":2,"enemies":"2 Fungi Beasts","floor":14,"turns":6},{"damage":0,"enemies":"Slime Boss","floor":16,"turns":16},{"damage":5,"enemies":"3 Byrds","floor":18,"turns":6},{"damage":32,"enemies":"2 Thieves","floor":19,"turns":4},{"damage":4,"enemies":"Centurion and Healer","floor":22,"turns":13},{"damage":29,"enemies":"Cultist and Chosen","floor":24,"turns":8},{"damage":31,"enemies":"Shelled Parasite and Fungi","floor":30,"turns":9},{"damage":26,"enemies":"3 Cultists","floor":31,"turns":6},{"damage":32,"enemies":"Automaton","floor":33,"turns":18},{"damage":48,"enemies":"3 Darklings","floor":35,"turns":7},{"damage":4,"enemies":"3 Shapes","floor":39,"turns":11},{"damage":35,"enemies":"3 Darklings","floor":41,"turns":5},{"damage":22,"enemies":"Sphere and 2 Shapes","floor":42,"turns":7},{"damage":54,"enemies":"Transient","floor":44,"turns":5},{"damage":12,"enemies":"Maw","floor":47,"turns":16},{"damage":0,"enemies":"3 Darklings","floor":48,"turns":10},{"damage":37,"enemies":"Time Eater","floor":50,"turns":21}],"seed_played":"-5039932605172168940","potions_obtained":[{"floor":3,"key":"Energy Potion"},{"floor":11,"key":"SkillPotion"},{"floor":14,"key":"EssenceOfSteel"},{"floor":16,"key":"Energy Potion"},{"floor":22,"key":"Fire Potion"},{"floor":30,"key":"FearPotion"},{"floor":41,"key":"FearPotion"},{"floor":42,"key":"Regen Potion"},{"floor":44,"key":"LiquidBronze"}],"is_trial":false,"path_per_floor":["M","?","M","$","M","R","M","R","T","M","M","?","M","M","R","B",null,"M","M","$","?","M","R","M","R","T","R","?","R","M","M","R","B",null,"M","?","?","$","M","R","M","M","T","M","R","?","M","M","R","B"],"character_chosen":"IRONCLAD","items_purchased":["Bandage Up","Entrench","Fire Breathing","Pummel","Sever Soul","Fire Breathing","Bloodletting"],"campfire_rested":3,"item_purchase_floors":[4,20,20,20,20,38,38],"current_hp_per_floor":[21,90,79,79,85,85,84,84,84,90,76,69,75,87,87,90,90,96,74,74,55,73,73,54,100,100,100,100,100,86,81,81,67,106,68,55,55,55,64,104,75,63,63,38,99,99,98,99,99,80],"gold":108,"neow_bonus":"","is_prod":false,"is_daily":true,"chose_seed":false,"campfire_upgraded":8,"win_rate":0,"timestamp":1539871062,"path_taken":["M","?","M","$","M","R","M","R","T","M","M","?","?","M","R","BOSS","M","?","$","?","M","R","M","R","T","R","?","R","M","M","R","BOSS","M","?","?","$","M","R","M","M","T","M","R","?","M","?","R","BOSS"],"build_version":"2018-10-11","purchased_purges":0,"victory":true,"max_hp_per_floor":[80,90,90,90,90,90,90,90,90,90,90,90,90,90,90,90,90,96,96,96,101,105,105,105,100,100,100,100,100,103,106,106,106,106,106,106,106,106,109,104,104,104,104,104,99,99,99,99,99,99],"card_choices":[{"not_picked":["Twin Strike","True Grit"],"picked":"Cleave","floor":1},{"not_picked":["Warcry","Armaments"],"picked":"Flex","floor":3},{"not_picked":["Clothesline","Cleave"],"picked":"Anger","floor":5},{"not_picked":["Intimidate","Clash"],"picked":"Ghostly Armor","floor":7},{"not_picked":["Hemokinesis","Whirlwind"],"picked":"Thunderclap","floor":10},{"not_picked":["Pommel Strike","Dual Wield"],"picked":"Cleave","floor":11},{"not_picked":["Thunderclap","Clash"],"picked":"Metallicize","floor":13},{"not_picked":["Clash","Corruption"],"picked":"Armaments","floor":14},{"not_picked":["Immolate","Offering"],"picked":"Feed","floor":16},{"not_picked":["Havoc","True Grit+1"],"picked":"Fire Breathing","floor":18},{"not_picked":["Warcry","Havoc"],"picked":"Power Through","floor":19},{"not_picked":["Wild Strike","Havoc"],"picked":"Infernal Blade+1","floor":22},{"not_picked":["Entrench","Armaments"],"picked":"Body Slam","floor":24},{"not_picked":["Cleave","Uppercut"],"picked":"Disarm+1","floor":30},{"not_picked":["Armaments+1","Headbutt"],"picked":"Metallicize","floor":31},{"not_picked":["Fiend Fire","Juggernaut"],"picked":"Impervious","floor":33},{"not_picked":["Heavy Blade+1","Clothesline"],"picked":"Entrench","floor":34},{"not_picked":["Havoc","Cleave+1"],"picked":"Pommel Strike+1","floor":34},{"not_picked":["Combust","Wild Strike"],"picked":"Body Slam+1","floor":34},{"not_picked":["Havoc+1","Dropkick+1"],"picked":"Limit Break","floor":34},{"not_picked":["Twin Strike","Clash+1"],"picked":"Rupture","floor":34},{"not_picked":["Twin Strike+1","Thunderclap+1"],"picked":"Flex","floor":35},{"not_picked":["Headbutt+1","Bloodletting"],"picked":"Inflame+1","floor":39},{"not_picked":["Cleave+1","Havoc+1"],"picked":"Twin Strike+1","floor":41},{"not_picked":["Perfected Strike","Dual Wield"],"picked":"Seeing Red+1","floor":42},{"not_picked":["Burning Pact","True Grit"],"picked":"Power Through","floor":44},{"not_picked":["Headbutt","Wild Strike","Uppercut+1"],"picked":"SKIP","floor":47},{"not_picked":["Dark Embrace","Armaments"],"picked":"Shrug It Off+1","floor":48}],"player_experience":576915,"relics_obtained":[{"floor":9,"key":"Anchor"},{"floor":26,"key":"Mercury Hourglass"},{"floor":43,"key":"Centennial Puzzle"}],"event_choices":[{"event_name":"Bonfire Elementals","player_choice":"RARE","floor":2,"damage_taken":0},{"event_name":"Golden Wing","player_choice":"Card Removal","floor":12,"damage_taken":0},{"event_name":"Forgotten Altar","player_choice":"Shed Blood","floor":21,"damage_taken":0},{"event_name":"Winding Halls","player_choice":"Embrace Madness","floor":36,"damage_taken":0},{"event_name":"Duplicator","player_choice":"One dupe","floor":37,"damage_taken":0},{"event_name":"WeMeetAgain","player_choice":"Gold","floor":46,"damage_taken":0}],"is_beta":false,"boss_relics":[{"not_picked":["Calling Bell","Snecko Eye"],"picked":"Empty Cage"},{"not_picked":["Runic Cube","Coffee Dripper"],"picked":"Orrery"}],"items_purged_floors":[],"is_endless":false,"potions_floor_spawned":[3,11,14,16,22,30,41,42,44],"ascension_level":0}