{"gold_per_floor":[119,134,134,147,164,164,197,197,197,197],"floor_reached":10,"playtime":459,"items_purged":[],"score":136,"play_id":"1383058e-2c8e-4ebf-8f8f-73ca6bce37ad","local_time":"20190218133426","is_ascension_mode":true,"campfire_choices":[{"floor":6.0,"key":"REST"},{"floor":8.0,"key":"REST"}],"neow_cost":"NONE","seed_source_timestamp":85652672823437,"circlet_count":0,"master_deck":["AscendersBane","Defend_G","Defend_G","Defend_G","Defend_G","Defend_G","Strike_G","Strike_G","Strike_G","Strike_G","Strike_G","Survivor","Neutralize","Normality","Injury","Caltrops","Adrenaline","Flying Knee","Poisoned Stab","Dodge and Roll"],"special_seed":0,"relics":["Calling Bell","Potion Belt","Ornamental Fan","Ice Cream","Juzu Bracelet","Strawberry"],"potions_floor_usage":[10,10],"damage_taken":[{"damage":8.0,"enemies":"2 Louse","floor":1.0,"turns":4.0},{"damage":16.0,"enemies":"Jaw Worm","floor":2.0,"turns":6.0},{"damage":6.0,"enemies":"Small Slimes","floor":4.0,"turns":4.0},{"damage":12.0,"enemies":"Blue Slaver","floor":5.0,"turns":4.0},{"damage":34.0,"enemies":"3 Sentries","floor":7.0,"turns":11.0},{"damage":37,"enemies":"Gremlin Nob","floor":10,"turns":4}],"seed_played":"-5659103138184702006","potions_obtained":[{"floor":2.0,"key":"Energy Potion"},{"floor":4.0,"key":"Dexterity Potion"},{"floor":7.0,"key":"EssenceOfSteel"}],"is_trial":false,"path_per_floor":["M","M","?","M","M","R","E","R","T","E"],"character_chosen":"THE_SILENT","items_purchased":[],"campfire_rested":2,"item_purchase_floors":[],"current_hp_per_floor":[51,35,35,29,17,36,2,21,28,0],"gold":197,"neow_bonus":"BOSS_RELIC","is_prod":false,"is_daily":false,"chose_seed":false,"campfire_upgraded":0,"win_rate":0,"timestamp":1550518466,"path_taken":["M","M","?","M","M","R","E","R","T","E"],"build_version":"2019-01-23","purchased_purges":0,"victory":false,"max_hp_per_floor":[66,66,66,66,66,66,66,66,73,73],"card_choices":[{"not_picked":["Accuracy","Blade Dance"],"picked":"Caltrops","floor":1.0},{"not_picked":["Underhanded Strike","Slice"],"picked":"Adrenaline","floor":2.0},{"not_picked":["PiercingWail","Predator"],"picked":"Flying Knee","floor":4.0},{"not_picked":["Outmaneuver","Underhanded Strike"],"picked":"Poisoned Stab","floor":5.0},{"not_picked":["Acrobatics","Distraction"],"picked":"Dodge and Roll","floor":7.0}],"player_experience":616959,"relics_obtained":[{"floor":0.0,"key":"Potion Belt"},{"floor":0.0,"key":"Ornamental Fan"},{"floor":0.0,"key":"Ice Cream"},{"floor":7.0,"key":"Juzu Bracelet"},{"floor":9.0,"key":"Strawberry"}],"event_choices":[{"cards_removed":["Doubt"],"damage_healed":0.0,"max_hp_gain":0.0,"max_hp_loss":0.0,"gold_gain":0.0,"event_name":"Living Wall","player_choice":"Forget","floor":3.0,"gold_loss":0.0,"damage_taken":0.0}],"is_beta":false,"boss_relics":[],"items_purged_floors":[],"is_endless":false,"potions_floor_spawned":[2,4,7],"killed_by":"Gremlin Nob","ascension_level":20}