{"gold_per_floor":[142,161,180,142,109,109,123,48,348,361,16,16,16,26,26,26],"floor_reached":16,"playtime":763,"items_purged":["Strike_B","Strike_B"],"score":94,"play_id":"13a4739a-6791-438b-8ddb-bd510de8230b","local_time":"20180721104600","is_ascension_mode":false,"campfire_choices":[{"data":"Zap","floor":6,"key":"SMITH"},{"floor":12,"key":"REST"},{"data":"Defend_B","floor":15,"key":"SMITH"}],"neow_cost":"NONE","seed_source_timestamp":1861046984988598,"circlet_count":0,"master_deck":["Strike_B","Strike_B","Defend_B+1","Defend_B","Defend_B","Defend_B","Zap+1","Dualcast"],"relics":["Cracked Core","Tiny Chest","Old Coin","Letter Opener"],"potions_floor_usage":[5,16,16],"damage_taken":[{"damage":2,"enemies":"Jaw Worm","floor":1,"turns":4},{"damage":0,"enemies":"2 Louse","floor":2,"turns":2},{"damage":4,"enemies":"Cultist","floor":3,"turns":4},{"damage":27,"enemies":"Exordium Thugs","floor":5,"turns":5},{"damage":16,"enemies":"Large Slime","floor":7,"turns":5},{"damage":1,"enemies":"2 Fungi Beasts","floor":10,"turns":3},{"damage":3,"enemies":"Lots of Slimes","floor":14,"turns":2},{"damage":59,"enemies":"Hexaghost","floor":16,"turns":11}],"seed_played":"-1113800822771346885","potions_obtained":[{"floor":1,"key":"Swift Potion"},{"floor":7,"key":"Strength Potion"},{"floor":10,"key":"Regen Potion"},{"floor":14,"key":"Energy Potion"}],"is_trial":false,"path_per_floor":["M","M","M","?","M","R","M","$","T","M","$","R","$","M","R"],"character_chosen":"DEFECT","items_purchased":["Letter Opener"],"campfire_rested":1,"item_purchase_floors":[11],"current_hp_per_floor":[73,73,69,69,42,42,26,26,26,25,25,47,47,44,44,0],"gold":26,"neow_bonus":"RANDOM_COMMON_RELIC","is_prod":false,"is_daily":false,"chose_seed":false,"campfire_upgraded":2,"win_rate":0,"timestamp":1532166360,"path_taken":["M","M","M","?","?","R","M","$","T","M","$","R","?","M","R","BOSS"],"build_version":"2018-07-19v2","purchased_purges":2,"victory":false,"max_hp_per_floor":[75,75,75,75,75,75,75,75,75,75,75,75,75,75,75,75],"card_choices":[{"not_picked":["Hologram","Chaos","Consume"],"picked":"SKIP","floor":1},{"not_picked":["Cold Snap","Coolheaded","Barrage"],"picked":"SKIP","floor":2},{"not_picked":["Compile Driver","Beam Cell","Conserve Battery"],"picked":"SKIP","floor":3},{"not_picked":["Stack","Redo","Turbo"],"picked":"SKIP","floor":5},{"not_picked":["Melter","Blizzard","Steam Power"],"picked":"SKIP","floor":7},{"not_picked":["Compile Driver","Heatsinks","Sweeping Beam"],"picked":"SKIP","floor":10},{"not_picked":["Rebound","Heatsinks","Recycle"],"picked":"SKIP","floor":14}],"player_experience":148750,"relics_obtained":[{"floor":9,"key":"Old Coin"}],"event_choices":[{"event_name":"World of Goop","player_choice":"Left","floor":4,"damage_taken":0}],"is_beta":false,"boss_relics":[],"items_purged_floors":[8,11],"is_endless":false,"potions_floor_spawned":[1,7,10,14],"killed_by":"Hexaghost","ascension_level":0}