{"gold_per_floor":[111,14,29,39,54,54,88,40,63,63,63,63,94,106,106,180,180,199,214,55,65,75,75,103,103,103,103,131,131,131,151,151,225,225,245,17,28,45,61,61,21,53,79,79,79,3,3,19,19,19,19,19,19,19,49,49],"floor_reached":56,"playtime":7048,"items_purged":["Strike_G"],"score":1875,"play_id":"95811e70-5c6b-4ace-a7d9-a70e8601def4","local_time":"20190313204136","is_ascension_mode":true,"campfire_choices":[{"data":"Dash","floor":6.0,"key":"SMITH"},{"data":"Phantasmal Killer","floor":11.0,"key":"SMITH"},{"data":"Neutralize","floor":15.0,"key":"SMITH"},{"data":"After Image","floor":23.0,"key":"SMITH"},{"data":"Crippling Poison","floor":27.0,"key":"SMITH"},{"data":"Infinite Blades","floor":30.0,"key":"SMITH"},{"data":"Crippling Poison","floor":32.0,"key":"SMITH"},{"floor":40.0,"key":"REST"},{"floor":45.0,"key":"REST"},{"floor":49.0,"key":"RECALL"},{"data":"Footwork","floor":53.0,"key":"SMITH"}],"neow_cost":"TEN_PERCENT_HP_LOSS","seed_source_timestamp":0,"circlet_count":0,"master_deck":["AscendersBane","Survivor","Neutralize+1","Quick Slash+1","Flash of Steel+1","Deflect","Dash+1","Blade Dance","Phantasmal Killer+1","Endless Agony","Poisoned Stab","After Image+1","Quick Slash","Crippling Poison+1","Infinite Blades+1","Blade Dance","Crippling Poison+1","Ghostly","Ghostly","Ghostly","Cloak And Dagger+1","Well Laid Plans","Envenom","Accuracy","A Thousand Cuts","Concentrate+1","A Thousand Cuts","Infinite Blades","Dash","Masterful Stab","Tools of the Trade","After Image+1","Leg Sweep+1","Backflip+1","Escape Plan+1","Cloak And Dagger+1","Footwork+1","Reflex+1","Reflex+1","PiercingWail+1"],"special_seed":0,"relics":["Ring of the Snake","Dead Branch","Vajra","Snake Skull","Anchor","HoveringKite","Whetstone","Toxic Egg 2","Sundial","Pandora\u0027s Box","DollysMirror","Shuriken","PreservedInsect","Strawberry"],"potions_floor_usage":[],"damage_taken":[{"damage":0.0,"enemies":"Cultist","floor":1.0,"turns":4.0},{"damage":2.0,"enemies":"Jaw Worm","floor":3.0,"turns":5.0},{"damage":0.0,"enemies":"2 Louse","floor":4.0,"turns":4.0},{"damage":0.0,"enemies":"Blue Slaver","floor":5.0,"turns":5.0},{"damage":16.0,"enemies":"3 Sentries","floor":7.0,"turns":7.0},{"damage":22.0,"enemies":"Lagavulin","floor":13.0,"turns":5.0},{"damage":0.0,"enemies":"Gremlin Gang","floor":14.0,"turns":5.0},{"damage":15.0,"enemies":"The Guardian","floor":16.0,"turns":8.0},{"damage":0.0,"enemies":"Chosen","floor":18.0,"turns":3.0},{"damage":2.0,"enemies":"3 Byrds","floor":19.0,"turns":5.0},{"damage":3.0,"enemies":"Snecko","floor":21.0,"turns":4.0},{"damage":0.0,"enemies":"Cultist and Chosen","floor":22.0,"turns":5.0},{"damage":8.0,"enemies":"Slavers","floor":24.0,"turns":4.0},{"damage":7.0,"enemies":"Book of Stabbing","floor":28.0,"turns":5.0},{"damage":0.0,"enemies":"Snake Plant","floor":31.0,"turns":3.0},{"damage":25.0,"enemies":"Automaton","floor":33.0,"turns":14.0},{"damage":0.0,"enemies":"Orb Walker","floor":35.0,"turns":3.0},{"damage":15.0,"enemies":"3 Darklings","floor":37.0,"turns":5.0},{"damage":0.0,"enemies":"4 Shapes","floor":38.0,"turns":5.0},{"damage":0.0,"enemies":"Sphere and 2 Shapes","floor":39.0,"turns":5.0},{"damage":0.0,"enemies":"Giant Head","floor":42.0,"turns":7.0},{"damage":0.0,"enemies":"3 Darklings","floor":48.0,"turns":4.0},{"damage":17.0,"enemies":"Awakened One","floor":50.0,"turns":14.0},{"damage":1.0,"enemies":"Donu and Deca","floor":51.0,"turns":9.0},{"damage":22.0,"enemies":"Shield and Spear","floor":55.0,"turns":6.0},{"damage":10,"enemies":"The Heart","floor":56,"turns":2}],"seed_played":"3893113420059206851","potions_obtained":[{"floor":4.0,"key":"AttackPotion"},{"floor":5.0,"key":"PowerPotion"},{"floor":13.0,"key":"FearPotion"},{"floor":16.0,"key":"PowerPotion"},{"floor":31.0,"key":"Poison Potion"}],"is_trial":false,"path_per_floor":["M","$","M","M","M","R","E","?","T","?","R","T","E","M","R","B",null,"M","M","$","M","M","R","E","?","T","R","E","?","R","M","R","B",null,"M","$","M","M","M","R","$","E","T","?","R","$","?","M","R","B","B",null,"R","$","E","B"],"character_chosen":"THE_SILENT","items_purchased":["Flash of Steel","Infinite Blades","DollysMirror","Escape Plan+1","Footwork"],"campfire_rested":2,"item_purchase_floors":[2,20,36,41,46],"current_hp_per_floor":[59,59,57,57,57,57,41,41,41,41,41,41,19,19,19,4,46,46,44,44,41,41,41,33,30,30,30,23,30,30,30,30,5,24,24,24,9,9,9,18,18,18,18,18,27,27,27,27,27,10,9,25,25,25,10,0],"gold":49,"neow_bonus":"ONE_RARE_RELIC","is_prod":false,"is_daily":false,"chose_seed":false,"campfire_upgraded":8,"win_rate":0,"timestamp":1552527696,"path_taken":["M","?","M","M","M","R","E","?","T","?","R","?","E","M","R","BOSS","M","M","$","M","M","R","E","?","T","R","E","?","R","?","R","BOSS","M","$","?","M","M","R","?","E","T","?","R","?","?","?","R","BOSS","BOSS","R","$","E","BOSS"],"build_version":"2019-01-23","purchased_purges":1,"victory":false,"max_hp_per_floor":[60,60,60,60,60,60,60,60,60,60,60,60,60,60,60,60,60,60,60,60,60,60,60,60,30,30,30,30,30,30,30,30,30,30,30,30,30,30,30,30,30,30,30,30,30,30,30,30,30,30,30,30,30,30,37,37],"card_choices":[{"not_picked":["PiercingWail","Finisher"],"picked":"Quick Slash","floor":1.0},{"not_picked":["Dodge and Roll","Caltrops"],"picked":"Deflect","floor":3.0},{"not_picked":["Acrobatics","Reflex"],"picked":"Dash","floor":4.0},{"not_picked":["Sucker Punch","Bane"],"picked":"Blade Dance","floor":5.0},{"not_picked":["Sucker Punch","Concentrate"],"picked":"Phantasmal Killer","floor":7.0},{"not_picked":["Deflect","Cloak And Dagger"],"picked":"Endless Agony","floor":13.0},{"not_picked":["Flying Knee","Dodge and Roll"],"picked":"Poisoned Stab","floor":14.0},{"not_picked":["Die Die Die","Corpse Explosion"],"picked":"After Image","floor":16.0},{"not_picked":["Prepared","Dagger Throw"],"picked":"Quick Slash","floor":18.0},{"not_picked":["Flying Knee","Dagger Throw"],"picked":"Crippling Poison","floor":19.0},{"not_picked":["Dagger Spray","Backstab"],"picked":"Blade Dance","floor":21.0},{"not_picked":["Dagger Spray","Bane","Sucker Punch"],"picked":"SKIP","floor":22.0},{"not_picked":["Setup","Dodge and Roll"],"picked":"Crippling Poison","floor":24.0},{"not_picked":["Eviscerate","All Out Attack"],"picked":"Cloak And Dagger+1","floor":28.0},{"not_picked":["Skewer","Tactician+1"],"picked":"Well Laid Plans","floor":31.0},{"not_picked":["Corpse Explosion+1","Die Die Die"],"picked":"Envenom","floor":33.0},{"not_picked":["Well Laid Plans","Underhanded Strike","Calculated Gamble+1"],"picked":"SKIP","floor":35.0},{"not_picked":["Eviscerate+1","Dagger Spray"],"picked":"Leg Sweep+1","floor":37.0},{"not_picked":["Outmaneuver+1","Blade Dance+1"],"picked":"Backflip+1","floor":38.0},{"not_picked":["Flying Knee+1","Setup+1","Bane"],"picked":"SKIP","floor":39.0},{"not_picked":["Skewer+1","Bouncing Flask+1"],"picked":"Cloak And Dagger+1","floor":42.0},{"not_picked":["Well Laid Plans","Underhanded Strike+1"],"picked":"Reflex+1","floor":48.0},{"not_picked":["Flechettes","Noxious Fumes"],"picked":"PiercingWail+1","floor":55.0}],"player_experience":772411,"relics_obtained":[{"floor":7.0,"key":"Vajra"},{"floor":9.0,"key":"Snake Skull"},{"floor":13.0,"key":"Anchor"},{"floor":24.0,"key":"Whetstone"},{"floor":26.0,"key":"Toxic Egg 2"},{"floor":28.0,"key":"Sundial"},{"floor":42.0,"key":"Shuriken"},{"floor":43.0,"key":"PreservedInsect"},{"floor":55.0,"key":"Strawberry"}],"event_choices":[{"damage_healed":0.0,"max_hp_gain":0.0,"max_hp_loss":0.0,"gold_gain":0.0,"event_name":"World of Goop","player_choice":"Left Gold","floor":8.0,"gold_loss":48.0,"damage_taken":0.0},{"damage_healed":0.0,"max_hp_gain":0.0,"max_hp_loss":0.0,"gold_gain":0.0,"event_name":"Liars Game","player_choice":"Ignored","floor":10.0,"gold_loss":0.0,"damage_taken":0.0},{"damage_healed":0.0,"max_hp_gain":0.0,"max_hp_loss":30.0,"gold_gain":0.0,"event_name":"Ghosts","player_choice":"Became a Ghost","floor":25.0,"gold_loss":0.0,"damage_taken":0.0,"cards_obtained":["Ghostly","Ghostly","Ghostly"]},{"damage_healed":7.0,"max_hp_gain":0.0,"max_hp_loss":0.0,"gold_gain":0.0,"event_name":"Wheel of Change","player_choice":"Full Heal","floor":29.0,"gold_loss":0.0,"damage_taken":0.0},{"cards_removed":["Glass Knife"],"damage_healed":0.0,"max_hp_gain":0.0,"max_hp_loss":0.0,"gold_gain":0.0,"event_name":"Falling","player_choice":"Removed Attack","floor":44.0,"gold_loss":0.0,"damage_taken":0.0},{"damage_healed":0.0,"max_hp_gain":0.0,"max_hp_loss":0.0,"gold_gain":0.0,"event_name":"Match and Keep!","player_choice":"1 cards matched","floor":47.0,"gold_loss":0.0,"damage_taken":0.0,"cards_obtained":["Reflex"]}],"is_beta":false,"boss_relics":[{"not_picked":["Tiny House","Snecko Eye"],"picked":"HoveringKite"},{"not_picked":["Coffee Dripper","Calling Bell"],"picked":"Pandora\u0027s Box"}],"items_purged_floors":[20],"is_endless":false,"potions_floor_spawned":[4,5,13,16,18,22,31,39],"killed_by":"The Heart","ascension_level":20}