{"gold_per_floor":[118,131,131,141,44,75,75,75,75,75,28,28,28,38,38,143,143,143,158,83,83,93,93,93,8,31,43,55,83,95,123,135,147],"floor_reached":33,"playtime":1186,"items_purged":[],"score":263,"play_id":"2e96f3ce-4b4d-4a07-a9fa-22f598bf30bf","local_time":"20190308024931","is_ascension_mode":false,"campfire_choices":[{"floor":8,"key":"REST"},{"data":"Dualcast","floor":10,"key":"SMITH"},{"floor":15,"key":"REST"},{"floor":23,"key":"REST"},{"floor":30,"key":"REST"},{"floor":32,"key":"REST"}],"neow_cost":"NONE","seed_source_timestamp":19271827393149,"circlet_count":0,"master_deck":["Strike_B","Strike_B","Strike_B","Strike_B","Defend_B","Defend_B","Defend_B","Defend_B","Zap+1","Dualcast+1","Static Discharge","Chaos","White Noise","Finesse","Stack","Double Energy","Pain","Reinforced Body","Force Field"],"relics":["Eternal Feather","Pear","Centennial Puzzle","Mercury Hourglass","CultistMask","Lizard Tail","WarpedTongs","Singing Bowl","MawBank"],"potions_floor_usage":[2,16,18,24,31,33],"damage_taken":[{"damage":1,"enemies":"Jaw Worm","floor":1,"turns":6},{"damage":5,"enemies":"Small Slimes","floor":2,"turns":4},{"damage":9,"enemies":"2 Louse","floor":4,"turns":3},{"damage":39,"enemies":"3 Sentries","floor":6,"turns":7},{"damage":9,"enemies":"Red Slaver","floor":14,"turns":2},{"damage":31,"enemies":"Hexaghost","floor":16,"turns":8},{"damage":0,"enemies":"2 Thieves","floor":18,"turns":1},{"damage":33,"enemies":"Chosen","floor":19,"turns":7},{"damage":40,"enemies":"Shelled Parasite and Fungi","floor":22,"turns":6},{"damage":15,"enemies":"Book of Stabbing","floor":24,"turns":6},{"damage":18,"enemies":"Snake Plant","floor":29,"turns":7},{"damage":43,"enemies":"Chosen and Byrds","floor":31,"turns":9},{"damage":104,"enemies":"Collector","floor":33,"turns":7}],"seed_played":"5612183140496167627","potions_obtained":[{"floor":1,"key":"PowerPotion"},{"floor":6,"key":"Weak Potion"},{"floor":16,"key":"SmokeBomb"},{"floor":22,"key":"SmokeBomb"},{"floor":29,"key":"Weak Potion"},{"floor":31,"key":"Energy Potion"}],"is_trial":false,"path_per_floor":["M","M","?","M","$","E","$","R","T","R","$","?","?","M","R","B",null,"M","M","?","?","M","R","E","?","T","$","$","M","R","M","R","B"],"character_chosen":"DEFECT","items_purchased":["Finesse","Stack"],"campfire_rested":5,"item_purchase_floors":[5,11],"current_hp_per_floor":[74,69,76,67,67,28,28,59,59,65,65,65,65,56,85,54,85,85,52,52,52,12,46,31,31,31,31,31,15,50,7,42,0],"gold":147,"neow_bonus":"BOSS_RELIC","is_prod":false,"is_daily":false,"chose_seed":false,"campfire_upgraded":1,"win_rate":0,"timestamp":1552025971,"path_taken":["M","M","?","M","$","E","$","R","T","R","$","?","?","?","R","BOSS","M","M","?","?","?","R","E","?","T","?","$","M","R","M","R","BOSS"],"build_version":"2019-02-06","purchased_purges":0,"victory":false,"max_hp_per_floor":[75,75,85,85,85,85,85,85,85,85,85,85,85,85,85,85,85,85,85,85,85,85,85,85,85,85,85,85,87,87,87,87,87],"card_choices":[{"not_picked":["Hologram","Compile Driver"],"picked":"Static Discharge","floor":1},{"not_picked":["Capacitor","Go for the Eyes"],"picked":"Chaos","floor":2},{"not_picked":["Stack","Ball Lightning"],"picked":"White Noise","floor":4},{"not_picked":["Multi-Cast","Scrape","Barrage"],"picked":"SKIP","floor":6},{"not_picked":["Blizzard","Cold Snap"],"picked":"Double Energy","floor":14},{"not_picked":["Sweeping Beam+1","Redo"],"picked":"Turbo+1","floor":19},{"not_picked":["Go for the Eyes","Chill"],"picked":"Reinforced Body","floor":22},{"not_picked":["Turbo","Chaos","Tempest"],"picked":"Singing Bowl","floor":29},{"not_picked":["Hologram+1","Doom and Gloom"],"picked":"Force Field","floor":31}],"player_experience":691820,"relics_obtained":[{"floor":6,"key":"Centennial Puzzle"},{"floor":9,"key":"Mercury Hourglass"},{"floor":26,"key":"MawBank"}],"event_choices":[{"damage_healed":0,"gold_gain":0,"player_choice":"Success","damage_taken":3,"relics_obtained":["Pear"],"max_hp_gain":0,"max_hp_loss":0,"event_name":"Scrap Ooze","floor":3,"gold_loss":0},{"damage_healed":0,"gold_gain":0,"player_choice":"Grow","damage_taken":0,"max_hp_gain":0,"max_hp_loss":0,"event_name":"Living Wall","floor":12,"gold_loss":0,"cards_upgraded":["Zap"]},{"damage_healed":0,"gold_gain":0,"player_choice":"Trade","damage_taken":0,"relics_obtained":["CultistMask"],"max_hp_gain":0,"max_hp_loss":0,"event_name":"FaceTrader","floor":13,"gold_loss":0},{"cards_removed":["Turbo"],"damage_healed":0,"gold_gain":0,"player_choice":"Gave Gold","damage_taken":0,"max_hp_gain":0,"max_hp_loss":0,"event_name":"Beggar","floor":20,"gold_loss":75},{"damage_healed":0,"gold_gain":0,"player_choice":"Rummage","damage_taken":0,"relics_obtained":["WarpedTongs"],"max_hp_gain":0,"max_hp_loss":0,"event_name":"Accursed Blacksmith","floor":21,"gold_loss":0,"cards_obtained":["Pain"]},{"damage_healed":0,"gold_gain":0,"player_choice":"Obtained Relic","damage_taken":0,"relics_obtained":["Singing Bowl"],"max_hp_gain":0,"max_hp_loss":0,"event_name":"Addict","floor":25,"gold_loss":85}],"is_beta":true,"boss_relics":[{"not_picked":["Ectoplasm","Philosopher\u0027s Stone"],"picked":"Lizard Tail"}],"items_purged_floors":[],"is_endless":false,"potions_floor_spawned":[1,6,16,22,29,31],"killed_by":"Collector","ascension_level":0}