{"gold_per_floor":[113,131,131,306,306,306,323,349,349,319,319,332,332,357,357,454,454,473,505,505,517,517,517,20,20,67,77,131,9,9,24,24,120,120,134,10,21,32,32],"floor_reached":39,"playtime":3485,"items_purged":["Strike_R","Strike_R"],"score":387,"play_id":"061c6d2d-d3d7-4ca4-a4fa-0419dbb4bc75","local_time":"20190318000212","is_ascension_mode":false,"campfire_choices":[{"data":"Combust","floor":6,"key":"SMITH"},{"data":"Anger","floor":11,"key":"SMITH"},{"data":"Rupture","floor":15,"key":"SMITH"},{"data":"Inflame","floor":23,"key":"SMITH"},{"data":"Barricade","floor":30,"key":"SMITH"},{"floor":32,"key":"REST"}],"neow_cost":"NONE","seed_source_timestamp":2787303507157,"circlet_count":0,"master_deck":["Strike_R+1","Defend_R","Defend_R","Defend_R","Defend_R","Bash","Combust+1","Shrug It Off","Clash","Twin Strike+1","Headbutt","Anger+1","Rupture+1","Inflame+1","Reaper","Armaments+1","Thunderclap+1","Fire Breathing+1","Bandage Up","Barricade+1","Flex","Cleave+1","Rupture","True Grit","Clash+1","Impervious","Anger","Flex","Warcry+1"],"relics":["Black Blood","Champion Belt","Peace Pipe","Mercury Hourglass","Red Mask","Strange Spoon","Whetstone","Dream Catcher","Cursed Key"],"potions_floor_usage":[8,16,16,16,19,27,27,31,33,35,37,39],"damage_taken":[{"damage":9,"enemies":"Small Slimes","floor":1,"turns":3},{"damage":1,"enemies":"2 Louse","floor":2,"turns":3},{"damage":8,"enemies":"Cultist","floor":7,"turns":5},{"damage":16,"enemies":"3 Sentries","floor":8,"turns":7},{"damage":3,"enemies":"Looter","floor":10,"turns":4},{"damage":1,"enemies":"3 Louse","floor":12,"turns":2},{"damage":23,"enemies":"Gremlin Nob","floor":14,"turns":4},{"damage":21,"enemies":"Hexaghost","floor":16,"turns":6},{"damage":19,"enemies":"Spheric Guardian","floor":18,"turns":4},{"damage":38,"enemies":"Masked Bandits","floor":19,"turns":4},{"damage":5,"enemies":"3 Byrds","floor":21,"turns":5},{"damage":33,"enemies":"Snecko","floor":27,"turns":6},{"damage":66,"enemies":"Shelled Parasite and Fungi","floor":31,"turns":7},{"damage":42,"enemies":"Champ","floor":33,"turns":12},{"damage":8,"enemies":"3 Shapes","floor":35,"turns":3},{"damage":49,"enemies":"Orb Walker","floor":37,"turns":6},{"damage":58,"enemies":"Jaw Worm Horde","floor":38,"turns":4},{"damage":38,"enemies":"Spire Growth","floor":39,"turns":4}],"seed_played":"2039711737959644883","potions_obtained":[{"floor":1,"key":"SkillPotion"},{"floor":8,"key":"Dexterity Potion"},{"floor":12,"key":"LiquidBronze"},{"floor":14,"key":"EssenceOfSteel"},{"floor":18,"key":"BloodPotion"},{"floor":21,"key":"EntropicBrew"},{"floor":33,"key":"AttackPotion"},{"floor":35,"key":"EssenceOfSteel"},{"floor":38,"key":"Weak Potion"}],"is_trial":false,"path_per_floor":["M","M","?","?","?","R","M","E","T","M","R","M","?","E","R","B",null,"M","?","?","M","?","R","$","?","T","M","T","$","R","M","R","B",null,"M","$","M","M","M"],"character_chosen":"IRONCLAD","items_purchased":["Bandage Up","Barricade","Flex","Strange Spoon","Rupture","True Grit","Flex"],"campfire_rested":1,"item_purchase_floors":[24,24,24,24,29,29,36],"current_hp_per_floor":[77,80,85,85,85,85,83,73,73,76,76,81,81,64,64,49,85,76,70,70,75,75,75,75,59,59,44,44,44,44,23,50,47,90,90,90,55,26,0],"gold":32,"neow_bonus":"TRANSFORM_CARD","is_prod":false,"is_daily":false,"chose_seed":false,"campfire_upgraded":5,"win_rate":0.0,"timestamp":1552867332,"path_taken":["M","M","?","?","?","R","M","E","T","M","R","?","?","E","R","BOSS","M","?","?","?","?","R","$","?","T","M","?","$","R","M","R","BOSS","M","?","M","M","?"],"build_version":"2019-01-23","purchased_purges":2,"victory":false,"max_hp_per_floor":[80,80,85,85,85,85,85,85,85,85,85,85,85,85,85,85,85,85,85,85,85,85,85,85,90,90,90,90,90,90,90,90,90,90,90,90,90,90,90],"card_choices":[{"not_picked":["Thunderclap","Clothesline"],"picked":"Shrug It Off","floor":1},{"not_picked":["Heavy Blade","Corruption"],"picked":"Clash","floor":2},{"not_picked":["Carnage","Sword Boomerang"],"picked":"Twin Strike","floor":7},{"not_picked":["Heavy Blade","Entrench"],"picked":"Headbutt","floor":8},{"not_picked":["Disarm","Shrug It Off"],"picked":"Anger","floor":10},{"not_picked":["Thunderclap","Shrug It Off"],"picked":"Rupture","floor":12},{"not_picked":["Wild Strike","Anger"],"picked":"Inflame","floor":14},{"not_picked":["Fiend Fire","Juggernaut"],"picked":"Reaper","floor":16},{"not_picked":["Wild Strike+1","Iron Wave"],"picked":"Armaments+1","floor":18},{"not_picked":["Perfected Strike+1","Headbutt"],"picked":"Thunderclap+1","floor":19},{"not_picked":["Offering","Twin Strike+1"],"picked":"Fire Breathing+1","floor":21},{"not_picked":["Thunderclap","Clothesline"],"picked":"Cleave+1","floor":27},{"not_picked":["Perfected Strike","Offering","Pommel Strike"],"picked":"SKIP","floor":31},{"not_picked":["Armaments","Second Wind"],"picked":"Clash+1","floor":32},{"not_picked":["Brutality","Double Tap"],"picked":"Impervious","floor":33},{"not_picked":["Twin Strike+1","Shockwave+1"],"picked":"Anger","floor":35},{"not_picked":["Headbutt","Pommel Strike+1"],"picked":"Warcry+1","floor":37},{"not_picked":["Headbutt","Feel No Pain+1","Twin Strike"],"picked":"SKIP","floor":38}],"player_experience":35258,"relics_obtained":[{"floor":8,"key":"Champion Belt"},{"floor":9,"key":"Peace Pipe"},{"floor":14,"key":"Mercury Hourglass"},{"floor":19,"key":"Red Mask"},{"floor":26,"key":"Whetstone"},{"floor":28,"key":"Dream Catcher"}],"event_choices":[{"damage_healed":0,"gold_gain":0,"player_choice":"Donut","damage_taken":0,"max_hp_gain":5,"max_hp_loss":0,"event_name":"Big Fish","floor":3,"gold_loss":0},{"damage_healed":0,"gold_gain":175,"player_choice":"AGREE","damage_taken":0,"max_hp_gain":0,"max_hp_loss":0,"event_name":"Liars Game","floor":4,"gold_loss":0,"cards_obtained":["Doubt"]},{"cards_removed":["Strike_R"],"damage_healed":0,"gold_gain":0,"player_choice":"Offered Basic","damage_taken":0,"max_hp_gain":0,"max_hp_loss":0,"event_name":"Bonfire Elementals","floor":5,"gold_loss":0},{"cards_removed":["Doubt"],"damage_healed":0,"gold_gain":0,"player_choice":"Forget","damage_taken":0,"max_hp_gain":0,"max_hp_loss":0,"event_name":"Living Wall","floor":13,"gold_loss":0},{"damage_healed":0,"gold_gain":0,"player_choice":"Fought Bandits","damage_taken":0,"max_hp_gain":0,"max_hp_loss":0,"event_name":"Masked Bandits","floor":19,"gold_loss":0},{"damage_healed":0,"gold_gain":0,"player_choice":"Ignored","damage_taken":0,"max_hp_gain":0,"max_hp_loss":0,"event_name":"N\u0027loth","floor":20,"gold_loss":0},{"damage_healed":0,"gold_gain":0,"player_choice":"Ignored","damage_taken":0,"max_hp_gain":0,"max_hp_loss":0,"event_name":"Ghosts","floor":22,"gold_loss":0},{"damage_healed":0,"gold_gain":0,"player_choice":"Shed Blood","damage_taken":21,"max_hp_gain":5,"max_hp_loss":0,"event_name":"Forgotten Altar","floor":25,"gold_loss":0}],"is_beta":false,"boss_relics":[{"not_picked":["Astrolabe","Calling Bell"],"picked":"Black Blood"},{"not_picked":["Runic Pyramid","Snecko Eye"],"picked":"Cursed Key"}],"items_purged_floors":[24,36],"is_endless":false,"potions_floor_spawned":[1,8,12,14,18,21,33,35,38],"killed_by":"Spire Growth","ascension_level":0}