{"gold_per_floor":[366,366,379,391,46,72,86,114,114,128,141,141,155,166,166,271,271,289,289,306,326,337,337,352,95,95,95,95,112,112,112,112,214,214,224,239,259,117,117,117,143,143,188,202,202,237,237,265,265,265,265,265,12,37,37],"floor_reached":55,"playtime":3087,"items_purged":["Coolheaded"],"score":796,"play_id":"9424a7ed-c0ff-49b3-a541-94e6d47c9ea0","local_time":"20190223190252","is_ascension_mode":false,"campfire_choices":[{"data":"Defragment","floor":15,"key":"SMITH"},{"data":"Electrodynamics","floor":23,"key":"SMITH"},{"data":"Storm","floor":27,"key":"SMITH"},{"data":"Rainbow","floor":32,"key":"SMITH"},{"data":"Fission","floor":40,"key":"SMITH"},{"data":"Tempest","floor":42,"key":"SMITH"},{"floor":45,"key":"RECALL"},{"floor":47,"key":"REST"},{"data":"Coolheaded","floor":49,"key":"SMITH"},{"data":"Capacitor","floor":52,"key":"SMITH"}],"neow_cost":"CURSE","seed_source_timestamp":7304248259515,"circlet_count":0,"master_deck":["Strike_B+1","Strike_B+1","Strike_B+1","Strike_B+1","Defend_B+1","Defend_B+1","Defend_B+1","Defend_B+1","Zap","Dualcast","Defragment+1","Coolheaded+1","Defragment+1","Electrodynamics+1","Auto Shields","Consume+1","BootSequence","Tempest+1","Self Repair","Reboot","Self Repair","Conserve Battery","White Noise","BootSequence","Storm+1","Rainbow+1","Fission+1","Coolheaded+1","Hologram+1","Capacitor+1","Tempest+1","Reboot","Coolheaded","White Noise+1"],"relics":["Cracked Core","Mummified Hand","Orichalcum","Whetstone","Inserter","Runic Capacitor","Torii","Letter Opener","Sozu","Juzu Bracelet","Potion Belt","Mercury Hourglass","OrangePellets","Pear"],"potions_floor_usage":[6,20,22,48,50,55],"damage_taken":[{"damage":1,"enemies":"Jaw Worm","floor":1,"turns":3},{"damage":4,"enemies":"Cultist","floor":3,"turns":4},{"damage":0,"enemies":"Small Slimes","floor":4,"turns":3},{"damage":11,"enemies":"Gremlin Nob","floor":6,"turns":4},{"damage":0,"enemies":"2 Fungi Beasts","floor":7,"turns":2},{"damage":8,"enemies":"Lagavulin","floor":8,"turns":7},{"damage":0,"enemies":"Gremlin Gang","floor":10,"turns":4},{"damage":8,"enemies":"Red Slaver","floor":11,"turns":3},{"damage":0,"enemies":"2 Fungi Beasts","floor":13,"turns":2},{"damage":0,"enemies":"Exordium Wildlife","floor":14,"turns":2},{"damage":0,"enemies":"Slime Boss","floor":16,"turns":8},{"damage":2,"enemies":"Shell Parasite","floor":18,"turns":7},{"damage":12,"enemies":"3 Byrds","floor":20,"turns":5},{"damage":6,"enemies":"Centurion and Healer","floor":21,"turns":6},{"damage":7,"enemies":"Chosen and Byrds","floor":22,"turns":5},{"damage":15,"enemies":"Snake Plant","floor":24,"turns":3},{"damage":0,"enemies":"Centurion and Healer","floor":29,"turns":3},{"damage":17,"enemies":"Collector","floor":33,"turns":7},{"damage":21,"enemies":"3 Darklings","floor":35,"turns":4},{"damage":1,"enemies":"3 Shapes","floor":36,"turns":2},{"damage":6,"enemies":"Jaw Worm Horde","floor":37,"turns":4},{"damage":0,"enemies":"Reptomancer","floor":41,"turns":5},{"damage":0,"enemies":"Sphere and 2 Shapes","floor":44,"turns":2},{"damage":35,"enemies":"Nemesis","floor":46,"turns":5},{"damage":11,"enemies":"Reptomancer","floor":48,"turns":4},{"damage":33,"enemies":"Donu and Deca","floor":50,"turns":4},{"damage":2,"enemies":"Shield and Spear","floor":54,"turns":2},{"damage":83,"enemies":"The Heart","floor":55,"turns":9}],"seed_played":"940544599456957426","potions_obtained":[{"floor":3,"key":"SkillPotion"},{"floor":7,"key":"Energy Potion"},{"floor":13,"key":"Regen Potion"},{"floor":16,"key":"Fire Potion"},{"floor":21,"key":"Ancient Potion"},{"floor":24,"key":"FearPotion"}],"is_trial":false,"path_per_floor":["M","?","M","M","$","E","M","E","T","M","M","?","M","M","R","B",null,"M","?","M","M","M","R","M","$","T","R","$","M","?","T","R","B",null,"M","M","M","$","?","R","E","R","T","M","R","E","R","E","R","B",null,"R","$","E","B"],"character_chosen":"DEFECT","items_purchased":["Mummified Hand","Defragment","Coolheaded","Runic Capacitor","Storm","Capacitor","OrangePellets","Coolheaded"],"campfire_rested":1,"item_purchase_floors":[5,5,5,25,25,38,53,53],"current_hp_per_floor":[74,74,70,70,70,59,59,51,51,51,43,36,36,36,36,43,72,72,72,72,72,72,72,64,64,64,64,64,71,71,71,71,68,72,65,71,72,72,72,72,72,72,72,72,72,51,72,72,72,58,72,72,72,82,0],"gold":37,"neow_bonus":"TWO_FIFTY_GOLD","is_prod":false,"is_daily":false,"chose_seed":false,"campfire_upgraded":8,"win_rate":0,"timestamp":1550944972,"path_taken":["M","?","M","M","$","E","?","E","T","M","M","?","M","M","R","BOSS","M","?","?","M","M","R","M","$","T","R","?","M","?","?","R","BOSS","M","M","M","$","?","R","E","R","T","M","R","E","R","E","R","BOSS","R","$","E","BOSS"],"build_version":"2019-01-23","purchased_purges":1,"victory":false,"max_hp_per_floor":[75,75,75,75,75,75,75,75,75,75,75,72,72,72,72,72,72,72,72,72,72,72,72,72,72,72,72,72,72,72,72,72,72,72,72,72,72,72,72,72,72,72,72,72,72,72,72,72,72,72,72,72,72,82,82],"card_choices":[{"not_picked":["Barrage","Consume"],"picked":"Defragment","floor":1},{"not_picked":["Compile Driver","Streamline","Rebound"],"picked":"SKIP","floor":3},{"not_picked":["Beam Cell","Ball Lightning"],"picked":"Coolheaded","floor":4},{"not_picked":["Hologram","Barrage"],"picked":"Electrodynamics","floor":6},{"not_picked":["Barrage","Go for the Eyes"],"picked":"Auto Shields","floor":7},{"not_picked":["Compile Driver","Leap","Go for the Eyes"],"picked":"SKIP","floor":8},{"not_picked":["Stack","Beam Cell"],"picked":"Consume","floor":10},{"not_picked":["Rebound","Coolheaded"],"picked":"BootSequence","floor":11},{"not_picked":["Force Field","Turbo"],"picked":"Tempest","floor":13},{"not_picked":["Rip and Tear","Go for the Eyes"],"picked":"Self Repair","floor":14},{"not_picked":["Meteor Strike","All For One"],"picked":"Reboot","floor":16},{"not_picked":["Go for the Eyes","Compile Driver"],"picked":"Self Repair","floor":18},{"not_picked":["Compile Driver","Reinforced Body"],"picked":"Conserve Battery","floor":20},{"not_picked":["Redo+1","Double Energy","Go for the Eyes"],"picked":"SKIP","floor":21},{"not_picked":["Gash+1","Sunder"],"picked":"White Noise","floor":22},{"not_picked":["Rebound","Streamline"],"picked":"BootSequence","floor":24},{"not_picked":["Conserve Battery","Compile Driver"],"picked":"Rainbow","floor":29},{"not_picked":["Multi-Cast","Rainbow"],"picked":"Fission","floor":33},{"not_picked":["Redo","Coolheaded+1","Leap"],"picked":"SKIP","floor":35},{"not_picked":["Reinforced Body","Stack+1"],"picked":"Coolheaded+1","floor":36},{"not_picked":["Coolheaded+1","Core Surge"],"picked":"Hologram+1","floor":37},{"not_picked":["Streamline","Reinforced Body+1"],"picked":"Tempest+1","floor":41},{"not_picked":["Self Repair+1","Turbo","Capacitor"],"picked":"SKIP","floor":44},{"not_picked":["Coolheaded+1","Hyperbeam","Melter+1"],"picked":"SKIP","floor":46},{"not_picked":["Rebound+1","Streamline+1"],"picked":"Reboot","floor":48},{"not_picked":["Gash","Beam Cell+1"],"picked":"White Noise+1","floor":54}],"player_experience":662317,"relics_obtained":[{"floor":6,"key":"Orichalcum"},{"floor":8,"key":"Whetstone"},{"floor":26,"key":"Torii"},{"floor":31,"key":"Letter Opener"},{"floor":43,"key":"Juzu Bracelet"},{"floor":46,"key":"Potion Belt"},{"floor":48,"key":"Mercury Hourglass"},{"floor":54,"key":"Pear"}],"event_choices":[{"damage_healed":0,"gold_gain":0,"player_choice":"Upgraded","damage_taken":0,"max_hp_gain":0,"max_hp_loss":0,"event_name":"Upgrade Shrine","floor":2,"gold_loss":0,"cards_upgraded":["Defragment"]},{"cards_removed":["Parasite"],"damage_healed":0,"gold_gain":0,"player_choice":"Card Removal","damage_taken":7,"max_hp_gain":0,"max_hp_loss":0,"event_name":"Golden Wing","floor":12,"gold_loss":0},{"damage_healed":0,"gold_gain":0,"player_choice":"Upgraded","damage_taken":0,"max_hp_gain":0,"max_hp_loss":0,"event_name":"Upgrade Shrine","floor":19,"gold_loss":0,"cards_upgraded":["Consume"]},{"damage_healed":0,"gold_gain":0,"player_choice":"Simplicity","damage_taken":0,"max_hp_gain":0,"max_hp_loss":0,"event_name":"Back to Basics","floor":30,"gold_loss":0,"cards_upgraded":["Strike_B","Strike_B","Defend_B","Defend_B","Defend_B","Defend_B"]},{"damage_healed":0,"gold_gain":0,"player_choice":"Ignored","damage_taken":0,"max_hp_gain":0,"max_hp_loss":0,"event_name":"NoteForYourself","floor":39,"gold_loss":0}],"is_beta":false,"boss_relics":[{"not_picked":["Tiny House","Runic Pyramid"],"picked":"Inserter"},{"not_picked":["Runic Dome","Coffee Dripper"],"picked":"Sozu"}],"items_purged_floors":[38],"is_endless":false,"potions_floor_spawned":[3,7,13,16,21,24,29,33,36,41,46],"killed_by":"The Heart","ascension_level":0}