{"gold_per_floor":[116,134,145,145,161,161,184,197,220,220,234,247,35,66,78,219,231,267,279,304,331,366,378,390,425,437,464,476,119,119],"floor_reached":30,"playtime":2123,"items_purged":[],"score":238,"play_id":"b6ce7fc5-0de8-435a-93e7-9e4a6a37f37a","local_time":"20190228234545","is_ascension_mode":false,"campfire_choices":[{"floor":6,"key":"REST"},{"floor":10,"key":"REST"},{"floor":15,"key":"REST"},{"floor":23,"key":"REST"},{"floor":28,"key":"REST"}],"neow_cost":"NONE","seed_source_timestamp":1296611260056172,"circlet_count":0,"master_deck":["Defend_G","Defend_G","Defend_G","Defend_G","Defend_G","Strike_G","Strike_G","Strike_G","Strike_G","Strike_G","Survivor","Neutralize","Backflip","Sucker Punch","Dagger Throw","Die Die Die","Infinite Blades","PiercingWail","Blade Dance","The Bomb","Distraction","After Image","Catalyst","Deadly Poison","Cloak And Dagger","Decay","Backflip","Accuracy"],"relics":["Black Star","Golden Idol","MawBank","Snake Skull","Sozu","The Specimen","Ice Cream"],"potions_floor_usage":[5,5,14,18],"damage_taken":[{"damage":3,"enemies":"2 Louse","floor":1,"turns":3},{"damage":1,"enemies":"Cultist","floor":2,"turns":4},{"damage":3,"enemies":"Jaw Worm","floor":3,"turns":4},{"damage":14,"enemies":"Exordium Thugs","floor":5,"turns":9},{"damage":0,"enemies":"Blue Slaver","floor":7,"turns":5},{"damage":1,"enemies":"3 Louse","floor":8,"turns":3},{"damage":3,"enemies":"2 Fungi Beasts","floor":11,"turns":3},{"damage":0,"enemies":"Exordium Wildlife","floor":12,"turns":3},{"damage":20,"enemies":"Gremlin Nob","floor":14,"turns":4},{"damage":67,"enemies":"The Guardian","floor":16,"turns":13},{"damage":12,"enemies":"Shell Parasite","floor":18,"turns":5},{"damage":17,"enemies":"Chosen","floor":20,"turns":5},{"damage":32,"enemies":"Snecko","floor":21,"turns":7},{"damage":5,"enemies":"Centurion and Healer","floor":22,"turns":6},{"damage":5,"enemies":"Snake Plant","floor":25,"turns":4},{"damage":17,"enemies":"Chosen and Byrds","floor":27,"turns":7},{"damage":24,"enemies":"Shelled Parasite and Fungi","floor":30,"turns":5}],"seed_played":"5266117386445783325","potions_obtained":[{"floor":1,"key":"GhostInAJar"},{"floor":2,"key":"Poison Potion"},{"floor":11,"key":"LiquidBronze"},{"floor":16,"key":"LiquidBronze"}],"is_trial":false,"path_per_floor":["M","M","M","?","M","R","M","M","T","R","M","M","$","E","R","B",null,"M","?","M","M","M","R","?","M","T","M","R","$","M"],"character_chosen":"THE_SILENT","items_purchased":["Blade Dance","The Bomb","Accuracy","Ice Cream"],"campfire_rested":5,"item_purchase_floors":[13,13,29,29],"current_hp_per_floor":[67,66,63,46,32,53,53,52,52,70,67,67,67,47,68,1,70,58,58,41,9,4,25,25,20,20,3,24,24,0],"gold":119,"neow_bonus":"BOSS_RELIC","is_prod":false,"is_daily":false,"chose_seed":false,"campfire_upgraded":0,"win_rate":0,"timestamp":1551410145,"path_taken":["M","M","M","?","M","R","M","M","T","R","M","M","$","E","R","BOSS","M","?","M","M","M","R","?","M","T","M","R","$","?"],"build_version":"2019-02-06","purchased_purges":0,"victory":false,"max_hp_per_floor":[70,70,70,70,70,70,70,70,70,70,70,70,70,70,70,70,70,70,70,70,70,70,70,70,70,70,70,70,70,70],"card_choices":[{"not_picked":["Infinite Blades","Finisher","Deflect"],"picked":"SKIP","floor":1},{"not_picked":["Blade Dance","Catalyst"],"picked":"Backflip","floor":2},{"not_picked":["Flying Knee","Deflect"],"picked":"Sucker Punch","floor":3},{"not_picked":["Prepared","Slice"],"picked":"Dagger Throw","floor":5},{"not_picked":["Acrobatics","Setup"],"picked":"Die Die Die","floor":7},{"not_picked":["Bane","Slice","Deflect"],"picked":"SKIP","floor":8},{"not_picked":["Bane","Expertise"],"picked":"Infinite Blades","floor":11},{"not_picked":["Underhanded Strike","Dagger Spray"],"picked":"PiercingWail","floor":12},{"not_picked":["Dagger Throw","Predator"],"picked":"Distraction","floor":14},{"not_picked":["Tools of the Trade","Bullet Time"],"picked":"After Image","floor":16},{"not_picked":["Bane","Sucker Punch"],"picked":"Catalyst","floor":18},{"not_picked":["PiercingWail","Blade Dance+1"],"picked":"Deadly Poison","floor":20},{"not_picked":["Eviscerate","Finisher+1"],"picked":"Cloak And Dagger","floor":21},{"not_picked":["Slice+1","Prepared","Blade Dance+1"],"picked":"SKIP","floor":22},{"not_picked":["Distraction","Choke"],"picked":"Backflip","floor":25},{"not_picked":["Blade Dance","Distraction","Quick Slash"],"picked":"SKIP","floor":27}],"player_experience":669120,"relics_obtained":[{"floor":14,"key":"MawBank"},{"floor":14,"key":"Snake Skull"},{"floor":26,"key":"The Specimen"}],"event_choices":[{"damage_healed":0,"gold_gain":0,"player_choice":"Take Damage","damage_taken":17,"relics_obtained":["Golden Idol"],"max_hp_gain":0,"max_hp_loss":0,"event_name":"Golden Idol","floor":4,"gold_loss":0},{"damage_healed":0,"gold_gain":0,"player_choice":"Ignored","damage_taken":0,"max_hp_gain":0,"max_hp_loss":0,"event_name":"Vampires","floor":19,"gold_loss":0},{"damage_healed":0,"gold_gain":0,"player_choice":"Cursed","damage_taken":0,"max_hp_gain":0,"max_hp_loss":0,"event_name":"Wheel of Change","floor":24,"gold_loss":0,"cards_obtained":["Decay"]}],"is_beta":true,"boss_relics":[{"not_picked":["Empty Cage","White Beast Statue"],"picked":"Sozu"}],"items_purged_floors":[],"is_endless":false,"potions_floor_spawned":[1,2,11,16,21,25],"killed_by":"Shelled Parasite and Fungi","ascension_level":0}