{"gold_per_floor":[19,91,56,231,306,306,317,317,344,358,358,372,372,391,391,496,496,515,111,111,127,127,127,138,88,88,88,101,116,116,129,129,129],"floor_reached":33,"playtime":1492,"items_purged":["Doubt"],"score":284,"play_id":"0dc2f406-1387-4d45-876d-03df0dc9306b","local_time":"20180831164403","is_ascension_mode":true,"campfire_choices":[{"data":"Barricade","floor":6,"key":"SMITH"},{"data":"Blood for Blood","floor":8,"key":"SMITH"},{"data":"Double Tap","floor":13,"key":"SMITH"},{"floor":15,"key":"REST"},{"data":"Shockwave","floor":23,"key":"SMITH"},{"data":"Demon Form","floor":27,"key":"SMITH"},{"data":"Iron Wave","floor":30,"key":"SMITH"},{"floor":32,"key":"REST"}],"neow_cost":"NO_GOLD","seed_source_timestamp":27156311056724,"circlet_count":0,"master_deck":["Strike_R","Strike_R","Strike_R","Strike_R","Strike_R","Defend_R","Defend_R","Defend_R","Defend_R","Bash","Barricade+1","Blood for Blood+1","Iron Wave+1","Double Tap+1","Uppercut","Clothesline","Demon Form+1","Perfected Strike","Shockwave+1","Sever Soul+1","Rampage","Headbutt","Carnage+1","Clothesline+1"],"relics":["Burning Blood","Bag of Marbles","Busted Crown","Mummified Hand","Ornamental Fan"],"potions_floor_usage":[16,24,29,31],"damage_taken":[{"damage":14,"enemies":"Small Slimes","floor":1,"turns":4},{"damage":11,"enemies":"Jaw Worm","floor":7,"turns":8},{"damage":10,"enemies":"Cultist","floor":10,"turns":5},{"damage":10,"enemies":"Exordium Wildlife","floor":12,"turns":5},{"damage":15,"enemies":"2 Fungi Beasts","floor":14,"turns":3},{"damage":60,"enemies":"Hexaghost","floor":16,"turns":9},{"damage":7,"enemies":"Chosen","floor":18,"turns":4},{"damage":17,"enemies":"Spheric Guardian","floor":21,"turns":4},{"damage":4,"enemies":"Centurion and Healer","floor":24,"turns":5},{"damage":38,"enemies":"Snake Plant","floor":28,"turns":3},{"damage":4,"enemies":"3 Cultists","floor":29,"turns":4},{"damage":20,"enemies":"Cultist and Chosen","floor":31,"turns":5},{"damage":58,"enemies":"Automaton","floor":33,"turns":6}],"seed_played":"-1293791690747268931","potions_obtained":[{"floor":7,"key":"SkillPotion"},{"floor":10,"key":"SteroidPotion"},{"floor":18,"key":"FearPotion"},{"floor":24,"key":"Explosive Potion"},{"floor":28,"key":"SpeedPotion"},{"floor":29,"key":"BloodPotion"}],"is_trial":false,"path_per_floor":["M","?","?","?","?","R","M","R","T","M","?","M","R","M","R","B",null,"M","$","?","M","$","R","M","?","T","R","M","M","R","M","R"],"character_chosen":"IRONCLAD","items_purchased":["Mummified Hand","Shockwave"],"campfire_rested":2,"item_purchase_floors":[19,19],"current_hp_per_floor":[72,72,80,80,69,69,64,64,64,60,60,56,56,47,71,17,80,79,79,79,68,68,68,70,70,70,70,38,40,40,34,58,0],"gold":129,"neow_bonus":"THREE_RARE_CARDS","is_prod":false,"is_daily":false,"chose_seed":false,"campfire_upgraded":6,"win_rate":0,"timestamp":1535730243,"path_taken":["M","?","?","?","?","R","M","R","T","M","?","M","R","M","R","BOSS","M","$","?","M","$","R","M","?","T","R","M","?","R","M","R","BOSS"],"build_version":"2018-08-30","purchased_purges":1,"victory":false,"max_hp_per_floor":[80,80,80,80,80,80,80,80,80,80,80,80,80,80,80,80,80,80,80,80,80,80,80,80,80,80,80,80,80,80,80,80,80],"card_choices":[{"not_picked":["Offering","Dark Embrace"],"picked":"Barricade","floor":0},{"not_picked":["Warcry","Twin Strike"],"picked":"Blood for Blood","floor":1},{"not_picked":["Wild Strike","Sword Boomerang"],"picked":"Iron Wave","floor":7},{"not_picked":["Havoc","Anger"],"picked":"Double Tap","floor":10},{"not_picked":["Havoc","Heavy Blade"],"picked":"Uppercut","floor":12},{"not_picked":["Warcry","Power Through"],"picked":"Clothesline","floor":14},{"not_picked":["Exhume","Brutality"],"picked":"Demon Form","floor":16},{"not_picked":[],"picked":"Perfected Strike","floor":18},{"not_picked":[],"picked":"Sever Soul+1","floor":21},{"not_picked":[],"picked":"Rampage","floor":24},{"not_picked":[],"picked":"Headbutt","floor":28},{"not_picked":[],"picked":"Carnage+1","floor":29},{"not_picked":[],"picked":"Clothesline+1","floor":31}],"player_experience":472977,"relics_obtained":[{"floor":9,"key":"Bag of Marbles"},{"floor":26,"key":"Ornamental Fan"}],"event_choices":[{"event_name":"Golden Wing","player_choice":"Gained Gold","floor":2,"damage_taken":0},{"event_name":"The Cleric","player_choice":"Healed","floor":3,"damage_taken":0},{"event_name":"Liars Game","player_choice":"agreed","floor":4,"damage_taken":0},{"event_name":"World of Goop","player_choice":"Gather Gold","floor":5,"damage_taken":0},{"event_name":"Golden Idol","player_choice":"Ignored","floor":11,"damage_taken":0},{"event_name":"Ghosts","player_choice":"Ignored","floor":20,"damage_taken":0},{"event_name":"The Joust","player_choice":"Bet on Owner","floor":25,"damage_taken":0}],"is_beta":false,"boss_relics":[{"not_picked":["Black Blood","Astrolabe"],"picked":"Busted Crown"}],"items_purged_floors":[19],"is_endless":false,"potions_floor_spawned":[7,10,18,24,28,29],"killed_by":"Automaton","ascension_level":4}