{"gold_per_floor":[366,120,195,195,210,210,225,257,257,29,129,141,154,187,187,286,286,300,300,300,2,22,22,32,32,32,32,59,59,78,88,88,186,186,204,218,218,218,218,218,245,265,265,365,376,23,49,69,69,69],"floor_reached":51,"playtime":5414,"items_purged":["Normality"],"score":856,"play_id":"bbbf32b3-e38d-47d0-a3d7-e36ade7116d9","local_time":"20190324095032","is_ascension_mode":true,"campfire_choices":[{"data":"Go for the Eyes","floor":6,"key":"SMITH"},{"data":"Defragment","floor":15,"key":"SMITH"},{"data":"Echo Form","floor":23,"key":"SMITH"},{"data":"White Noise","floor":25,"key":"SMITH"},{"data":"Biased Cognition","floor":27,"key":"SMITH"},{"data":"Capacitor","floor":32,"key":"SMITH"},{"data":"Madness","floor":40,"key":"SMITH"},{"data":"Consume","floor":49,"key":"SMITH"}],"neow_cost":"CURSE","seed_source_timestamp":167570576814091,"circlet_count":0,"master_deck":["Zap+1","Coolheaded","Conserve Battery","Go for the Eyes+1","Cold Snap","Go for the Eyes","BootSequence","Defragment+1","Ball Lightning","Leap","Echo Form+1","Biased Cognition+1","Machine Learning","Auto Shields","Ball Lightning","Electrodynamics","Steam Power","Thunder Strike","Undo","Coolheaded+1","Glacier","Go for the Eyes+1","Hologram+1","White Noise+1","Self Repair+1","Conserve Battery+1","Capacitor+1","Machine Learning","Loop","Cold Snap","Madness+1","Madness","Loop+1","Barrage+1","Capacitor+1","Consume+1"],"relics":["Cracked Core","Singing Bowl","Orichalcum","Anchor","Prayer Wheel","Pandora\u0027s Box","Incense Burner","Pantograph","Bottled Tornado","Lizard Tail","Potion Belt","Gambling Chip","PreservedInsect","StoneCalendar","FossilizedHelix","Blood Vial"],"potions_floor_usage":[8,8,14,28,29,41,41,50,50,50],"damage_taken":[{"damage":7,"enemies":"Small Slimes","floor":1,"turns":3},{"damage":2,"enemies":"2 Louse","floor":5,"turns":3},{"damage":0,"enemies":"Jaw Worm","floor":7,"turns":3},{"damage":8,"enemies":"Gremlin Nob","floor":8,"turns":4},{"damage":0,"enemies":"Exordium Thugs","floor":12,"turns":4},{"damage":1,"enemies":"Looter","floor":13,"turns":3},{"damage":7,"enemies":"3 Sentries","floor":14,"turns":5},{"damage":28,"enemies":"Hexaghost","floor":16,"turns":12},{"damage":5,"enemies":"Spheric Guardian","floor":18,"turns":4},{"damage":0,"enemies":"Chosen","floor":22,"turns":3},{"damage":0,"enemies":"Centurion and Healer","floor":24,"turns":4},{"damage":2,"enemies":"Book of Stabbing","floor":28,"turns":6},{"damage":0,"enemies":"Chosen and Byrds","floor":30,"turns":4},{"damage":0,"enemies":"Cultist and Chosen","floor":31,"turns":4},{"damage":16,"enemies":"Collector","floor":33,"turns":6},{"damage":0,"enemies":"Orb Walker","floor":35,"turns":3},{"damage":2,"enemies":"3 Shapes","floor":36,"turns":3},{"damage":50,"enemies":"Reptomancer","floor":41,"turns":8},{"damage":14,"enemies":"Jaw Worm Horde","floor":42,"turns":6},{"damage":0,"enemies":"Mind Bloom Boss Battle","floor":44,"turns":4},{"damage":2,"enemies":"Writhing Mass","floor":45,"turns":5},{"damage":0,"enemies":"Nemesis","floor":47,"turns":7},{"damage":11,"enemies":"Sphere and 2 Shapes","floor":48,"turns":5},{"damage":52,"enemies":"Awakened One","floor":50,"turns":17}],"seed_played":"6389764143766316379","potions_obtained":[{"floor":1,"key":"GamblersBrew"},{"floor":7,"key":"SpeedPotion"},{"floor":8,"key":"Explosive Potion"},{"floor":16,"key":"Energy Potion"},{"floor":18,"key":"EssenceOfSteel"},{"floor":29,"key":"Fruit Juice"},{"floor":29,"key":"Swift Potion"},{"floor":29,"key":"Swift Potion"},{"floor":42,"key":"Regen Potion"},{"floor":44,"key":"AttackPotion"},{"floor":48,"key":"Swift Potion"}],"is_trial":false,"path_per_floor":["M","$","?","?","M","R","M","E","T","$","?","M","M","E","R","B",null,"M","?","?","$","M","R","M","R","T","R","E","?","M","M","R","B",null,"M","M","?","?","?","R","E","M","T","?","M","$","E","M","R","B",null],"character_chosen":"DEFECT","items_purchased":["Conserve Battery","Go for the Eyes","Regen Potion","Anchor","Defragment","Incense Burner","FossilizedHelix","PowerPotion"],"campfire_rested":0,"item_purchase_floors":[2,2,2,10,10,21,46,46],"current_hp_per_floor":[68,68,57,57,55,55,55,59,59,59,59,59,60,53,53,25,77,74,74,74,74,74,74,76,76,76,76,76,81,83,90,90,74,90,94,94,82,82,82,82,44,42,42,67,77,77,89,92,92,67],"gold":69,"neow_bonus":"TWO_FIFTY_GOLD","is_prod":false,"is_daily":false,"chose_seed":false,"campfire_upgraded":8,"win_rate":0,"timestamp":1553421032,"path_taken":["M","$","?","?","M","R","M","E","T","$","?","M","M","E","R","BOSS","M","?","?","$","?","R","M","R","T","R","E","?","M","M","R","BOSS","M","M","?","?","?","R","E","?","T","?","M","$","E","M","R","BOSS"],"build_version":"2019-01-23","purchased_purges":1,"victory":true,"max_hp_per_floor":[75,75,75,75,75,75,75,75,75,75,75,75,77,77,77,77,77,79,79,79,79,79,79,81,81,81,81,83,88,90,90,90,90,90,94,94,94,94,94,94,96,98,98,98,100,100,102,104,104,104],"card_choices":[{"not_picked":["Compile Driver","Beam Cell"],"picked":"Coolheaded","floor":1},{"not_picked":["Tempest","Rebound"],"picked":"Cold Snap","floor":5},{"not_picked":["Beam Cell","Leap"],"picked":"Go for the Eyes","floor":7},{"not_picked":["Genetic Algorithm","Hologram"],"picked":"BootSequence","floor":8},{"not_picked":["Beam Cell","Genetic Algorithm"],"picked":"Ball Lightning","floor":12},{"not_picked":["Go for the Eyes","Melter","Aggregate"],"picked":"Singing Bowl","floor":13},{"not_picked":["Sweeping Beam","Multi-Cast"],"picked":"Leap","floor":14},{"not_picked":["All For One","Meteor Strike"],"picked":"Echo Form","floor":16},{"not_picked":["Steam+1","Conserve Battery"],"picked":"Coolheaded+1","floor":18},{"not_picked":["Stack+1","Turbo","Reinforced Body"],"picked":"Singing Bowl","floor":18},{"not_picked":["Steam+1","Gash+1"],"picked":"Go for the Eyes+1","floor":22},{"not_picked":["Gash","Compile Driver+1"],"picked":"Hologram+1","floor":22},{"not_picked":["Coolheaded","Gash","Redo"],"picked":"Singing Bowl","floor":24},{"not_picked":["Beam Cell","Leap+1"],"picked":"White Noise","floor":24},{"not_picked":["Undo","Turbo","Meteor Strike"],"picked":"Singing Bowl","floor":28},{"not_picked":["Turbo+1","Compile Driver"],"picked":"Self Repair+1","floor":30},{"not_picked":["Lockon+1","Doom and Gloom","Go for the Eyes"],"picked":"Singing Bowl","floor":30},{"not_picked":["Heatsinks","Blizzard"],"picked":"Conserve Battery+1","floor":31},{"not_picked":["White Noise","Streamline"],"picked":"Capacitor","floor":31},{"not_picked":["Electrodynamics","Rainbow"],"picked":"Machine Learning","floor":33},{"not_picked":["Sweeping Beam","Go for the Eyes","Rebound"],"picked":"Singing Bowl","floor":35},{"not_picked":["Static Discharge","Rebound","Steam"],"picked":"Singing Bowl","floor":35},{"not_picked":["Gash","White Noise"],"picked":"Loop","floor":36},{"not_picked":["Heatsinks+1","Leap+1"],"picked":"Cold Snap","floor":36},{"not_picked":["Redo+1","Beam Cell+1","Steam+1"],"picked":"Singing Bowl","floor":41},{"not_picked":["Rebound+1","Meteor Strike","Hologram"],"picked":"Singing Bowl","floor":42},{"not_picked":["Redo+1","Auto Shields"],"picked":"Loop+1","floor":42},{"not_picked":["Go for the Eyes","Cold Snap"],"picked":"Barrage+1","floor":44},{"not_picked":["Ball Lightning+1","Sweeping Beam"],"picked":"Capacitor+1","floor":45},{"not_picked":["Rainbow","Barrage+1","Conserve Battery+1"],"picked":"Singing Bowl","floor":45},{"not_picked":["Fusion","Conserve Battery","Turbo+1"],"picked":"Singing Bowl","floor":47},{"not_picked":["Steam+1","Self Repair"],"picked":"Consume","floor":48},{"not_picked":["Beam Cell","Stack+1","Go for the Eyes+1"],"picked":"Singing Bowl","floor":48}],"player_experience":157499,"relics_obtained":[{"floor":8,"key":"Singing Bowl"},{"floor":9,"key":"Orichalcum"},{"floor":14,"key":"Prayer Wheel"},{"floor":26,"key":"Pantograph"},{"floor":28,"key":"Bottled Tornado"},{"floor":41,"key":"Gambling Chip"},{"floor":43,"key":"PreservedInsect"},{"floor":44,"key":"StoneCalendar"},{"floor":47,"key":"Blood Vial"}],"event_choices":[{"damage_healed":0,"gold_gain":75,"player_choice":"Gather Gold","damage_taken":11,"max_hp_gain":0,"max_hp_loss":0,"event_name":"World of Goop","floor":3,"gold_loss":0},{"damage_healed":0,"gold_gain":0,"player_choice":"Grow","damage_taken":0,"max_hp_gain":0,"max_hp_loss":0,"event_name":"Living Wall","floor":4,"gold_loss":0,"cards_upgraded":["Zap"]},{"damage_healed":0,"gold_gain":100,"player_choice":"Pray","damage_taken":0,"max_hp_gain":0,"max_hp_loss":0,"event_name":"Golden Shrine","floor":11,"gold_loss":0},{"damage_healed":0,"gold_gain":0,"player_choice":"Read","damage_taken":0,"max_hp_gain":0,"max_hp_loss":0,"event_name":"The Library","floor":19,"gold_loss":0,"cards_obtained":["Glacier"]},{"cards_removed":["Dualcast"],"damage_healed":0,"gold_gain":0,"player_choice":"Purged","damage_taken":0,"max_hp_gain":0,"max_hp_loss":0,"event_name":"Purifier","floor":20,"gold_loss":0},{"damage_healed":0,"gold_gain":0,"player_choice":"Got Potions","damage_taken":0,"max_hp_gain":0,"max_hp_loss":0,"event_name":"Lab","floor":29,"gold_loss":0},{"damage_healed":0,"gold_gain":0,"player_choice":"Embrace Madness","damage_taken":12,"max_hp_gain":0,"max_hp_loss":0,"event_name":"Winding Halls","floor":37,"gold_loss":0,"cards_obtained":["Madness","Madness"]},{"damage_healed":0,"gold_gain":0,"player_choice":"Ignored","damage_taken":0,"max_hp_gain":0,"max_hp_loss":0,"event_name":"Tomb of Lord Red Mask","floor":38,"gold_loss":0},{"damage_healed":0,"gold_gain":0,"player_choice":"Gave Potion","damage_taken":0,"relics_obtained":["Potion Belt"],"max_hp_gain":0,"max_hp_loss":0,"event_name":"WeMeetAgain","floor":39,"gold_loss":0},{"damage_healed":0,"gold_gain":0,"player_choice":"Fight","damage_taken":0,"max_hp_gain":0,"max_hp_loss":0,"event_name":"MindBloom","floor":44,"gold_loss":0}],"is_beta":false,"boss_relics":[{"not_picked":["Astrolabe","Coffee Dripper"],"picked":"Pandora\u0027s Box"},{"not_picked":["Tiny House","Orrery"],"picked":"Lizard Tail"}],"items_purged_floors":[2],"is_endless":false,"potions_floor_spawned":[1,7,8,16,18,24,31,36,42,44,48],"ascension_level":2}