{"gold_per_floor":[13,25,25,42,52,52,87,87,111,186,186,203,222,253,253,355,355,375,385,385,398,417,417,444,444,444,461,461,186,186,204,204,309,309,329,229,247,262,278,312,327,360,360,360,90,110,120,135,135,135,135,135,54,87,87],"floor_reached":56,"playtime":4365,"items_purged":["Strike_R","Defend_R"],"score":1383,"play_id":"7c49f76f-bf93-4054-a84e-cea7dd875388","local_time":"20190322235451","is_ascension_mode":true,"campfire_choices":[{"data":"Bash","floor":6.0,"key":"SMITH"},{"data":"Carnage","floor":8.0,"key":"SMITH"},{"data":"Iron Wave","floor":11.0,"key":"SMITH"},{"data":"Armaments","floor":15.0,"key":"SMITH"},{"data":"Dual Wield","floor":23.0,"key":"SMITH"},{"data":"Pommel Strike","floor":25.0,"key":"SMITH"},{"data":"Demon Form","floor":28.0,"key":"SMITH"},{"data":"True Grit","floor":30.0,"key":"SMITH"},{"data":"Clothesline","floor":32.0,"key":"SMITH"},{"floor":44.0,"key":"RECALL"},{"floor":49.0,"key":"REST"},{"floor":52.0,"key":"REST"}],"neow_cost":"NO_GOLD","seed_source_timestamp":134507750395100,"circlet_count":0,"master_deck":["Strike_R","Strike_R","Strike_R","Defend_R","Defend_R","Defend_R","Bash+1","Demon Form+1","Iron Wave+1","Inflame","Pommel Strike+1","Iron Wave","Carnage+1","Cleave","Dual Wield+1","Armaments+1","Feed","Spot Weakness","Reaper","Pommel Strike+1","Sentinel+1","Feel No Pain","True Grit+1","Clothesline+1","Exhume","Shockwave","Battle Trance","Shockwave+1","Sentinel+1","Shrug It Off+1","Pommel Strike+1","Anger+1","Battle Trance","Feel No Pain","Reaper","Havoc+1","Demon Form","Havoc+1","Battle Trance"],"special_seed":0,"relics":["Burning Blood","Omamori","Happy Flower","Bag of Preparation","Cursed Key","Magic Flower","Kunai","Pantograph","Fusion Hammer","Paper Frog","Dream Catcher","Orichalcum","Bottled Lightning"],"potions_floor_usage":[55,55],"damage_taken":[{"damage":2.0,"enemies":"2 Louse","floor":1.0,"turns":4.0},{"damage":3.0,"enemies":"Small Slimes","floor":2.0,"turns":3.0},{"damage":2.0,"enemies":"Jaw Worm","floor":4.0,"turns":5.0},{"damage":18.0,"enemies":"Exordium Thugs","floor":5.0,"turns":6.0},{"damage":19.0,"enemies":"Gremlin Nob","floor":7.0,"turns":4.0},{"damage":4.0,"enemies":"3 Louse","floor":12.0,"turns":3.0},{"damage":13.0,"enemies":"Large Slime","floor":13.0,"turns":3.0},{"damage":10.0,"enemies":"3 Sentries","floor":14.0,"turns":5.0},{"damage":25.0,"enemies":"The Guardian","floor":16.0,"turns":9.0},{"damage":6.0,"enemies":"Spheric Guardian","floor":18.0,"turns":3.0},{"damage":14.0,"enemies":"3 Byrds","floor":19.0,"turns":6.0},{"damage":25.0,"enemies":"Snake Plant","floor":21.0,"turns":5.0},{"damage":24.0,"enemies":"Centurion and Healer","floor":22.0,"turns":6.0},{"damage":60.0,"enemies":"Slavers","floor":24.0,"turns":6.0},{"damage":27.0,"enemies":"Snecko","floor":27.0,"turns":5.0},{"damage":39.0,"enemies":"Shelled Parasite and Fungi","floor":31.0,"turns":7.0},{"damage":48.0,"enemies":"Collector","floor":33.0,"turns":11.0},{"damage":7.0,"enemies":"3 Shapes","floor":35.0,"turns":6.0},{"damage":13.0,"enemies":"Orb Walker","floor":37.0,"turns":5.0},{"damage":22.0,"enemies":"Sphere and 2 Shapes","floor":38.0,"turns":7.0},{"damage":49.0,"enemies":"Spire Growth","floor":39.0,"turns":5.0},{"damage":32.0,"enemies":"Giant Head","floor":40.0,"turns":7.0},{"damage":24.0,"enemies":"3 Darklings","floor":41.0,"turns":13.0},{"damage":35.0,"enemies":"Nemesis","floor":42.0,"turns":7.0},{"damage":5.0,"enemies":"Jaw Worm Horde","floor":46.0,"turns":5.0},{"damage":20.0,"enemies":"Maw","floor":47.0,"turns":8.0},{"damage":3.0,"enemies":"4 Shapes","floor":48.0,"turns":7.0},{"damage":47.0,"enemies":"Time Eater","floor":50.0,"turns":9.0},{"damage":76,"enemies":"Shield and Spear","floor":54,"turns":4},{"damage":103,"enemies":"The Heart","floor":55,"turns":9}],"seed_played":"7534430829055105397","potions_obtained":[{"floor":4.0,"key":"Fire Potion"},{"floor":12.0,"key":"GamblersBrew"},{"floor":13.0,"key":"AttackPotion"},{"floor":14.0,"key":"Dexterity Potion"},{"floor":22.0,"key":"SpeedPotion"},{"floor":31.0,"key":"Strength Potion"},{"floor":35.0,"key":"Weak Potion"}],"is_trial":false,"path_per_floor":["M","M","?","M","M","R","E","R","T","?","R","M","M","E","R","B",null,"M","M","?","M","M","R","E","R","T","M","R","$","R","M","R","B",null,"M","$","M","M","M","E","M","E","T","R","$","M","M","M","R","B",null,"R","$","E","B",null],"character_chosen":"IRONCLAD","items_purchased":["GamblersBrew","Feel No Pain","True Grit","Battle Trance","Orichalcum","Feel No Pain","Battle Trance"],"campfire_rested":2,"item_purchase_floors":[29,29,29,45,45,45,53],"current_hp_per_floor":[80,80,73,77,65,65,52,52,52,41,41,43,36,32,32,13,80,80,75,75,59,76,76,49,49,49,36,36,36,36,41,41,84,100,103,103,104,101,67,71,116,95,95,95,95,124,118,131,131,93,131,131,131,131,134],"gold":87,"neow_bonus":"THREE_RARE_CARDS","is_prod":false,"is_daily":false,"chose_seed":false,"campfire_upgraded":9,"win_rate":1,"timestamp":1553324091,"path_taken":["M","M","?","M","M","R","E","R","T","?","R","M","M","E","R","BOSS","M","M","?","M","M","R","E","R","T","M","R","$","R","M","R","BOSS","M","$","M","M","M","E","M","E","T","R","$","M","M","M","R","BOSS","R","$","E","BOSS"],"build_version":"2019-01-23","purchased_purges":2,"victory":true,"max_hp_per_floor":[80,80,80,80,80,80,80,80,80,80,80,80,80,80,80,80,80,80,83,83,83,87,87,91,91,91,94,94,94,94,97,97,100,100,103,103,106,112,116,116,116,119,119,119,119,125,128,131,131,131,131,131,131,131,134],"card_choices":[{"not_picked":["Barricade","Dark Embrace"],"picked":"Demon Form","floor":0.0},{"not_picked":["Clash","Rampage"],"picked":"Iron Wave","floor":1.0},{"not_picked":["Clash","Armaments"],"picked":"Inflame","floor":2.0},{"not_picked":["Rage","Clash"],"picked":"Pommel Strike","floor":4.0},{"not_picked":["Pommel Strike","Warcry"],"picked":"Iron Wave","floor":5.0},{"not_picked":["Heavy Blade","Flame Barrier"],"picked":"Carnage","floor":7.0},{"not_picked":["Double Tap","Heavy Blade"],"picked":"Cleave","floor":12.0},{"not_picked":["Perfected Strike","Sword Boomerang"],"picked":"Dual Wield","floor":13.0},{"not_picked":["Sever Soul","Double Tap"],"picked":"Armaments","floor":14.0},{"not_picked":["Dark Embrace","Reaper"],"picked":"Feed","floor":16.0},{"not_picked":["Body Slam","Thunderclap"],"picked":"Spot Weakness","floor":18.0},{"not_picked":["Pummel","Clash","Thunderclap"],"picked":"SKIP","floor":19.0},{"not_picked":["True Grit","Shrug It Off"],"picked":"Reaper","floor":21.0},{"not_picked":["Flex","Evolve","Cleave"],"picked":"SKIP","floor":22.0},{"not_picked":["Rampage+1","Carnage"],"picked":"Pommel Strike+1","floor":24.0},{"not_picked":["Rampage","Havoc+1"],"picked":"Sentinel+1","floor":27.0},{"not_picked":["Wild Strike+1","Pommel Strike+1"],"picked":"Clothesline","floor":31.0},{"not_picked":["Feed","Fiend Fire"],"picked":"Exhume","floor":33.0},{"not_picked":["Flame Barrier","Rupture"],"picked":"Shockwave","floor":35.0},{"not_picked":["Clothesline+1","Havoc+1"],"picked":"Battle Trance","floor":37.0},{"not_picked":["Warcry+1","Twin Strike+1"],"picked":"Shockwave+1","floor":38.0},{"not_picked":["Warcry+1","Blood for Blood+1"],"picked":"Sentinel+1","floor":39.0},{"not_picked":["Headbutt","Sentinel+1"],"picked":"Shrug It Off+1","floor":40.0},{"not_picked":["Flame Barrier","Clothesline"],"picked":"Pommel Strike+1","floor":41.0},{"not_picked":["Blood for Blood+1","Iron Wave"],"picked":"Anger+1","floor":42.0},{"not_picked":["Heavy Blade+1","Hemokinesis"],"picked":"Reaper","floor":46.0},{"not_picked":["Inflame","Thunderclap"],"picked":"Havoc+1","floor":47.0},{"not_picked":["Clash+1","Sword Boomerang","Demon Form"],"picked":"SKIP","floor":48.0},{"not_picked":["Clash+1","Sword Boomerang"],"picked":"Demon Form","floor":48.0},{"not_picked":["Wild Strike","Pommel Strike+1"],"picked":"Havoc+1","floor":52.0},{"not_picked":["Dual Wield+1","Bloodletting","Sword Boomerang+1"],"picked":"SKIP","floor":54}],"player_experience":42651,"relics_obtained":[{"floor":7.0,"key":"Omamori"},{"floor":9.0,"key":"Happy Flower"},{"floor":14.0,"key":"Bag of Preparation"},{"floor":24.0,"key":"Kunai"},{"floor":26.0,"key":"Pantograph"},{"floor":40.0,"key":"Paper Frog"},{"floor":42.0,"key":"Dream Catcher"},{"floor":54,"key":"Bottled Lightning"}],"event_choices":[{"cards_removed":["Strike_R"],"damage_healed":0.0,"max_hp_gain":0.0,"max_hp_loss":0.0,"gold_gain":0.0,"event_name":"Golden Wing","player_choice":"Card Removal","floor":3.0,"gold_loss":0.0,"damage_taken":7.0},{"damage_healed":0.0,"max_hp_gain":0.0,"max_hp_loss":0.0,"gold_gain":75.0,"event_name":"World of Goop","player_choice":"Gather Gold","floor":10.0,"gold_loss":0.0,"damage_taken":11.0},{"damage_healed":0.0,"max_hp_gain":0.0,"max_hp_loss":0.0,"gold_gain":0.0,"event_name":"The Mausoleum","player_choice":"Opened","floor":20.0,"gold_loss":0.0,"damage_taken":0.0,"relics_obtained":["Magic Flower"]}],"is_beta":false,"boss_relics":[{"not_picked":["Busted Crown","Runic Cube"],"picked":"Cursed Key"},{"not_picked":["Philosopher\u0027s Stone","Calling Bell"],"picked":"Fusion Hammer"}],"items_purged_floors":[29,36],"is_endless":false,"potions_floor_spawned":[4,12,13,14,22,31,33,35,38,42,46,47,54],"ascension_level":3}