{"gold_per_floor":[210,222,241,140,140,168,168,30,56,68,68,93,93,106,106,204,204,129,129,129,129,18,18,18],"floor_reached":24,"playtime":1543,"items_purged":[],"score":235,"play_id":"d5332dab-5549-4635-b1b1-e9636d791b0d","local_time":"20180814173057","is_ascension_mode":true,"campfire_choices":[{"data":"Body Slam","floor":7,"key":"SMITH"},{"floor":11,"key":"REST"},{"data":"Armaments","floor":13,"key":"SMITH"},{"data":"Inflame","floor":15,"key":"SMITH"},{"data":"Dual Wield","floor":23,"key":"SMITH"}],"neow_cost":"NONE","seed_source_timestamp":3958163794105789,"circlet_count":0,"master_deck":["Strike_R","Strike_R","Strike_R","Strike_R","Strike_R","Defend_R","Defend_R","Defend_R","Defend_R","Bash","Shrug It Off","True Grit","Pummel","Enlightenment","Body Slam+1","Inflame+1","Dual Wield+1","Thunderclap","Armaments+1","Iron Wave","Juggernaut","Heavy Blade","Berserk","Flex","Ghostly Armor","Feel No Pain"],"relics":["Burning Blood","Art of War","Juzu Bracelet","Sundial","Ectoplasm"],"potions_floor_usage":[12,18,18,18],"damage_taken":[{"damage":15,"enemies":"Cultist","floor":1,"turns":5},{"damage":1,"enemies":"Small Slimes","floor":2,"turns":4},{"damage":0,"enemies":"Jaw Worm","floor":3,"turns":4},{"damage":48,"enemies":"3 Sentries","floor":6,"turns":16},{"damage":11,"enemies":"Looter","floor":10,"turns":3},{"damage":2,"enemies":"Lagavulin","floor":12,"turns":5},{"damage":5,"enemies":"Large Slime","floor":14,"turns":10},{"damage":5,"enemies":"Slime Boss","floor":16,"turns":9},{"damage":0,"enemies":"2 Thieves","floor":18,"turns":5},{"damage":22,"enemies":"Spheric Guardian","floor":20,"turns":5},{"damage":83,"enemies":"Gremlin Leader","floor":24,"turns":4}],"seed_played":"-2821672642738260601","potions_obtained":[{"floor":2,"key":"FearPotion"},{"floor":6,"key":"Dexterity Potion"},{"floor":12,"key":"EssenceOfSteel"},{"floor":16,"key":"Dexterity Potion"}],"is_trial":false,"path_per_floor":["M","M","M","$","$","E","R","$","T","M","R","E","R","M","R","B",null,"M","?","M","?","$","R"],"character_chosen":"IRONCLAD","items_purchased":["Enlightenment","Inflame","Dual Wield","Ghostly Armor","Feel No Pain"],"campfire_rested":1,"item_purchase_floors":[4,8,8,22,22],"current_hp_per_floor":[71,76,80,80,80,38,38,38,38,33,57,61,61,62,62,63,80,80,80,64,64,64,64,0],"gold":18,"neow_bonus":"HUNDRED_GOLD","is_prod":false,"is_daily":false,"chose_seed":false,"campfire_upgraded":4,"win_rate":0,"timestamp":1534264257,"path_taken":["M","M","?","?","$","E","R","$","T","M","R","E","R","M","R","BOSS","M","?","M","?","$","R","E"],"build_version":"2018-08-09","purchased_purges":0,"victory":false,"max_hp_per_floor":[80,80,80,80,80,80,80,80,80,80,80,80,80,80,80,80,80,80,80,80,80,80,80,80],"card_choices":[{"not_picked":["Thunderclap","Warcry"],"picked":"Shrug It Off","floor":1},{"not_picked":["Clothesline","Perfected Strike"],"picked":"True Grit","floor":2},{"not_picked":["Anger","Clothesline"],"picked":"Pummel","floor":3},{"not_picked":["Sever Soul","Seeing Red"],"picked":"Body Slam","floor":6},{"not_picked":["Perfected Strike","Fire Breathing"],"picked":"Thunderclap","floor":10},{"not_picked":["Flex","Cleave"],"picked":"Armaments","floor":12},{"not_picked":["Perfected Strike","Bloodletting"],"picked":"Iron Wave","floor":14},{"not_picked":["Offering","Impervious"],"picked":"Juggernaut","floor":16},{"not_picked":["Sword Boomerang","Clothesline"],"picked":"Heavy Blade","floor":18},{"not_picked":["Wild Strike","Reckless Charge"],"picked":"Flex","floor":20}],"player_experience":352455,"relics_obtained":[{"floor":6,"key":"Art of War"},{"floor":9,"key":"Juzu Bracelet"},{"floor":12,"key":"Sundial"}],"event_choices":[{"event_name":"The Library","player_choice":"Read","floor":19,"damage_taken":0},{"event_name":"Beggar","player_choice":"Ignored","floor":21,"damage_taken":0}],"is_beta":false,"boss_relics":[{"not_picked":["Cursed Key","Lizard Tail"],"picked":"Ectoplasm"}],"items_purged_floors":[],"is_endless":false,"potions_floor_spawned":[2,6,12,16],"killed_by":"Gremlin Leader","ascension_level":3}