{"gold_per_floor":[116,135,135,8,183,216,230,265,336,336,336,336,336,23,23,151,151,169,169],"floor_reached":19,"playtime":1160,"items_purged":["Doubt"],"score":173,"play_id":"0d2dda16-f8aa-4674-82a8-f8998bdd1f63","local_time":"20190319042013","is_ascension_mode":false,"campfire_choices":[{"floor":11,"key":"REST"},{"data":"Exhume","floor":13,"key":"SMITH"},{"data":"Magnetism","floor":15,"key":"SMITH"}],"neow_cost":"NONE","seed_source_timestamp":1090845994552697,"circlet_count":0,"master_deck":["Strike_R","Strike_R","Strike_R+1","Strike_R+1","Defend_R","Defend_R","Defend_R","Defend_R","Bash","Reaper","Flex","Entrench","Infernal Blade","Enlightenment","Exhume+1","Inflame","Rage","Injury","Metallicize","Magnetism+1","Feed","Metallicize+1"],"relics":["Burning Blood","Bird Faced Urn","Whetstone","Paper Frog","Golden Idol","Busted Crown"],"potions_floor_usage":[8,16,16],"damage_taken":[{"damage":6,"enemies":"Jaw Worm","floor":1,"turns":4},{"damage":1,"enemies":"Cultist","floor":2,"turns":3},{"damage":40,"enemies":"Gremlin Nob","floor":6,"turns":5},{"damage":4,"enemies":"2 Louse","floor":7,"turns":2},{"damage":61,"enemies":"3 Sentries","floor":8,"turns":17},{"damage":66,"enemies":"Hexaghost","floor":16,"turns":11},{"damage":44,"enemies":"Chosen","floor":18,"turns":8},{"damage":78,"enemies":"Masked Bandits","floor":19,"turns":7}],"seed_played":"6018911464235873377","potions_obtained":[{"floor":2,"key":"FearPotion"},{"floor":6,"key":"Block Potion"},{"floor":8,"key":"SteroidPotion"}],"is_trial":false,"path_per_floor":["M","M","?","$","?","E","M","E","T","?","R","$","R","$","R","B",null,"M","?"],"character_chosen":"IRONCLAD","items_purchased":["Infernal Blade","Enlightenment","Metallicize","Magnetism"],"campfire_rested":1,"item_purchase_floors":[4,4,14,14],"current_hp_per_floor":[80,80,80,80,80,55,57,16,16,16,40,40,40,40,40,18,80,45,0],"gold":169,"neow_bonus":"ONE_RANDOM_RARE_CARD","is_prod":false,"is_daily":false,"chose_seed":false,"campfire_upgraded":2,"win_rate":0,"timestamp":1552969213,"path_taken":["M","M","?","?","?","E","M","E","T","?","R","$","R","$","R","BOSS","M","?"],"build_version":"2019-01-23","purchased_purges":1,"victory":false,"max_hp_per_floor":[80,80,80,80,80,80,80,80,80,80,80,80,80,80,80,80,80,83,86],"card_choices":[{"not_picked":["Clothesline","Clash"],"picked":"Flex","floor":1},{"not_picked":["Hemokinesis","Havoc"],"picked":"Entrench","floor":2},{"not_picked":["Headbutt","Sentinel"],"picked":"Exhume","floor":6},{"not_picked":["Armaments","Headbutt"],"picked":"Inflame","floor":7},{"not_picked":["Sentinel","Feel No Pain"],"picked":"Rage","floor":8},{"not_picked":["Immolate","Bludgeon"],"picked":"Feed","floor":16},{"not_picked":[],"picked":"Metallicize+1","floor":18}],"player_experience":1063292,"relics_obtained":[{"floor":6,"key":"Bird Faced Urn"},{"floor":8,"key":"Whetstone"},{"floor":9,"key":"Paper Frog"}],"event_choices":[{"cards_removed":["Strike_R"],"damage_healed":0,"gold_gain":0,"player_choice":"Card Removal","damage_taken":0,"max_hp_gain":0,"max_hp_loss":0,"event_name":"Wheel of Change","floor":3,"gold_loss":0},{"damage_healed":0,"gold_gain":175,"player_choice":"AGREE","damage_taken":0,"max_hp_gain":0,"max_hp_loss":0,"event_name":"Liars Game","floor":5,"gold_loss":0,"cards_obtained":["Doubt"]},{"damage_healed":0,"gold_gain":0,"player_choice":"Take Wound","damage_taken":0,"relics_obtained":["Golden Idol"],"max_hp_gain":0,"max_hp_loss":0,"event_name":"Golden Idol","floor":10,"gold_loss":0,"cards_obtained":["Injury"]},{"damage_healed":0,"gold_gain":0,"player_choice":"Fought Bandits","damage_taken":0,"max_hp_gain":0,"max_hp_loss":0,"event_name":"Masked Bandits","floor":19,"gold_loss":0}],"is_beta":false,"boss_relics":[{"not_picked":["Velvet Choker","Fusion Hammer"],"picked":"Busted Crown"}],"items_purged_floors":[14],"is_endless":false,"potions_floor_spawned":[2,6,8],"killed_by":"Masked Bandits","ascension_level":0}