{"gold_per_floor":[361,361,6,25,39,39,67,67,142,171,171,201,376,74,74,176,176,191,201,72,72,171,171,171,171,246,246,264,264,284,308,308,406,406,421,52,52,62,37,37,53,79,105,105,132,143,160,160,160,160],"floor_reached":51,"playtime":5439,"items_purged":[],"score":842,"play_id":"ab5ef12e-2cdf-4777-a15d-b6fe6e22c923","local_time":"20190329161921","is_ascension_mode":true,"campfire_choices":[{"floor":6.0,"key":"REST"},{"floor":15.0,"key":"REST"},{"data":"Tactician","floor":23.0,"key":"SMITH"},{"data":"Tactician","floor":25.0,"key":"SMITH"},{"floor":27.0,"key":"REST"},{"data":"Acrobatics","floor":29.0,"key":"SMITH"},{"floor":32.0,"key":"REST"},{"data":"Caltrops","floor":40,"key":"SMITH"},{"data":"Sucker Punch","floor":44,"key":"SMITH"},{"floor":49,"key":"REST"}],"neow_cost":"PERCENT_DAMAGE","seed_source_timestamp":620384216182793,"circlet_count":0,"master_deck":["Defend_G+1","Defend_G+1","Defend_G+1","Defend_G+1","Defend_G+1","Strike_G+1","Strike_G+1","Strike_G+1","Survivor+1","Neutralize+1","Sucker Punch+1","Caltrops+1","Tactician+1","Acrobatics+1","Slice+1","Noxious Fumes+1","PiercingWail+1","Dagger Spray+1","Backflip+1","Storm of Steel+1","Underhanded Strike+1","Endless Agony+1","Tactician+1","Quick Slash+1","Backflip+1","Backflip+1","Glass Knife+1","PiercingWail+1","Underhanded Strike+1","Predator+1","Tactician+1","Underhanded Strike+1","Dagger Throw+1","Footwork+1","Quick Slash+1","Blade Dance+1","Underhanded Strike+1"],"special_seed":0,"relics":["Ring of the Snake","Omamori","Centennial Puzzle","Question Card","Bronze Scales","Kunai","Bird Faced Urn","HoveringKite","Shuriken","Lantern","Runic Pyramid","Mercury Hourglass","The Courier","Potion Belt","Juzu Bracelet","Mark of the Bloom"],"potions_floor_usage":[42,42],"damage_taken":[{"damage":0.0,"enemies":"Cultist","floor":1.0,"turns":4.0},{"damage":2.0,"enemies":"Jaw Worm","floor":4.0,"turns":3.0},{"damage":0.0,"enemies":"2 Louse","floor":5.0,"turns":4.0},{"damage":24.0,"enemies":"3 Sentries","floor":7.0,"turns":9.0},{"damage":17.0,"enemies":"Gremlin Nob","floor":10.0,"turns":5.0},{"damage":12.0,"enemies":"3 Sentries","floor":12.0,"turns":5.0},{"damage":13.0,"enemies":"Slime Boss","floor":16.0,"turns":8.0},{"damage":25.0,"enemies":"Spheric Guardian","floor":18.0,"turns":7.0},{"damage":5.0,"enemies":"Shell Parasite","floor":19.0,"turns":4.0},{"damage":8.0,"enemies":"Colosseum Slavers","floor":21.0,"turns":4.0},{"damage":19.0,"enemies":"Snake Plant","floor":28.0,"turns":4.0},{"damage":0.0,"enemies":"Snecko","floor":30.0,"turns":5.0},{"damage":55.0,"enemies":"Collector","floor":33.0,"turns":10.0},{"damage":0.0,"enemies":"Orb Walker","floor":35.0,"turns":3.0},{"damage":2.0,"enemies":"3 Shapes","floor":38.0,"turns":5.0},{"damage":26,"enemies":"Transient","floor":41,"turns":5},{"damage":4,"enemies":"Nemesis","floor":42,"turns":7},{"damage":15,"enemies":"Jaw Worm Horde","floor":46,"turns":3},{"damage":0,"enemies":"4 Shapes","floor":47,"turns":6},{"damage":26,"enemies":"Awakened One","floor":50,"turns":8}],"seed_played":"5806963606580004740","potions_obtained":[{"floor":5.0,"key":"FearPotion"},{"floor":7.0,"key":"Fire Potion"},{"floor":10.0,"key":"LiquidBronze"},{"floor":18.0,"key":"Swift Potion"},{"floor":28.0,"key":"Fire Potion"},{"floor":33.0,"key":"Regen Potion"},{"floor":35.0,"key":"EssenceOfSteel"},{"floor":42,"key":"FearPotion"}],"is_trial":false,"path_per_floor":["M","?","$","M","M","R","E","?","T","E","?","E","?","$","R","B",null,"M","M","$","?","?","R","?","R","T","R","M","R","M","T","R","B",null,"M","$","?","M","$","R","M","E","T","R","T","M","M","?","R","B",null],"character_chosen":"THE_SILENT","items_purchased":["Omamori","Caltrops","Tactician","Acrobatics","Slice","Bird Faced Urn","Tactician","Quick Slash","Mercury Hourglass","Underhanded Strike","Predator","Dagger Throw"],"campfire_rested":5,"item_purchase_floors":[3,3,3,3,3,14,20,20,36,36,36,39],"current_hp_per_floor":[49,42,42,40,40,61,37,60,60,43,43,31,31,31,52,43,70,45,44,44,38,38,38,38,38,38,59,44,44,48,48,69,15,70,70,70,70,68,68,68,46,63,63,63,63,52,58,58,58,32],"gold":160,"neow_bonus":"TWO_FIFTY_GOLD","is_prod":false,"is_daily":false,"chose_seed":false,"campfire_upgraded":5,"win_rate":0,"timestamp":1553876361,"path_taken":["M","?","$","M","M","R","E","?","T","E","?","E","?","?","R","BOSS","M","M","$","?","?","R","?","R","T","R","M","R","M","?","R","BOSS","M","$","?","M","$","R","?","E","T","R","?","M","M","?","R","BOSS"],"build_version":"2019-01-23","purchased_purges":0,"victory":true,"max_hp_per_floor":[70,70,70,70,70,70,70,70,70,70,70,70,70,70,70,70,70,70,70,70,70,70,70,70,70,70,70,70,70,70,70,70,70,70,70,70,70,70,70,70,70,70,70,70,70,70,70,70,70,70],"card_choices":[{"not_picked":["Dodge and Roll","Accuracy"],"picked":"Sucker Punch","floor":1.0},{"not_picked":["Sucker Punch","Reflex"],"picked":"Noxious Fumes","floor":4.0},{"not_picked":["Deadly Poison","Quick Slash"],"picked":"PiercingWail","floor":5.0},{"not_picked":["Blur","Deflect","Wraith Form v2"],"picked":"SKIP","floor":7.0},{"not_picked":["Distraction","Skewer","Wraith Form v2"],"picked":"Dagger Spray","floor":10.0},{"not_picked":["Flechettes","Crippling Poison","Eviscerate"],"picked":"Backflip","floor":12.0},{"not_picked":["Grand Finale","Phantasmal Killer","Malaise"],"picked":"Storm of Steel","floor":16.0},{"not_picked":["Setup","Prepared","Deadly Poison"],"picked":"Underhanded Strike+1","floor":18.0},{"not_picked":["Slice","Flying Knee","Deadly Poison+1"],"picked":"Endless Agony","floor":19.0},{"not_picked":["Accuracy","Deflect","Noxious Fumes"],"picked":"Backflip","floor":28.0},{"not_picked":["Phantasmal Killer","Reflex","Sucker Punch"],"picked":"Backflip+1","floor":30.0},{"not_picked":["Grand Finale","Night Terror","Envenom"],"picked":"Glass Knife","floor":33.0},{"not_picked":["Dagger Spray+1","Flying Knee+1","Dodge and Roll"],"picked":"PiercingWail+1","floor":35.0},{"not_picked":["Dodge and Roll+1","Backstab+1","Choke"],"picked":"Underhanded Strike+1","floor":38.0},{"not_picked":["Heel Hook+1","Blade Dance+1","Eviscerate+1"],"picked":"Footwork+1","floor":41},{"not_picked":["Poisoned Stab+1","Deadly Poison","All Out Attack+1"],"picked":"Quick Slash+1","floor":42},{"not_picked":["Poisoned Stab","Malaise","Outmaneuver"],"picked":"Blade Dance+1","floor":46},{"not_picked":["Outmaneuver","Cloak And Dagger","Noxious Fumes"],"picked":"Underhanded Strike+1","floor":47}],"player_experience":242404,"relics_obtained":[{"floor":7.0,"key":"Centennial Puzzle"},{"floor":9.0,"key":"Question Card"},{"floor":10.0,"key":"Bronze Scales"},{"floor":12.0,"key":"Kunai"},{"floor":26.0,"key":"Shuriken"},{"floor":31.0,"key":"Lantern"},{"floor":42,"key":"The Courier"},{"floor":43,"key":"Potion Belt"},{"floor":45,"key":"Juzu Bracelet"}],"event_choices":[{"cards_removed":["Strike_G"],"damage_healed":0.0,"max_hp_gain":0.0,"max_hp_loss":0.0,"gold_gain":0.0,"event_name":"Golden Wing","player_choice":"Card Removal","floor":2.0,"gold_loss":0.0,"damage_taken":7.0},{"damage_healed":23.0,"max_hp_gain":0.0,"max_hp_loss":0.0,"gold_gain":0.0,"event_name":"Big Fish","player_choice":"Banana","floor":8.0,"gold_loss":0.0,"damage_taken":0.0},{"cards_removed":["Strike_G"],"damage_healed":0.0,"max_hp_gain":0.0,"max_hp_loss":0.0,"gold_gain":0.0,"event_name":"Living Wall","player_choice":"Forget","floor":11.0,"gold_loss":0.0,"damage_taken":0.0},{"damage_healed":0.0,"max_hp_gain":0.0,"max_hp_loss":0.0,"gold_gain":175.0,"event_name":"Liars Game","player_choice":"AGREE","floor":13.0,"gold_loss":0.0,"damage_taken":0.0,"cards_obtained":["Doubt"]},{"damage_healed":0.0,"max_hp_gain":0.0,"max_hp_loss":0.0,"gold_gain":0.0,"event_name":"Colosseum","player_choice":"Fight","floor":21.0,"gold_loss":0.0,"damage_taken":0.0},{"damage_healed":0.0,"max_hp_gain":0.0,"max_hp_loss":0.0,"gold_gain":0.0,"event_name":"Colosseum","player_choice":"Fled From Nobs","floor":21.0,"gold_loss":0.0,"damage_taken":0.0},{"damage_healed":0.0,"max_hp_gain":0.0,"max_hp_loss":0.0,"gold_gain":99.0,"event_name":"Nest","player_choice":"Stole From Cult","floor":22.0,"gold_loss":0.0,"damage_taken":0.0},{"damage_healed":0.0,"max_hp_gain":0.0,"max_hp_loss":0.0,"gold_gain":0.0,"event_name":"Forgotten Altar","player_choice":"Smashed Altar","floor":24.0,"gold_loss":0.0,"damage_taken":0.0,"cards_obtained":["Decay"]},{"damage_healed":0.0,"max_hp_gain":0.0,"max_hp_loss":0.0,"gold_gain":0.0,"event_name":"Duplicator","player_choice":"Copied","floor":37.0,"gold_loss":0.0,"damage_taken":0.0,"cards_obtained":["Tactician"]},{"damage_healed":0,"gold_gain":0,"player_choice":"Upgrade","damage_taken":0,"relics_obtained":["Mark of the Bloom"],"max_hp_gain":0,"max_hp_loss":0,"event_name":"MindBloom","floor":48,"gold_loss":0,"cards_upgraded":["Defend_G","Defend_G","Defend_G","Defend_G","Defend_G","Strike_G","Strike_G","Strike_G","Survivor","Neutralize","Slice","Noxious Fumes","PiercingWail","Dagger Spray","Backflip","Storm of Steel","Endless Agony","Quick Slash","Backflip","Glass Knife","Underhanded Strike","Predator","Dagger Throw"]}],"is_beta":false,"boss_relics":[{"not_picked":["Black Star","Eternal Feather"],"picked":"HoveringKite"},{"not_picked":["Velvet Choker","Calling Bell"],"picked":"Runic Pyramid"}],"items_purged_floors":[],"is_endless":false,"potions_floor_spawned":[5,7,10,18,21,28,33,35,42],"ascension_level":4}