{"gold_per_floor":[118,43,118,130,30,30,42,42,42,104,132,132,132,144,144,244,244,258,276,293,293,293,293,117,136,136,136,156,6,6,17,17,118,118,134,150,150,150,150,150,160,178,178,3,15,0,34,53,53,53],"floor_reached":51,"playtime":2326,"items_purged":["Strike_R","Defend_R","Strike_R","Defend_R","Strike_R+1"],"score":917,"play_id":"7cfddd00-1d74-482d-a86e-2796f972dcf2","local_time":"20190326221159","is_ascension_mode":false,"campfire_choices":[{"data":"Bash","floor":6.0,"key":"SMITH"},{"data":"Shrug It Off","floor":8.0,"key":"SMITH"},{"data":"Dropkick","floor":12.0,"key":"SMITH"},{"floor":15.0,"key":"REST"},{"floor":23.0,"key":"REST"},{"data":"Pommel Strike","floor":27,"key":"SMITH"},{"floor":32,"key":"REST"},{"data":"Deep Breath","floor":40,"key":"SMITH"},{"data":"Defend_R","floor":49,"key":"SMITH"}],"neow_cost":"TEN_PERCENT_HP_LOSS","seed_source_timestamp":284637578433349,"circlet_count":0,"master_deck":["Strike_R+1","Defend_R+1","Bash+1","Dropkick+1","Pommel Strike+1","Deep Breath+1"],"special_seed":0,"relics":["Burning Blood","Sundial","Shuriken","Odd Mushroom","Runic Dome","Pantograph","Philosopher\u0027s Stone","Gremlin Horn","Red Mask","Pocketwatch"],"potions_floor_usage":[],"damage_taken":[{"damage":11.0,"enemies":"Jaw Worm","floor":1.0,"turns":2.0},{"damage":0.0,"enemies":"Cultist","floor":4.0,"turns":3.0},{"damage":6.0,"enemies":"2 Louse","floor":7.0,"turns":2.0},{"damage":16.0,"enemies":"Lagavulin Event","floor":10.0,"turns":5.0},{"damage":11.0,"enemies":"The Mushroom Lair","floor":11.0,"turns":5.0},{"damage":2.0,"enemies":"Blue Slaver","floor":14.0,"turns":2.0},{"damage":13.0,"enemies":"Slime Boss","floor":16.0,"turns":10.0},{"damage":9.0,"enemies":"3 Byrds","floor":18.0,"turns":4.0},{"damage":12.0,"enemies":"Shell Parasite","floor":19.0,"turns":3.0},{"damage":28.0,"enemies":"Centurion and Healer","floor":20.0,"turns":5.0},{"damage":20,"enemies":"Snake Plant","floor":25,"turns":4},{"damage":10,"enemies":"Snecko","floor":28,"turns":3},{"damage":0,"enemies":"Cultist and Chosen","floor":31,"turns":1},{"damage":12,"enemies":"Automaton","floor":33,"turns":5},{"damage":0,"enemies":"3 Darklings","floor":35,"turns":2},{"damage":5,"enemies":"3 Shapes","floor":36,"turns":3},{"damage":0,"enemies":"Writhing Mass","floor":41,"turns":1},{"damage":0,"enemies":"Jaw Worm Horde","floor":42,"turns":1},{"damage":0,"enemies":"Sphere and 2 Shapes","floor":45,"turns":1},{"damage":0,"enemies":"Nemesis","floor":47,"turns":1},{"damage":0,"enemies":"Transient","floor":48,"turns":2},{"damage":0,"enemies":"Awakened One","floor":50,"turns":2}],"seed_played":"196105329109378145","potions_obtained":[{"floor":1.0,"key":"SteroidPotion"},{"floor":11.0,"key":"SkillPotion"},{"floor":16.0,"key":"Dexterity Potion"},{"floor":18.0,"key":"Dexterity Potion"},{"floor":19.0,"key":"Fire Potion"},{"floor":41,"key":"EssenceOfSteel"},{"floor":47,"key":"Dexterity Potion"}],"is_trial":false,"path_per_floor":["M","$","?","M","$","R","M","R","T","?","?","R","?","M","R","B",null,"M","M","M","?","?","R","$","M","T","R","M","$","?","M","R","B",null,"M","M","?","?","$","R","M","M","T","$","M","?","E","M","R","B",null],"character_chosen":"IRONCLAD","items_purchased":["Pommel Strike"],"campfire_rested":3,"item_purchase_floors":[24],"current_hp_per_floor":[67,67,60,66,66,66,66,66,66,56,51,51,37,41,62,55,72,69,63,41,41,28,51,51,37,37,37,33,33,33,39,62,71,77,77,77,77,77,77,77,77,77,77,77,77,77,77,77,77,77],"gold":53,"neow_bonus":"REMOVE_TWO","is_prod":false,"is_daily":false,"chose_seed":false,"campfire_upgraded":6,"win_rate":0,"timestamp":1553656319,"path_taken":["M","$","?","M","?","R","?","R","T","?","?","R","?","M","R","BOSS","M","M","M","?","?","R","?","M","T","R","?","$","?","M","R","BOSS","M","M","?","?","$","R","M","M","T","$","M","?","E","M","R","BOSS"],"build_version":"2019-01-23","purchased_purges":5,"victory":true,"max_hp_per_floor":[72,72,72,72,72,72,72,72,72,72,72,72,72,72,72,72,72,72,72,72,72,77,77,77,77,77,77,77,77,77,77,77,77,77,77,77,77,77,77,77,77,77,77,77,77,77,77,77,77,77],"card_choices":[{"not_picked":["Carnage","Wild Strike"],"picked":"Dropkick","floor":1.0},{"not_picked":["Rupture","Wild Strike"],"picked":"Shrug It Off","floor":4.0},{"not_picked":["Body Slam","Wild Strike","Headbutt"],"picked":"SKIP","floor":7.0},{"not_picked":["Body Slam","Sword Boomerang","Berserk"],"picked":"SKIP","floor":14.0},{"not_picked":["Iron Wave","Flame Barrier","Flex"],"picked":"SKIP","floor":18.0},{"not_picked":["Flex+1","Evolve","Inflame"],"picked":"SKIP","floor":19.0},{"not_picked":["Headbutt","True Grit+1","Cleave"],"picked":"SKIP","floor":20.0},{"not_picked":["Twin Strike","Flame Barrier+1","Uppercut"],"picked":"SKIP","floor":25},{"not_picked":["Headbutt","True Grit+1","Flame Barrier"],"picked":"SKIP","floor":28},{"not_picked":["Body Slam","Twin Strike+1","Clothesline+1"],"picked":"SKIP","floor":31},{"not_picked":["Twin Strike","Perfected Strike","Warcry"],"picked":"SKIP","floor":35},{"not_picked":["Twin Strike+1","Flame Barrier+1","Cleave"],"picked":"SKIP","floor":36},{"not_picked":["Swift Strike","PanicButton"],"picked":"Deep Breath","floor":37},{"not_picked":["Feel No Pain+1","Twin Strike+1","Fire Breathing"],"picked":"SKIP","floor":41},{"not_picked":["Feel No Pain+1","Twin Strike+1","Fire Breathing"],"picked":"SKIP","floor":41},{"not_picked":["Rupture","Sword Boomerang+1","Clothesline+1"],"picked":"SKIP","floor":42},{"not_picked":["Iron Wave","Wild Strike+1","Entrench+1"],"picked":"SKIP","floor":45},{"not_picked":["Feed","Iron Wave+1","Feel No Pain"],"picked":"SKIP","floor":47},{"not_picked":["Cleave","Pommel Strike+1","Bloodletting+1"],"picked":"SKIP","floor":48}],"player_experience":791500,"relics_obtained":[{"floor":9.0,"key":"Sundial"},{"floor":11.0,"key":"Odd Mushroom"},{"floor":26,"key":"Pantograph"},{"floor":43,"key":"Gremlin Horn"},{"floor":47,"key":"Pocketwatch"}],"event_choices":[{"damage_healed":0.0,"max_hp_gain":0.0,"max_hp_loss":0.0,"gold_gain":75.0,"event_name":"FaceTrader","player_choice":"Touch","floor":3.0,"gold_loss":0.0,"damage_taken":7.0},{"damage_healed":0.0,"max_hp_gain":0.0,"max_hp_loss":0.0,"gold_gain":30.0,"event_name":"Dead Adventurer","player_choice":"Searched \u00273\u0027 times","floor":10.0,"gold_loss":0.0,"damage_taken":0.0,"relics_obtained":["Shuriken"]},{"damage_healed":0.0,"max_hp_gain":0.0,"max_hp_loss":0.0,"gold_gain":0.0,"event_name":"Mushrooms","player_choice":"Fought Mushrooms","floor":11.0,"gold_loss":0.0,"damage_taken":0.0},{"damage_healed":0.0,"max_hp_gain":0.0,"max_hp_loss":0.0,"gold_gain":0.0,"event_name":"Shining Light","player_choice":"Entered Light","floor":13.0,"gold_loss":0.0,"damage_taken":14.0,"cards_upgraded":["Strike_R","Strike_R"]},{"damage_healed":0.0,"max_hp_gain":0.0,"max_hp_loss":0.0,"gold_gain":0.0,"event_name":"Ghosts","player_choice":"Ignored","floor":21.0,"gold_loss":0.0,"damage_taken":0.0},{"damage_healed":0.0,"max_hp_gain":5.0,"max_hp_loss":0.0,"gold_gain":0.0,"event_name":"Forgotten Altar","player_choice":"Shed Blood","floor":22.0,"gold_loss":0.0,"damage_taken":18.0},{"damage_healed":0,"gold_gain":0,"player_choice":"Ignored","damage_taken":0,"max_hp_gain":0,"max_hp_loss":0,"event_name":"Vampires","floor":30,"gold_loss":0},{"damage_healed":0,"gold_gain":0,"player_choice":"Memory 1","damage_taken":0,"max_hp_gain":0,"max_hp_loss":0,"event_name":"SensoryStone","floor":37,"gold_loss":0},{"cards_removed":["Shrug It Off"],"damage_healed":0,"gold_gain":0,"player_choice":"Removed Skill","damage_taken":0,"max_hp_gain":0,"max_hp_loss":0,"event_name":"Falling","floor":38,"gold_loss":0},{"damage_healed":0,"gold_gain":0,"player_choice":"Paid","damage_taken":0,"relics_obtained":["Red Mask"],"max_hp_gain":0,"max_hp_loss":0,"event_name":"Tomb of Lord Red Mask","floor":46,"gold_loss":15}],"is_beta":false,"boss_relics":[{"not_picked":["Coffee Dripper","Tiny House"],"picked":"Runic Dome"},{"not_picked":["Cursed Key","Orrery"],"picked":"Philosopher\u0027s Stone"}],"items_purged_floors":[2,5,24,29,44],"is_endless":false,"potions_floor_spawned":[1,11,16,18,19,33,41,42,47,48],"ascension_level":0}