{"gold_per_floor":[115,46,57,75,350,350,381,397,420,420,445,445,460,479,479,479],"floor_reached":16,"playtime":1107,"items_purged":[],"score":190,"play_id":"466323c7-ab08-4f12-90d7-1bccfe508db0","local_time":"20190324225558","is_ascension_mode":true,"campfire_choices":[{"data":"Footwork","floor":6,"key":"SMITH"},{"floor":10,"key":"REST"},{"data":"Leg Sweep","floor":12,"key":"SMITH"},{"data":"Riddle With Holes","floor":15,"key":"SMITH"}],"neow_cost":"NONE","seed_source_timestamp":45721866882648,"circlet_count":0,"master_deck":["AscendersBane","Defend_G","Defend_G","Defend_G","Defend_G","Defend_G","Strike_G","Strike_G","Strike_G","Strike_G","Strike_G","Survivor","Neutralize","Leg Sweep+1","Footwork+1","Backstab","Regret","Footwork","Phantasmal Killer","Footwork","Riddle With Holes+1"],"relics":["Snecko Eye","PreservedInsect","Regal Pillow","Ancient Tea Set"],"potions_floor_usage":[7,11,16,16],"damage_taken":[{"damage":2,"enemies":"Jaw Worm","floor":1,"turns":6},{"damage":3,"enemies":"Cultist","floor":3,"turns":5},{"damage":0,"enemies":"2 Louse","floor":4,"turns":3},{"damage":28,"enemies":"3 Sentries","floor":7,"turns":12},{"damage":13,"enemies":"Red Slaver","floor":8,"turns":7},{"damage":12,"enemies":"Lagavulin","floor":11,"turns":8},{"damage":3,"enemies":"3 Louse","floor":13,"turns":4},{"damage":8,"enemies":"Gremlin Gang","floor":14,"turns":6},{"damage":25,"enemies":"Slime Boss","floor":16,"turns":7}],"seed_played":"-5099913778581714755","potions_obtained":[{"floor":1,"key":"Block Potion"},{"floor":3,"key":"Weak Potion"},{"floor":4,"key":"AttackPotion"},{"floor":7,"key":"SneckoOil"},{"floor":11,"key":"SkillPotion"}],"is_trial":false,"path_per_floor":["M","$","M","M","?","R","E","M","T","R","E","R","M","M","R","B"],"character_chosen":"THE_SILENT","items_purchased":["Footwork"],"campfire_rested":1,"item_purchase_floors":[2],"current_hp_per_floor":[57,57,54,54,54,54,26,13,13,47,35,35,32,24,24,0],"gold":479,"neow_bonus":"BOSS_RELIC","is_prod":false,"is_daily":false,"chose_seed":false,"campfire_upgraded":3,"win_rate":0,"timestamp":1553464558,"path_taken":["M","$","M","M","?","R","E","M","T","R","E","R","M","M","R","BOSS"],"build_version":"2019-01-23","purchased_purges":0,"victory":false,"max_hp_per_floor":[66,66,66,66,66,66,66,66,66,66,66,66,66,66,66,66],"card_choices":[{"not_picked":["Heel Hook","Predator"],"picked":"Leg Sweep","floor":1},{"not_picked":["Prepared","Deflect"],"picked":"Backstab","floor":3},{"not_picked":["Cloak And Dagger","Dodge and Roll","Heel Hook"],"picked":"SKIP","floor":4},{"not_picked":["Acrobatics","PiercingWail"],"picked":"Footwork","floor":7},{"not_picked":["Terror","Sucker Punch"],"picked":"Phantasmal Killer","floor":8},{"not_picked":["Well Laid Plans","Masterful Stab"],"picked":"Footwork","floor":11},{"not_picked":["Backflip","Dodge and Roll"],"picked":"Riddle With Holes","floor":13},{"not_picked":["Masterful Stab","Dagger Spray","Outmaneuver"],"picked":"SKIP","floor":14}],"player_experience":766960,"relics_obtained":[{"floor":7,"key":"PreservedInsect"},{"floor":9,"key":"Regal Pillow"},{"floor":11,"key":"Ancient Tea Set"}],"event_choices":[{"damage_healed":0,"gold_gain":275,"player_choice":"Desecrate","damage_taken":0,"max_hp_gain":0,"max_hp_loss":0,"event_name":"Golden Shrine","floor":5,"gold_loss":0,"cards_obtained":["Regret"]}],"is_beta":false,"boss_relics":[],"items_purged_floors":[],"is_endless":false,"potions_floor_spawned":[1,3,4,7,11],"killed_by":"Slime Boss","ascension_level":14}