{"gold_per_floor":[113,113,62,62,72,72,84,96,123,123,137,35,55,55,55,151,151,164,164,181,198,211,211,211,211,234,234,262,262,282,314,314,314],"floor_reached":33,"playtime":2316,"items_purged":[],"score":277,"play_id":"2caff210-ae4f-4907-8b05-2265db54b256","local_time":"20181013161533","is_ascension_mode":false,"campfire_choices":[{"data":"Double Tap","floor":6,"key":"SMITH"},{"data":"Evolve","floor":15,"key":"SMITH"},{"floor":23,"key":"REST"},{"data":"Demon Form","floor":27,"key":"SMITH"},{"data":"Heavy Blade","floor":29,"key":"SMITH"},{"floor":32,"key":"REST"}],"neow_cost":"NONE","seed_source_timestamp":1571083916559267,"circlet_count":0,"master_deck":["Strike_R","Strike_R","Strike_R","Strike_R","Strike_R+1","Defend_R","Defend_R","Defend_R","Defend_R","Bash+1","Double Tap+1","Cleave","Iron Wave+1","Dual Wield","Evolve+1","Pommel Strike","Jack Of All Trades+1","Immolate+1","Demon Form+1","Anger","Seeing Red","Heavy Blade+1","Anger+1","Whirlwind","Heavy Blade","Fiend Fire"],"relics":["Burning Blood","Art of War","Mark of Pain","Smiling Mask","Whetstone","Du-Vu Doll"],"potions_floor_usage":[20,22,28,30,33,33],"damage_taken":[{"damage":0,"enemies":"Small Slimes","floor":1,"turns":3},{"damage":0,"enemies":"2 Louse","floor":5,"turns":2},{"damage":1,"enemies":"Cultist","floor":7,"turns":3},{"damage":11,"enemies":"Exordium Wildlife","floor":8,"turns":4},{"damage":11,"enemies":"Large Slime","floor":11,"turns":4},{"damage":0,"enemies":"Looter","floor":13,"turns":2},{"damage":67,"enemies":"Hexaghost","floor":16,"turns":9},{"damage":10,"enemies":"Chosen","floor":18,"turns":4},{"damage":30,"enemies":"Shell Parasite","floor":20,"turns":5},{"damage":0,"enemies":"3 Cultists","floor":21,"turns":2},{"damage":17,"enemies":"Sentry and Sphere","floor":22,"turns":4},{"damage":24,"enemies":"Gremlin Leader","floor":28,"turns":6},{"damage":3,"enemies":"Snecko","floor":30,"turns":3},{"damage":49,"enemies":"Slavers","floor":31,"turns":3},{"damage":66,"enemies":"Champ","floor":33,"turns":6}],"seed_played":"6157146774900559097","potions_obtained":[{"floor":1,"key":"Explosive Potion"},{"floor":5,"key":"SpeedPotion"},{"floor":7,"key":"FairyPotion"},{"floor":20,"key":"SteroidPotion"},{"floor":22,"key":"Energy Potion"},{"floor":28,"key":"FearPotion"},{"floor":31,"key":"Swift Potion"}],"is_trial":false,"path_per_floor":["M","?","$","?","M","R","M","M","T","?","M","$","M","?","R","B",null,"M","?","M","M","M","R","?","?","T","R","E","R","M","E","R"],"character_chosen":"IRONCLAD","items_purchased":["Iron Wave","Jack Of All Trades"],"campfire_rested":2,"item_purchase_floors":[3,12],"current_hp_per_floor":[80,80,80,64,70,70,75,70,70,70,65,65,71,71,71,10,80,76,76,52,58,47,71,71,71,71,71,53,53,56,13,37,0],"gold":314,"neow_bonus":"ONE_RANDOM_RARE_CARD","is_prod":false,"is_daily":false,"chose_seed":false,"campfire_upgraded":4,"win_rate":0,"timestamp":1539443733,"path_taken":["M","?","$","?","M","R","M","M","T","?","M","$","M","?","R","BOSS","M","?","?","M","M","R","?","?","T","R","E","R","M","E","R","BOSS"],"build_version":"2018-10-11","purchased_purges":0,"victory":false,"max_hp_per_floor":[80,80,80,80,80,80,80,80,80,80,80,80,80,80,80,80,80,80,80,80,80,80,80,80,80,80,80,80,80,80,80,80,80],"card_choices":[{"not_picked":["Armaments","Flex"],"picked":"Cleave","floor":1},{"not_picked":["Body Slam","True Grit"],"picked":"Dual Wield","floor":5},{"not_picked":["Warcry","Whirlwind"],"picked":"Evolve","floor":7},{"not_picked":["Havoc","Second Wind","True Grit"],"picked":"SKIP","floor":8},{"not_picked":["Combust","Iron Wave"],"picked":"Pommel Strike","floor":11},{"not_picked":["Reckless Charge","True Grit"],"picked":"Immolate","floor":13},{"not_picked":["Limit Break","Offering"],"picked":"Demon Form","floor":16},{"not_picked":["Sword Boomerang+1","Battle Trance"],"picked":"Anger","floor":18},{"not_picked":["Evolve","Wild Strike+1"],"picked":"Seeing Red","floor":20},{"not_picked":["Twin Strike","Power Through"],"picked":"Heavy Blade","floor":21},{"not_picked":["Infernal Blade","Thunderclap"],"picked":"Anger","floor":22},{"not_picked":["Battle Trance","True Grit"],"picked":"Whirlwind","floor":28},{"not_picked":["Thunderclap","Shrug It Off"],"picked":"Heavy Blade","floor":30},{"not_picked":["Burning Pact","Wild Strike+1"],"picked":"Fiend Fire","floor":31}],"player_experience":562479,"relics_obtained":[{"floor":9,"key":"Art of War"},{"floor":26,"key":"Smiling Mask"},{"floor":28,"key":"Whetstone"},{"floor":31,"key":"Du-Vu Doll"}],"event_choices":[{"event_name":"Golden Idol","player_choice":"Ignored","floor":2,"damage_taken":0},{"event_name":"Shining Light","player_choice":"Entered Light","floor":4,"damage_taken":0},{"event_name":"Accursed Blacksmith","player_choice":"Forge","floor":10,"damage_taken":0},{"event_name":"Living Wall","player_choice":"Grow","floor":14,"damage_taken":0},{"event_name":"Purifier","player_choice":"Skipped","floor":19,"damage_taken":0},{"event_name":"The Mausoleum","player_choice":"No","floor":24,"damage_taken":0},{"event_name":"Beggar","player_choice":"Ignored","floor":25,"damage_taken":0}],"is_beta":false,"boss_relics":[{"not_picked":["Black Blood","Eternal Feather"],"picked":"Mark of Pain"}],"items_purged_floors":[],"is_endless":false,"potions_floor_spawned":[1,5,7,11,20,22,28,31],"killed_by":"Champ","ascension_level":0}