{"gold_per_floor":[115,127,127,71,31,31,66,66,66,66,11,11,41,56,56,133,133,152,77,77,96,121,147,147,157,157,57,57,57,89,99,99,99],"floor_reached":33,"playtime":1410,"items_purged":["Strike_G","Strike_G"],"score":628,"play_id":"3683a20a-dfae-42a6-bdd7-3bc9b8a01f8e","local_time":"20190306153528","is_ascension_mode":true,"campfire_choices":[{"data":"Bouncing Flask","floor":6.0,"key":"SMITH"},{"floor":12.0,"key":"REST"},{"floor":15.0,"key":"REST"},{"floor":24.0,"key":"REST"},{"floor":29.0,"key":"REST"},{"floor":32.0,"key":"REST"}],"neow_cost":"NONE","seed_source_timestamp":372134642522892,"circlet_count":0,"master_deck":["AscendersBane","Defend_G","Defend_G","Defend_G","Defend_G","Defend_G","Strike_G","Strike_G","Strike_G","Survivor","Neutralize+1","Burst","Slice","All Out Attack","Bouncing Flask+1","Infinite Blades","Dagger Spray+1","Leg Sweep","Dash+1","Burst","Bouncing Flask","Leg Sweep","Skewer+1"],"special_seed":0,"relics":["Ring of the Snake","Molten Egg 2","The Specimen","Calipers","Incense Burner","Busted Crown","Red Mask","Sundial","Shuriken","Bag of Preparation"],"potions_floor_usage":[],"damage_taken":[{"damage":2.0,"enemies":"Cultist","floor":1.0,"turns":5.0},{"damage":6.0,"enemies":"2 Louse","floor":2.0,"turns":3.0},{"damage":32.0,"enemies":"3 Sentries","floor":7.0,"turns":8.0},{"damage":5.0,"enemies":"Lagavulin","floor":13.0,"turns":5.0},{"damage":7.0,"enemies":"Jaw Worm","floor":14.0,"turns":2.0},{"damage":37.0,"enemies":"Slime Boss","floor":16.0,"turns":10.0},{"damage":0.0,"enemies":"Spheric Guardian","floor":18.0,"turns":3.0},{"damage":4.0,"enemies":"2 Thieves","floor":21.0,"turns":5.0},{"damage":13.0,"enemies":"Masked Bandits","floor":22.0,"turns":4.0},{"damage":28.0,"enemies":"Book of Stabbing","floor":23.0,"turns":5.0},{"damage":4.0,"enemies":"Centurion and Healer","floor":25.0,"turns":5.0},{"damage":0.0,"enemies":"Gremlin Leader","floor":30.0,"turns":5.0},{"damage":34.0,"enemies":"Snecko","floor":31.0,"turns":5.0},{"damage":22,"enemies":"Collector","floor":33,"turns":5}],"seed_played":"7359915477637564404","potions_obtained":[{"floor":7.0,"key":"Block Potion"},{"floor":14.0,"key":"PowerPotion"},{"floor":25.0,"key":"PowerPotion"}],"is_trial":false,"path_per_floor":["M","M","?","$","$","R","E","?","T","T","$","R","E","M","R","B",null,"M","$","?","M","?","E","R","M","T","$","?","R","E","M","R","B"],"character_chosen":"THE_SILENT","items_purchased":["AttackPotion","Bouncing Flask","Dagger Spray+1"],"campfire_rested":5,"item_purchase_floors":[4,5,11],"current_hp_per_floor":[57,51,51,51,51,51,19,19,19,19,19,38,33,26,45,8,52,52,52,52,48,35,7,26,22,22,22,22,41,41,7,26,4],"gold":99,"neow_bonus":"ONE_RANDOM_RARE_CARD","is_prod":false,"is_daily":false,"chose_seed":false,"campfire_upgraded":1,"win_rate":0,"timestamp":1551908128,"path_taken":["M","M","?","?","$","R","E","?","T","?","$","R","E","M","R","BOSS","M","$","?","M","?","E","R","M","T","$","?","R","E","?","R","BOSS"],"build_version":"2019-01-23","purchased_purges":2,"victory":false,"max_hp_per_floor":[66,66,66,66,66,66,66,66,66,66,66,66,66,66,66,66,66,66,66,66,66,66,66,66,66,66,66,66,66,66,66,66,66],"card_choices":[{"not_picked":["Deadly Poison","Quick Slash"],"picked":"Slice","floor":1.0},{"not_picked":["Skewer","PiercingWail"],"picked":"All Out Attack","floor":2.0},{"not_picked":["Bullet Time","Slice"],"picked":"Infinite Blades","floor":7.0},{"not_picked":["Expertise","Dodge and Roll"],"picked":"Leg Sweep","floor":13.0},{"not_picked":["Bouncing Flask","Sucker Punch+1"],"picked":"Dash+1","floor":14.0},{"not_picked":["Storm of Steel","Grand Finale+1"],"picked":"Burst","floor":16.0},{"not_picked":[],"picked":"Bouncing Flask","floor":18.0},{"not_picked":[],"picked":"Skewer+1","floor":21.0},{"not_picked":["Poisoned Stab+1"],"picked":"SKIP","floor":23.0},{"not_picked":["Dagger Throw+1"],"picked":"SKIP","floor":25.0},{"not_picked":["Flying Knee+1"],"picked":"SKIP","floor":30.0},{"not_picked":["Setup"],"picked":"SKIP","floor":31.0}],"player_experience":690893,"relics_obtained":[{"floor":7.0,"key":"Molten Egg 2"},{"floor":9.0,"key":"The Specimen"},{"floor":10.0,"key":"Calipers"},{"floor":13.0,"key":"Incense Burner"},{"floor":22.0,"key":"Red Mask"},{"floor":23.0,"key":"Sundial"},{"floor":26.0,"key":"Shuriken"},{"floor":30.0,"key":"Bag of Preparation"}],"event_choices":[{"damage_healed":0.0,"max_hp_gain":0.0,"max_hp_loss":0.0,"gold_gain":0.0,"event_name":"Upgrade Shrine","player_choice":"Upgraded","floor":3.0,"gold_loss":0.0,"damage_taken":0.0,"cards_upgraded":["Neutralize"]},{"damage_healed":0.0,"max_hp_gain":0.0,"max_hp_loss":0.0,"gold_gain":0.0,"event_name":"Scrap Ooze","player_choice":"Fled","floor":8.0,"gold_loss":0.0,"damage_taken":0.0},{"damage_healed":0.0,"max_hp_gain":0.0,"max_hp_loss":0.0,"gold_gain":0.0,"event_name":"The Library","player_choice":"Read","floor":20.0,"gold_loss":0.0,"damage_taken":0.0,"cards_obtained":["Leg Sweep"]},{"damage_healed":0.0,"max_hp_gain":0.0,"max_hp_loss":0.0,"gold_gain":0.0,"event_name":"Masked Bandits","player_choice":"Fought Bandits","floor":22.0,"gold_loss":0.0,"damage_taken":0.0},{"damage_healed":0.0,"max_hp_gain":0.0,"max_hp_loss":0.0,"gold_gain":0.0,"event_name":"N\u0027loth","player_choice":"Ignored","floor":28.0,"gold_loss":0.0,"damage_taken":0.0}],"is_beta":false,"boss_relics":[{"not_picked":["Fusion Hammer","Velvet Choker"],"picked":"Busted Crown"}],"items_purged_floors":[19,27],"is_endless":false,"potions_floor_spawned":[7,14,16,18,25],"killed_by":"Collector","ascension_level":20}