{"gold_per_floor":[17,31,31,31,31,31,54,67,115,115,115,115,13,36,36,156,156,177,177,202,202,127,127,140,161,161,161,161,13,13,27,27,158,158,177,302,315,339,362,362,380,380,380,98,159,159,159,178,178,178],"floor_reached":51,"playtime":4533,"items_purged":["Strike_R"],"score":635,"play_id":"f351304f-d0ca-42a9-9b86-10aed3dfa04a","local_time":"20190318181123","is_ascension_mode":false,"campfire_choices":[{"data":"1","floor":6.0,"key":"LIFT"},{"data":"2","floor":10.0,"key":"LIFT"},{"data":"3","floor":12.0,"key":"LIFT"},{"data":"Clothesline","floor":15.0,"key":"SMITH"},{"data":"Anger","floor":23.0,"key":"SMITH"},{"data":"Sword Boomerang","floor":28.0,"key":"SMITH"},{"data":"Iron Wave","floor":32.0,"key":"SMITH"},{"data":"Limit Break","floor":40,"key":"SMITH"},{"data":"Shrug It Off","floor":42,"key":"SMITH"},{"data":"Secret Technique","floor":47,"key":"SMITH"},{"floor":49,"key":"REST"}],"neow_cost":"NO_GOLD","seed_source_timestamp":0,"circlet_count":0,"master_deck":["Strike_R+1","Strike_R","Strike_R","Strike_R+1","Defend_R","Defend_R","Defend_R","Defend_R","Bash+1","Spot Weakness+1","Clothesline+1","Flex","Anger+1","Shrug It Off+1","Iron Wave+1","Feed","True Grit+1","Sword Boomerang+1","Battle Trance+1","Headbutt+1","Limit Break+1","Sentinel+1","Body Slam+1","Flex","Secret Technique+1","Evolve","Whirlwind+1","Parasite","Metallicize+1"],"special_seed":0,"relics":["Burning Blood","Girya","Boot","Golden Idol","Oddly Smooth Stone","Sozu","Regal Pillow","Bronze Scales","Bag of Marbles","Mark of Pain","Gambling Chip","Whetstone","Mango"],"potions_floor_usage":[],"damage_taken":[{"damage":3.0,"enemies":"Jaw Worm","floor":1.0,"turns":5.0},{"damage":5.0,"enemies":"Small Slimes","floor":2.0,"turns":4.0},{"damage":0.0,"enemies":"2 Louse","floor":7.0,"turns":2.0},{"damage":7.0,"enemies":"Red Slaver","floor":8.0,"turns":3.0},{"damage":2.0,"enemies":"2 Fungi Beasts","floor":14.0,"turns":3.0},{"damage":35.0,"enemies":"Slime Boss","floor":16.0,"turns":10.0},{"damage":9.0,"enemies":"Chosen","floor":18.0,"turns":3.0},{"damage":11.0,"enemies":"3 Byrds","floor":24.0,"turns":5.0},{"damage":10.0,"enemies":"Centurion and Healer","floor":25.0,"turns":6.0},{"damage":4.0,"enemies":"Cultist and Chosen","floor":31.0,"turns":4.0},{"damage":66.0,"enemies":"Champ","floor":33.0,"turns":10.0},{"damage":9.0,"enemies":"3 Shapes","floor":35.0,"turns":2.0},{"damage":0.0,"enemies":"Mind Bloom Boss Battle","floor":36.0,"turns":3.0},{"damage":0.0,"enemies":"Orb Walker","floor":37.0,"turns":2.0},{"damage":7,"enemies":"Sphere and 2 Shapes","floor":38,"turns":3},{"damage":17,"enemies":"3 Darklings","floor":39,"turns":3},{"damage":17,"enemies":"Maw","floor":41,"turns":7},{"damage":17,"enemies":"2 Orb Walkers","floor":45,"turns":3},{"damage":0,"enemies":"Writhing Mass","floor":48,"turns":4},{"damage":54,"enemies":"Time Eater","floor":50,"turns":6}],"seed_played":"-2951014049041905361","potions_obtained":[{"floor":1.0,"key":"Block Potion"},{"floor":8.0,"key":"FearPotion"},{"floor":14.0,"key":"Ancient Potion"}],"is_trial":false,"path_per_floor":["M","M","?","?","?","R","M","M","T","R","?","R","$","M","R","B",null,"M","?","T","?","?","R","M","M","T","?","R","$","$","M","R","B",null,"M","?","M","M","M","R","M","R","T","$","?","?","R","M","R","B",null],"character_chosen":"IRONCLAD","items_purchased":["Anger","Shrug It Off","Bag of Marbles","Secret Technique","Evolve"],"campfire_rested":1,"item_purchase_floors":[13,13,29,44,44],"current_hp_per_floor":[80,80,80,64,44,44,50,49,49,49,49,49,49,53,53,24,80,80,80,80,74,74,74,72,71,71,71,71,71,71,76,76,16,92,89,95,95,94,83,83,72,72,72,72,75,75,75,84,112,64],"gold":178,"neow_bonus":"ONE_RARE_RELIC","is_prod":false,"is_daily":false,"chose_seed":false,"campfire_upgraded":7,"win_rate":0,"timestamp":1552932683,"path_taken":["M","M","?","?","?","R","M","M","T","R","?","R","$","?","R","BOSS","M","?","?","?","?","R","M","M","T","?","R","?","$","M","R","BOSS","M","?","M","M","M","R","M","R","T","$","?","?","R","M","R","BOSS"],"build_version":"2019-01-23","purchased_purges":1,"victory":true,"max_hp_per_floor":[80,80,80,80,80,80,80,80,80,80,80,80,80,80,80,80,80,83,83,83,83,83,83,86,89,89,89,89,89,89,92,92,92,92,92,95,95,95,95,95,95,95,95,95,109,109,109,112,112,112],"card_choices":[{"not_picked":["Sword Boomerang","Perfected Strike"],"picked":"Spot Weakness","floor":1.0},{"not_picked":["Second Wind","Reckless Charge"],"picked":"Clothesline","floor":2.0},{"not_picked":["Spot Weakness","Rampage"],"picked":"Flex","floor":7.0},{"not_picked":["Body Slam","Clash","Berserk"],"picked":"SKIP","floor":8.0},{"not_picked":["Metallicize","Flex"],"picked":"Iron Wave","floor":14.0},{"not_picked":["Bludgeon","Double Tap"],"picked":"Feed","floor":16.0},{"not_picked":["Wild Strike","Dual Wield+1"],"picked":"True Grit+1","floor":18.0},{"not_picked":["Rampage","Corruption"],"picked":"Battle Trance+1","floor":24.0},{"not_picked":["Pommel Strike","Twin Strike"],"picked":"Headbutt+1","floor":25.0},{"not_picked":["Havoc+1","Thunderclap","Dual Wield"],"picked":"SKIP","floor":31.0},{"not_picked":["Impervious","Fiend Fire"],"picked":"Limit Break","floor":33.0},{"not_picked":["Shrug It Off","Havoc"],"picked":"Sentinel+1","floor":35.0},{"not_picked":["Anger","Pommel Strike"],"picked":"Body Slam+1","floor":36.0},{"not_picked":["Thunderclap","Anger","Headbutt"],"picked":"SKIP","floor":37.0},{"not_picked":["Rampage","Cleave","Rupture"],"picked":"SKIP","floor":38},{"not_picked":["Exhume","Sword Boomerang","Pommel Strike"],"picked":"SKIP","floor":39},{"not_picked":["Clothesline","Pommel Strike"],"picked":"Flex","floor":41},{"not_picked":["Entrench+1","Armaments"],"picked":"Whirlwind+1","floor":45},{"not_picked":["Body Slam","Perfected Strike"],"picked":"Metallicize+1","floor":48}],"player_experience":45022,"relics_obtained":[{"floor":9.0,"key":"Oddly Smooth Stone"},{"floor":20.0,"key":"Regal Pillow"},{"floor":26.0,"key":"Bronze Scales"},{"floor":36.0,"key":"Gambling Chip"},{"floor":43,"key":"Whetstone"},{"floor":45,"key":"Mango"}],"event_choices":[{"damage_healed":0.0,"max_hp_gain":0.0,"max_hp_loss":0.0,"gold_gain":0.0,"event_name":"Big Fish","player_choice":"Box","floor":3.0,"gold_loss":0.0,"damage_taken":0.0,"relics_obtained":["Boot"],"cards_obtained":["Regret"]},{"damage_healed":0.0,"max_hp_gain":0.0,"max_hp_loss":0.0,"gold_gain":0.0,"event_name":"Shining Light","player_choice":"Entered Light","floor":4.0,"gold_loss":0.0,"damage_taken":16.0,"cards_upgraded":["Strike_R","Spot Weakness"]},{"damage_healed":0.0,"max_hp_gain":0.0,"max_hp_loss":0.0,"gold_gain":0.0,"event_name":"Golden Idol","player_choice":"Take Damage","floor":5.0,"gold_loss":0.0,"damage_taken":20.0,"relics_obtained":["Golden Idol"]},{"damage_healed":0.0,"max_hp_gain":0.0,"max_hp_loss":0.0,"gold_gain":0.0,"event_name":"Accursed Blacksmith","player_choice":"Forge","floor":11.0,"gold_loss":0.0,"damage_taken":0.0,"cards_upgraded":["Bash"]},{"damage_healed":0.0,"max_hp_gain":0.0,"max_hp_loss":0.0,"gold_gain":0.0,"event_name":"The Library","player_choice":"Read","floor":19.0,"gold_loss":0.0,"damage_taken":0.0,"cards_obtained":["Sword Boomerang"]},{"damage_healed":0.0,"max_hp_gain":0.0,"max_hp_loss":0.0,"gold_gain":0.0,"event_name":"Nest","player_choice":"Joined the Cult","floor":21.0,"gold_loss":0.0,"damage_taken":6.0,"cards_obtained":["RitualDagger"]},{"cards_removed":["Regret"],"damage_healed":0.0,"max_hp_gain":0.0,"max_hp_loss":0.0,"gold_gain":0.0,"event_name":"Beggar","player_choice":"Gave Gold","floor":22.0,"gold_loss":75.0,"damage_taken":0.0},{"damage_healed":0.0,"max_hp_gain":0.0,"max_hp_loss":0.0,"gold_gain":0.0,"event_name":"Vampires","player_choice":"Ignored","floor":27.0,"gold_loss":0.0,"damage_taken":0.0},{"damage_healed":0.0,"max_hp_gain":0.0,"max_hp_loss":0.0,"gold_gain":0.0,"event_name":"MindBloom","player_choice":"Fight","floor":36.0,"gold_loss":0.0,"damage_taken":0.0},{"damage_healed":0,"gold_gain":0,"player_choice":"Fight","damage_taken":0,"max_hp_gain":0,"max_hp_loss":0,"event_name":"Mysterious Sphere","floor":45,"gold_loss":0},{"cards_removed":["RitualDagger"],"damage_healed":0,"gold_gain":0,"player_choice":"Removed Attack","damage_taken":0,"max_hp_gain":0,"max_hp_loss":0,"event_name":"Falling","floor":46,"gold_loss":0}],"is_beta":false,"boss_relics":[{"not_picked":["Cursed Key","Runic Pyramid"],"picked":"Sozu"},{"not_picked":["Calling Bell","Astrolabe"],"picked":"Mark of Pain"}],"items_purged_floors":[44],"is_endless":false,"potions_floor_spawned":[1,8,14,24,38,39,45,48],"ascension_level":0}