{"gold_per_floor":[114,13,28,43,58,58,58,58,58,66,81,96,148,178,178,278,278,293,308,308,308,323,323,338,338,363,393,37,52,67,267,267,367,367,382,397,412,412,7,7,37,52,77,57,57,72,74,89,89,89],"floor_reached":51,"playtime":7048,"items_purged":[],"score":751,"play_id":"ce2c4a78-0f51-42c8-9a7b-5bde1f392f3e","local_time":"20180718223720","daily_mods":["Heirloom","Uncertain Future","Binary"],"is_ascension_mode":false,"campfire_choices":[{"data":"Bandage Up","floor":6,"key":"SMITH"},{"data":"White Noise","floor":8,"key":"SMITH"},{"data":"Self Repair","floor":15,"key":"SMITH"},{"data":"Buffer","floor":23,"key":"SMITH"},{"data":"Loop","floor":25,"key":"SMITH"},{"data":"Dualcast","floor":32,"key":"SMITH"},{"data":"Defragment","floor":40,"key":"SMITH"},{"data":"Sunder","floor":45,"key":"SMITH"},{"data":"Zap","floor":49,"key":"SMITH"}],"neow_cost":"","seed_source_timestamp":0,"circlet_count":0,"master_deck":["Strike_B+1","Strike_B","Strike_B","Defend_B","Defend_B","Defend_B","Defend_B","Zap+1","Dualcast+1","Darkness","Bandage Up+1","Gash+1","BootSequence","Gash","White Noise+1","Self Repair+1","Reprogram","Conserve Battery","FTL","Seek+1","Buffer+1","Loop+1","Sweeping Beam","Rip and Tear","Zap+1","Streamline+1","Darkness+1","Consume+1","Panache","Bandage Up+1","Gash","Redo+1","Sweeping Beam","All For One","Darkness+1","Steam+1","Rebound","Panache","Panacea+1","Sadistic Nature","Sunder+1","Defragment+1","Mind Blast","Hologram+1","Conserve Battery+1","Conserve Battery+1","Gash","Gash","Capacitor","Conserve Battery+1"],"special_seed":17730,"relics":["Cracked Core","Unceasing Top","Whetstone","Odd Mushroom","Bronze Scales","Toxic Egg 2","Coffee Dripper","Anchor","Vajra","Black Star","Juzu Bracelet","Boot","Centennial Puzzle","Ice Cream"],"potions_floor_usage":[13,16,24,33,33,35,50,50],"damage_taken":[{"damage":1,"enemies":"Small Slimes","floor":1,"turns":3},{"damage":8,"enemies":"2 Louse","floor":3,"turns":4},{"damage":9,"enemies":"Jaw Worm","floor":4,"turns":4},{"damage":4,"enemies":"Blue Slaver","floor":5,"turns":4},{"damage":5,"floor":10,"turns":4},{"damage":0,"enemies":"Large Slime","floor":11,"turns":3},{"damage":0,"enemies":"3 Louse","floor":12,"turns":2},{"damage":9,"enemies":"3 Sentries","floor":13,"turns":5},{"damage":14,"enemies":"3 Sentries","floor":14,"turns":8},{"damage":35,"enemies":"The Guardian","floor":16,"turns":10},{"damage":6,"enemies":"Shell Parasite","floor":18,"turns":5},{"damage":26,"enemies":"2 Thieves","floor":19,"turns":4},{"damage":22,"enemies":"Snake Plant","floor":22,"turns":4},{"damage":9,"enemies":"3 Cultists","floor":24,"turns":4},{"damage":18,"enemies":"Gremlin Leader","floor":27,"turns":5},{"damage":14,"enemies":"Snecko","floor":29,"turns":5},{"damage":9,"enemies":"Centurion and Healer","floor":30,"turns":4},{"damage":34,"enemies":"Champ","floor":33,"turns":6},{"damage":17,"enemies":"3 Darklings","floor":35,"turns":4},{"damage":1,"enemies":"Orb Walker","floor":36,"turns":3},{"damage":21,"enemies":"4 Shapes","floor":37,"turns":3},{"damage":24,"enemies":"Nemesis","floor":41,"turns":5},{"damage":20,"enemies":"Spire Growth","floor":42,"turns":4},{"damage":0,"enemies":"Transient","floor":46,"turns":5},{"damage":0,"floor":47,"turns":3},{"damage":0,"enemies":"Sphere and 2 Shapes","floor":48,"turns":4},{"damage":98,"enemies":"Time Eater","floor":50,"turns":10}],"seed_played":"-3893125077617489196","potions_obtained":[{"floor":1,"key":"Regen Potion"},{"floor":5,"key":"Poison Potion"},{"floor":11,"key":"SkillPotion"},{"floor":13,"key":"EssenceOfSteel"},{"floor":16,"key":"FearPotion"},{"floor":22,"key":"Regen Potion"},{"floor":33,"key":"Dexterity Potion"},{"floor":35,"key":"LiquidBronze"},{"floor":44,"key":"LiquidBronze"},{"floor":46,"key":"Regen Potion"}],"is_trial":false,"path_per_floor":["M","$","M","M","M","R","?","R","T","?","M","M","?","E","R","B",null,"M","M","?","?","M","R","M","R","T","E","$","M","M","?","R","B",null,"M","M","M","?","$","R","E","M","T","?","R","M","?","M","R","B"],"character_chosen":"DEFECT","items_purchased":["Bandage Up","Panache","Bandage Up+1","Gash","Sunder","Defragment","Mind Blast","Hologram+1","Conserve Battery+1","FairyPotion"],"campfire_rested":0,"item_purchase_floors":[2,28,28,28,39,39,39,39,39,39],"current_hp_per_floor":[74,74,70,65,65,65,65,65,65,66,75,75,73,72,72,43,75,75,59,45,45,39,39,51,51,51,49,49,57,60,60,60,52,80,79,78,69,59,59,59,64,66,66,66,66,80,80,80,80,9],"gold":89,"neow_bonus":"","is_prod":false,"is_daily":true,"chose_seed":false,"campfire_upgraded":9,"win_rate":0,"timestamp":1531949840,"path_taken":["M","$","M","M","M","R","?","R","T","?","M","M","?","E","R","BOSS","M","M","?","?","M","R","M","R","T","E","$","M","M","?","R","BOSS","M","M","M","?","$","R","E","M","T","?","R","M","?","M","R","BOSS"],"build_version":"2018-07-12","purchased_purges":0,"victory":true,"max_hp_per_floor":[75,75,75,75,75,75,75,75,75,75,75,75,75,75,75,75,75,75,75,80,80,80,80,80,80,80,80,80,80,80,80,80,80,80,80,80,80,80,80,80,80,80,80,80,80,80,80,80,80,80],"card_choices":[{"not_picked":["Recycle"],"picked":"Darkness","floor":1},{"not_picked":["Heatsinks"],"picked":"Gash","floor":3},{"not_picked":["Gash"],"picked":"BootSequence","floor":4},{"not_picked":["Steam"],"picked":"Gash","floor":5},{"not_picked":["Skim"],"picked":"Self Repair","floor":10},{"not_picked":["Double Energy"],"picked":"Reprogram","floor":11},{"not_picked":["Redo"],"picked":"Conserve Battery","floor":12},{"not_picked":["Coolheaded"],"picked":"FTL","floor":13},{"not_picked":["Beam Cell"],"picked":"Seek","floor":14},{"not_picked":["Meteor Strike"],"picked":"Buffer","floor":16},{"not_picked":["Turbo+1"],"picked":"Loop","floor":18},{"not_picked":["Cold Snap"],"picked":"Sweeping Beam","floor":19},{"not_picked":["Leap+1"],"picked":"Streamline+1","floor":22},{"not_picked":["Recycle+1"],"picked":"Darkness+1","floor":24},{"not_picked":["Recycle+1"],"picked":"Consume+1","floor":27},{"not_picked":["Static Discharge"],"picked":"Redo+1","floor":29},{"not_picked":["Blizzard"],"picked":"Sweeping Beam","floor":30},{"not_picked":["Machine Learning"],"picked":"All For One","floor":33},{"not_picked":["Ball Lightning"],"picked":"Darkness+1","floor":35},{"not_picked":["Leap+1"],"picked":"Steam+1","floor":36},{"not_picked":["Cold Snap+1"],"picked":"Rebound","floor":37},{"not_picked":["Trip+1"],"picked":"Panache","floor":38},{"not_picked":["Jack Of All Trades+1"],"picked":"Panacea+1","floor":38},{"not_picked":["Thinking Ahead+1"],"picked":"Sadistic Nature","floor":38},{"not_picked":["Glacier+1"],"picked":"Conserve Battery+1","floor":41},{"not_picked":["Steam+1"],"picked":"Gash","floor":42},{"not_picked":["Steam Power+1"],"picked":"Gash","floor":46},{"not_picked":["Heatsinks"],"picked":"Capacitor","floor":47},{"not_picked":["Genetic Algorithm+1"],"picked":"Conserve Battery+1","floor":48}],"player_experience":89962,"relics_obtained":[{"floor":9,"key":"Whetstone"},{"floor":10,"key":"Odd Mushroom"},{"floor":13,"key":"Bronze Scales"},{"floor":14,"key":"Toxic Egg 2"},{"floor":26,"key":"Anchor"},{"floor":27,"key":"Vajra"},{"floor":41,"key":"Juzu Bracelet"},{"floor":41,"key":"Boot"},{"floor":43,"key":"Centennial Puzzle"},{"floor":47,"key":"Ice Cream"}],"event_choices":[{"event_name":"Living Wall","player_choice":"Change","floor":7,"damage_taken":0},{"event_name":"Mushrooms","player_choice":"Fought Mushrooms","floor":10,"damage_taken":0},{"event_name":"Dead Adventurer","player_choice":"Searched \u00271\u0027 times","floor":13,"damage_taken":0},{"event_name":"Forgotten Altar","player_choice":"Shed Blood","floor":20,"damage_taken":0},{"event_name":"Match and Keep!","player_choice":"2 cards matched","floor":21,"damage_taken":0},{"event_name":"The Joust","player_choice":"Bet on Owner","floor":31,"damage_taken":0},{"event_name":"SensoryStone","player_choice":"Memory 3","floor":38,"damage_taken":0},{"event_name":"The Woman in Blue","player_choice":"Bought 1 Potion","floor":44,"damage_taken":0},{"event_name":"Mysterious Sphere","player_choice":"Fight","floor":47,"damage_taken":0}],"boss_relics":[{"not_picked":["Runic Pyramid","Nuclear Battery"],"picked":"Coffee Dripper"},{"not_picked":["Velvet Choker","Inserter"],"picked":"Black Star"}],"items_purged_floors":[],"is_endless":false,"potions_floor_spawned":[1,5,11,13,14,16,18,19,22,33,35,46,48],"ascension_level":0}