{"gold_per_floor":[111,186,186,204,221,250,250,264,264,264,283,298,326,341,341,442,442,430,430,430,444,216,216,234,234,234,79,79,89,89,104,104,208,208,219,20,20,20,0,0,31,31,31,31],"floor_reached":44,"playtime":5714,"items_purged":["Injury"],"score":538,"play_id":"ff7c6d5d-d02e-48aa-935d-5fabd6018694","local_time":"20190328123119","is_ascension_mode":true,"campfire_choices":[{"data":"Bash","floor":7,"key":"SMITH"},{"data":"True Grit","floor":10,"key":"SMITH"},{"floor":15,"key":"REST"},{"floor":23,"key":"REST"},{"data":"Uppercut","floor":25,"key":"SMITH"},{"data":"Limit Break","floor":28,"key":"SMITH"},{"floor":30,"key":"REST"},{"floor":32,"key":"REST"},{"data":"Armaments","floor":40,"key":"SMITH"},{"data":"Demon Form","floor":42,"key":"SMITH"}],"neow_cost":"NONE","seed_source_timestamp":475667278833669,"circlet_count":0,"master_deck":["Bash+1","Clothesline","Cleave","Pommel Strike","True Grit+1","Shockwave","Battle Trance","Flex","Double Tap","Combust","Feed","Limit Break+1","Dark Embrace","Blood for Blood","Berserk","True Grit","Perfected Strike","Uppercut+1","Headbutt","Demon Form+1","Armaments+1","Flex+1","Writhe","Secret Technique","Impervious"],"relics":["Burning Blood","War Paint","Strawberry","Regal Pillow","Pantograph","Pandora\u0027s Box","Oddly Smooth Stone","WingedGreaves","Bag of Preparation","Mark of Pain","Anchor","Red Mask","Shuriken","Happy Flower"],"potions_floor_usage":[6,16,24,24,29,33,33],"damage_taken":[{"damage":1,"enemies":"Cultist","floor":1,"turns":5},{"damage":0,"enemies":"Jaw Worm","floor":4,"turns":5},{"damage":0,"enemies":"2 Louse","floor":5,"turns":2},{"damage":23,"enemies":"3 Sentries","floor":6,"turns":8},{"damage":8,"enemies":"2 Fungi Beasts","floor":8,"turns":3},{"damage":16,"enemies":"Looter","floor":11,"turns":3},{"damage":0,"enemies":"Large Slime","floor":12,"turns":5},{"damage":34,"enemies":"Gremlin Nob","floor":13,"turns":5},{"damage":23,"enemies":"Exordium Wildlife","floor":14,"turns":4},{"damage":42,"enemies":"Slime Boss","floor":16,"turns":8},{"damage":16,"enemies":"2 Thieves","floor":18,"turns":4},{"damage":30,"enemies":"Spheric Guardian","floor":21,"turns":5},{"damage":19,"enemies":"Centurion and Healer","floor":24,"turns":5},{"damage":63,"enemies":"3 Cultists","floor":29,"turns":6},{"damage":40,"enemies":"Shelled Parasite and Fungi","floor":31,"turns":5},{"damage":52,"enemies":"Champ","floor":33,"turns":10},{"damage":25,"enemies":"Orb Walker","floor":35,"turns":4},{"damage":53,"enemies":"Nemesis","floor":41,"turns":7},{"damage":68,"enemies":"Reptomancer","floor":44,"turns":2}],"seed_played":"428430421769196038","potions_obtained":[{"floor":1,"key":"Dexterity Potion"},{"floor":6,"key":"SkillPotion"},{"floor":11,"key":"PowerPotion"},{"floor":13,"key":"SkillPotion"},{"floor":16,"key":"SkillPotion"},{"floor":29,"key":"SteroidPotion"},{"floor":31,"key":"Energy Potion"}],"is_trial":false,"path_per_floor":["M","?","?","M","M","E","R","M","T","R","M","M","E","M","R","B",null,"M","?","?","M","$","R","M","R","T","$","R","M","R","M","R","B",null,"M","$","?","?","?","R","E","R","T","E"],"character_chosen":"IRONCLAD","items_purchased":["Oddly Smooth Stone","Bag of Preparation","Anchor","Energy Potion"],"campfire_rested":4,"item_purchase_floors":[22,27,36,36],"current_hp_per_floor":[80,69,69,75,80,70,70,68,68,68,58,64,36,19,60,49,87,77,60,60,36,36,78,69,69,69,69,69,15,59,28,73,52,102,86,86,105,105,105,105,61,61,61,0],"gold":31,"neow_bonus":"RANDOM_COMMON_RELIC","is_prod":false,"is_daily":false,"chose_seed":false,"campfire_upgraded":6,"win_rate":0,"timestamp":1553776279,"path_taken":["M","?","?","M","M","E","R","M","T","R","M","M","E","?","R","BOSS","M","?","?","M","$","R","M","R","T","$","R","M","R","M","R","BOSS","M","$","?","?","?","R","E","R","T","E"],"build_version":"2019-01-23","purchased_purges":1,"victory":false,"max_hp_per_floor":[80,80,80,80,80,87,87,87,87,87,87,87,87,87,87,87,87,87,92,92,92,92,92,96,96,96,96,96,99,99,102,102,102,102,105,105,105,105,105,105,108,108,108,108],"card_choices":[{"not_picked":["Intimidate","Flex"],"picked":"Clothesline","floor":1},{"not_picked":["Wild Strike","Perfected Strike"],"picked":"Cleave","floor":4},{"not_picked":["Iron Wave","Blood for Blood"],"picked":"Pommel Strike","floor":5},{"not_picked":["Infernal Blade","Heavy Blade","Havoc"],"picked":"SKIP","floor":6},{"not_picked":["Feel No Pain","Searing Blow"],"picked":"True Grit","floor":8},{"not_picked":["Shrug It Off","Heavy Blade"],"picked":"Shockwave","floor":11},{"not_picked":["Armaments","Immolate"],"picked":"Battle Trance","floor":12},{"not_picked":["Pommel Strike","Havoc","Sever Soul"],"picked":"SKIP","floor":13},{"not_picked":["Corruption","Dual Wield"],"picked":"Flex","floor":14},{"not_picked":["Berserk","Exhume"],"picked":"Double Tap","floor":16},{"not_picked":["Battle Trance+1","True Grit","Clash+1"],"picked":"SKIP","floor":18},{"not_picked":["Heavy Blade","Body Slam"],"picked":"Headbutt","floor":21},{"not_picked":["Fire Breathing","Cleave"],"picked":"Demon Form","floor":24},{"not_picked":["Warcry","Shockwave"],"picked":"Armaments","floor":29},{"not_picked":["Thunderclap","Clothesline","Perfected Strike"],"picked":"SKIP","floor":31},{"not_picked":["Fire Breathing","Warcry"],"picked":"Flex+1","floor":35},{"not_picked":["Forethought","Transmutation"],"picked":"Secret Technique","floor":38},{"not_picked":["Carnage","Shrug It Off"],"picked":"Impervious","floor":41}],"player_experience":217811,"relics_obtained":[{"floor":6,"key":"Strawberry"},{"floor":9,"key":"Regal Pillow"},{"floor":13,"key":"Pantograph"},{"floor":26,"key":"WingedGreaves"},{"floor":41,"key":"Shuriken"},{"floor":43,"key":"Happy Flower"}],"event_choices":[{"damage_healed":0,"gold_gain":75,"player_choice":"Gather Gold","damage_taken":11,"max_hp_gain":0,"max_hp_loss":0,"event_name":"World of Goop","floor":2,"gold_loss":0},{"damage_healed":0,"gold_gain":0,"player_choice":"1 cards matched","damage_taken":0,"max_hp_gain":0,"max_hp_loss":0,"event_name":"Match and Keep!","floor":3,"gold_loss":0,"cards_obtained":["Injury"]},{"damage_healed":0,"gold_gain":0,"player_choice":"Shed Blood","damage_taken":22,"max_hp_gain":5,"max_hp_loss":0,"event_name":"Forgotten Altar","floor":19,"gold_loss":0},{"damage_healed":0,"gold_gain":0,"player_choice":"Ignored","damage_taken":0,"max_hp_gain":0,"max_hp_loss":0,"event_name":"Vampires","floor":20,"gold_loss":0},{"damage_healed":26,"gold_gain":0,"player_choice":"Writhe","damage_taken":0,"max_hp_gain":0,"max_hp_loss":0,"event_name":"Winding Halls","floor":37,"gold_loss":0,"cards_obtained":["Writhe"]},{"damage_healed":0,"gold_gain":0,"player_choice":"Memory 1","damage_taken":0,"max_hp_gain":0,"max_hp_loss":0,"event_name":"SensoryStone","floor":38,"gold_loss":0},{"damage_healed":0,"gold_gain":0,"player_choice":"Paid","damage_taken":0,"relics_obtained":["Red Mask"],"max_hp_gain":0,"max_hp_loss":0,"event_name":"Tomb of Lord Red Mask","floor":39,"gold_loss":20}],"is_beta":false,"boss_relics":[{"not_picked":["Philosopher\u0027s Stone","Busted Crown"],"picked":"Pandora\u0027s Box"},{"not_picked":["Sozu","Lizard Tail"],"picked":"Mark of Pain"}],"items_purged_floors":[22],"is_endless":false,"potions_floor_spawned":[1,6,11,13,16,29,31],"killed_by":"Reptomancer","ascension_level":3}