{"gold_per_floor":[360,360,535,551,13,13,42,42,42,42,42,42,72,92,92,192,192,207,221,232,244,26,55,55,3,3,3,33,33,33,43,43,145,145,156,231,37,37,54,87,87,117,117,130,164,184,184,184,184,184],"floor_reached":51,"playtime":5135,"items_purged":["Doubt","Strike_G"],"score":843,"play_id":"a59c8a75-99d4-4a0f-93d4-189f770f1b74","local_time":"20190324191226","is_ascension_mode":true,"campfire_choices":[{"data":"Venomology","floor":6,"key":"SMITH"},{"data":"Neutralize","floor":8,"key":"SMITH"},{"floor":11,"key":"REST"},{"data":"Leg Sweep","floor":15,"key":"SMITH"},{"floor":24,"key":"REST"},{"data":"Dodge and Roll","floor":27,"key":"SMITH"},{"data":"Bouncing Flask","floor":29,"key":"SMITH"},{"floor":32,"key":"REST"},{"data":"Adrenaline","floor":41,"key":"SMITH"},{"data":"1","floor":47,"key":"LIFT"},{"data":"2","floor":49,"key":"LIFT"}],"neow_cost":"CURSE","seed_source_timestamp":194140998121609,"circlet_count":0,"master_deck":["Defend_G+1","Defend_G+1","Defend_G+1","Defend_G+1","Defend_G+1","Strike_G+1","Survivor+1","Neutralize+1","Deflect+1","Venomology+1","Dagger Spray+1","A Thousand Cuts+1","Leg Sweep+1","Footwork+1","Envenom+1","Bouncing Flask+1","Terror+1","Dodge and Roll+1","Catalyst+1","Footwork+1","Deadly Poison+1","Cloak And Dagger+1","Deadly Poison+1","Deadly Poison+1","Adrenaline+1","Phantasmal Killer+1","Infinite Blades+1","Venomology+1","Acrobatics+1","Panache+1","Poisoned Stab+1","Accuracy+1","Blur+1","Backstab+1"],"relics":["Ring of the Snake","Torii","Art of War","Frozen Egg 2","Mercury Hourglass","Oddly Smooth Stone","Black Star","Ginger","PreservedInsect","Pen Nib","Thread and Needle","Omamori","Astrolabe","Ninja Scroll","Matryoshka","Bronze Scales","Molten Egg 2","Bottled Flame","Mummified Hand","Shuriken","Girya","Pear","Mark of the Bloom"],"potions_floor_usage":[7,13,16,16,18,18,18,19,20,21,21,23,23,23,33,33,33,33,39,40,40,40,40,40,40,42,45,45,46,46,46,50,50,50,50,50],"damage_taken":[{"damage":3,"enemies":"Cultist","floor":1,"turns":5},{"damage":0,"enemies":"2 Louse","floor":4,"turns":4},{"damage":12,"enemies":"3 Sentries","floor":7,"turns":11},{"damage":1,"enemies":"Lagavulin","floor":13,"turns":8},{"damage":0,"enemies":"Small Slimes","floor":14,"turns":3},{"damage":11,"enemies":"Hexaghost","floor":16,"turns":13},{"damage":14,"enemies":"2 Thieves","floor":18,"turns":4},{"damage":10,"enemies":"3 Byrds","floor":19,"turns":3},{"damage":0,"enemies":"Centurion and Healer","floor":20,"turns":7},{"damage":2,"enemies":"Snake Plant","floor":21,"turns":4},{"damage":9,"enemies":"Slavers","floor":23,"turns":7},{"damage":17,"enemies":"Gremlin Leader","floor":28,"turns":5},{"damage":0,"enemies":"Shelled Parasite and Fungi","floor":31,"turns":5},{"damage":47,"enemies":"Automaton","floor":33,"turns":10},{"damage":0,"enemies":"3 Shapes","floor":35,"turns":6},{"damage":0,"enemies":"Orb Walker","floor":39,"turns":4},{"damage":2,"enemies":"Giant Head","floor":40,"turns":9},{"damage":1,"enemies":"Reptomancer","floor":42,"turns":6},{"damage":10,"enemies":"Spire Growth","floor":44,"turns":4},{"damage":0,"enemies":"Giant Head","floor":45,"turns":6},{"damage":0,"enemies":"3 Darklings","floor":46,"turns":3},{"damage":16,"enemies":"Awakened One","floor":50,"turns":9}],"seed_played":"6694772402108522694","potions_obtained":[{"floor":1,"key":"Weak Potion"},{"floor":14,"key":"Weak Potion"},{"floor":16,"key":"Swift Potion"},{"floor":18,"key":"Fire Potion"},{"floor":19,"key":"SkillPotion"},{"floor":20,"key":"Ancient Potion"},{"floor":31,"key":"LiquidBronze"},{"floor":42,"key":"Block Potion"},{"floor":44,"key":"Regen Potion"},{"floor":46,"key":"SkillPotion"}],"is_trial":false,"path_per_floor":["M","?","?","M","$","R","E","R","T","?","R","?","E","M","R","B",null,"M","M","M","M","$","E","R","$","T","R","E","R","$","M","R","B",null,"M","?","$","T","M","E","R","E","T","M","E","M","R","?","R","B",null],"character_chosen":"THE_SILENT","items_purchased":["Torii","Art of War","Dagger Spray","Footwork+1","Fire Potion","Cloak And Dagger","Panache+1"],"campfire_rested":3,"item_purchase_floors":[5,5,5,22,22,25,37],"current_hp_per_floor":[67,67,67,67,67,67,55,55,55,41,62,70,69,69,69,58,70,56,46,46,44,44,35,56,56,56,56,39,39,39,39,60,13,70,70,63,63,63,63,70,70,69,69,59,80,80,80,80,80,64],"gold":184,"neow_bonus":"TWO_FIFTY_GOLD","is_prod":false,"is_daily":false,"chose_seed":false,"campfire_upgraded":6,"win_rate":0,"timestamp":1553454746,"path_taken":["M","?","?","M","$","R","E","R","T","?","R","?","E","M","R","BOSS","M","M","M","M","$","E","R","$","T","R","E","R","?","M","R","BOSS","M","?","$","?","M","E","R","E","T","M","E","M","R","?","R","BOSS"],"build_version":"2019-01-23","purchased_purges":2,"victory":true,"max_hp_per_floor":[70,70,70,70,70,70,70,70,70,70,70,70,70,70,70,70,70,70,70,70,70,70,70,70,70,70,70,70,70,70,70,70,70,70,70,70,70,70,70,70,70,70,70,70,80,80,80,80,80,80],"card_choices":[{"not_picked":["Poisoned Stab","Slice"],"picked":"Deflect","floor":1},{"not_picked":["All Out Attack","Acrobatics"],"picked":"Venomology","floor":4},{"not_picked":["Acrobatics","Deflect"],"picked":"A Thousand Cuts","floor":7},{"not_picked":["Cloak And Dagger","Blur"],"picked":"Leg Sweep","floor":13},{"not_picked":["Crippling Poison","Caltrops+1"],"picked":"Footwork+1","floor":14},{"not_picked":["Bullet Time","Storm of Steel"],"picked":"Envenom+1","floor":16},{"not_picked":["Outmaneuver","Poisoned Stab"],"picked":"Bouncing Flask","floor":18},{"not_picked":["Eviscerate","Deadly Poison"],"picked":"Terror+1","floor":19},{"not_picked":["Prepared","Slice"],"picked":"Dodge and Roll","floor":20},{"not_picked":["Underhanded Strike","Accuracy+1"],"picked":"Catalyst+1","floor":21},{"not_picked":["Dodge and Roll","Malaise"],"picked":"Deadly Poison","floor":23},{"not_picked":["Quick Slash","Finisher"],"picked":"Deadly Poison","floor":28},{"not_picked":["Dagger Spray","Prepared"],"picked":"Deadly Poison","floor":31},{"not_picked":["Phantasmal Killer","Bullet Time"],"picked":"Adrenaline","floor":33},{"not_picked":["Blade Dance","Terror"],"picked":"Acrobatics+1","floor":35},{"not_picked":["Poisoned Stab","Flying Knee+1","Glass Knife"],"picked":"SKIP","floor":39},{"not_picked":["Underhanded Strike+1","Expertise+1"],"picked":"Poisoned Stab+1","floor":40},{"not_picked":["Deadly Poison","Deflect+1"],"picked":"Accuracy+1","floor":42},{"not_picked":["Dagger Spray+1","Outmaneuver"],"picked":"Blur","floor":44},{"not_picked":["Dodge and Roll","Doppelganger","Riddle With Holes+1"],"picked":"SKIP","floor":45},{"not_picked":["Flying Knee+1","Dagger Throw+1"],"picked":"Backstab+1","floor":46}],"player_experience":165225,"relics_obtained":[{"floor":7,"key":"Frozen Egg 2"},{"floor":9,"key":"Mercury Hourglass"},{"floor":13,"key":"Oddly Smooth Stone"},{"floor":23,"key":"Ginger"},{"floor":23,"key":"PreservedInsect"},{"floor":26,"key":"Pen Nib"},{"floor":28,"key":"Thread and Needle"},{"floor":28,"key":"Omamori"},{"floor":38,"key":"Ninja Scroll"},{"floor":40,"key":"Matryoshka"},{"floor":40,"key":"Bronze Scales"},{"floor":42,"key":"Molten Egg 2"},{"floor":42,"key":"Bottled Flame"},{"floor":43,"key":"Mummified Hand"},{"floor":43,"key":"Shuriken"},{"floor":45,"key":"Girya"},{"floor":45,"key":"Pear"}],"event_choices":[{"cards_removed":["Shame"],"damage_healed":0,"gold_gain":0,"player_choice":"Forget","damage_taken":0,"max_hp_gain":0,"max_hp_loss":0,"event_name":"Living Wall","floor":2,"gold_loss":0},{"damage_healed":0,"gold_gain":175,"player_choice":"AGREE","damage_taken":0,"max_hp_gain":0,"max_hp_loss":0,"event_name":"Liars Game","floor":3,"gold_loss":0,"cards_obtained":["Doubt"]},{"damage_healed":0,"gold_gain":0,"player_choice":"Entered Light","damage_taken":14,"max_hp_gain":0,"max_hp_loss":0,"event_name":"Shining Light","floor":10,"gold_loss":0,"cards_upgraded":["Strike_G","Defend_G"]},{"damage_healed":8,"gold_gain":0,"player_choice":"Full Heal","damage_taken":0,"max_hp_gain":0,"max_hp_loss":0,"event_name":"Wheel of Change","floor":12,"gold_loss":0},{"damage_healed":0,"gold_gain":75,"player_choice":"Touch","damage_taken":7,"max_hp_gain":0,"max_hp_loss":0,"event_name":"FaceTrader","floor":36,"gold_loss":0},{"damage_healed":0,"gold_gain":0,"player_choice":"Upgrade","damage_taken":0,"relics_obtained":["Mark of the Bloom"],"max_hp_gain":0,"max_hp_loss":0,"event_name":"MindBloom","floor":48,"gold_loss":0,"cards_upgraded":["Defend_G","Defend_G","Defend_G","Defend_G","Survivor","Deflect","Dagger Spray","Deadly Poison","Cloak And Dagger","Deadly Poison","Deadly Poison","Blur"]}],"is_beta":false,"boss_relics":[{"not_picked":["Sozu","White Beast Statue"],"picked":"Black Star"},{"not_picked":["Fusion Hammer","Tiny House"],"picked":"Astrolabe"}],"items_purged_floors":[5,22],"is_endless":false,"potions_floor_spawned":[1,14,16,18,19,20,31,39,42,44,46],"ascension_level":1}