{"gold_per_floor":[116,131,145,159,175,209,220,220,220,236,249,249,263,283,283,384,384,395,395,101,113,113,128,128],"floor_reached":24,"playtime":1361,"items_purged":[],"score":206,"play_id":"3e04ca99-e32c-42b7-8528-128d35e5c8df","local_time":"20190308031404","is_ascension_mode":false,"campfire_choices":[{"floor":8,"key":"REST"},{"floor":12,"key":"REST"},{"floor":15,"key":"REST"}],"neow_cost":"NONE","seed_source_timestamp":0,"circlet_count":0,"master_deck":["Defend_G","Defend_G","Defend_G+1","Defend_G","Defend_G","Strike_G","Strike_G","Strike_G","Strike_G","Strike_G","Survivor","Neutralize","Terror+1","Catalyst","Caltrops","Sucker Punch","Poisoned Stab","Reflex","Deflect","Flying Knee","Backflip","Predator","Die Die Die","Acrobatics","Dash","Poisoned Stab","Dash","Crippling Poison","Dodge and Roll","Apotheosis","Underhanded Strike","Dagger Throw","Sucker Punch+1"],"special_seed":0,"relics":["Lizard Tail","War Paint","Bronze Scales","Orrery","Nilry\u0027s Codex"],"potions_floor_usage":[3,5,7,11,16,18,23],"damage_taken":[{"damage":6,"enemies":"Cultist","floor":1,"turns":4},{"damage":7,"enemies":"Small Slimes","floor":2,"turns":4},{"damage":2,"enemies":"Jaw Worm","floor":3,"turns":4},{"damage":11,"enemies":"3 Louse","floor":4,"turns":4},{"damage":12,"enemies":"2 Fungi Beasts","floor":5,"turns":4},{"damage":47,"enemies":"Lagavulin","floor":6,"turns":11},{"damage":2,"enemies":"Gremlin Gang","floor":7,"turns":5},{"damage":11,"enemies":"Exordium Thugs","floor":10,"turns":4},{"damage":3,"enemies":"2 Fungi Beasts","floor":11,"turns":3},{"damage":2,"enemies":"Looter","floor":13,"turns":3},{"damage":3,"enemies":"3 Louse","floor":14,"turns":3},{"damage":52,"enemies":"The Guardian","floor":16,"turns":14},{"damage":4,"enemies":"Spheric Guardian","floor":18,"turns":6},{"damage":29,"enemies":"2 Thieves","floor":21,"turns":4},{"damage":9,"enemies":"Shelled Parasite and Fungi","floor":23,"turns":4},{"damage":15,"enemies":"Snake Plant","floor":24,"turns":3}],"seed_played":"2244697849447833170","potions_obtained":[{"floor":1,"key":"Fire Potion"},{"floor":4,"key":"Fire Potion"},{"floor":6,"key":"Energy Potion"},{"floor":7,"key":"Block Potion"},{"floor":10,"key":"GamblersBrew"},{"floor":16,"key":"EssenceOfSteel"},{"floor":21,"key":"PowerPotion"}],"is_trial":false,"path_per_floor":["M","M","M","M","M","E","M","R","T","M","M","R","M","M","R","B",null,"M","?","$","M","?","M","M"],"character_chosen":"THE_SILENT","items_purchased":["Apotheosis","Underhanded Strike","Dagger Throw"],"campfire_rested":3,"item_purchase_floors":[20,20,20],"current_hp_per_floor":[64,57,55,44,32,25,23,44,44,33,30,51,49,46,67,15,70,66,66,66,37,21,12,0],"gold":128,"neow_bonus":"BOSS_RELIC","is_prod":false,"is_daily":false,"chose_seed":false,"campfire_upgraded":0,"win_rate":0,"timestamp":1552027444,"path_taken":["M","M","M","M","M","E","M","R","T","?","M","R","M","M","R","BOSS","M","?","$","?","?","M","M"],"build_version":"2019-02-06","purchased_purges":0,"victory":false,"max_hp_per_floor":[70,70,70,70,70,70,70,70,70,70,70,70,70,70,70,70,70,70,70,70,70,70,70,70],"card_choices":[{"not_picked":["Quick Slash","Blade Dance"],"picked":"Terror","floor":1},{"not_picked":["Concentrate","Cloak And Dagger"],"picked":"Catalyst","floor":2},{"not_picked":["Blade Dance","All Out Attack"],"picked":"Caltrops","floor":3},{"not_picked":["Blade Dance","Dagger Spray"],"picked":"Sucker Punch","floor":4},{"not_picked":["Slice","Finisher"],"picked":"Poisoned Stab","floor":5},{"not_picked":["Concentrate","Blade Dance"],"picked":"Reflex","floor":6},{"not_picked":["Burst","Tactician"],"picked":"Deflect","floor":7},{"not_picked":["Infinite Blades","Backstab"],"picked":"Flying Knee","floor":10},{"not_picked":["Sucker Punch","Acrobatics"],"picked":"Backflip","floor":11},{"not_picked":["Heel Hook","Outmaneuver","Slice"],"picked":"SKIP","floor":13},{"not_picked":["Bane","Quick Slash"],"picked":"Predator","floor":14},{"not_picked":["Phantasmal Killer","Grand Finale"],"picked":"Die Die Die","floor":16},{"not_picked":["Tactician","PiercingWail"],"picked":"Acrobatics","floor":17},{"not_picked":["Backflip","All Out Attack"],"picked":"Dash","floor":17},{"not_picked":["Outmaneuver","Setup"],"picked":"Poisoned Stab","floor":17},{"not_picked":["Acrobatics","Malaise"],"picked":"Dash","floor":17},{"not_picked":["Dodge and Roll","Deflect"],"picked":"Crippling Poison","floor":17},{"not_picked":["Riddle With Holes","Skewer"],"picked":"Dodge and Roll","floor":18},{"not_picked":["Quick Slash","Deflect","Sucker Punch"],"picked":"SKIP","floor":21},{"not_picked":["Accuracy","Cloak And Dagger"],"picked":"Sucker Punch+1","floor":23}],"player_experience":693006,"relics_obtained":[{"floor":6,"key":"War Paint"},{"floor":9,"key":"Bronze Scales"},{"floor":22,"key":"Nilry\u0027s Codex"}],"event_choices":[{"damage_healed":0,"gold_gain":0,"player_choice":"Ignored","damage_taken":0,"max_hp_gain":0,"max_hp_loss":0,"event_name":"Purifier","floor":19,"gold_loss":0},{"damage_healed":0,"gold_gain":0,"player_choice":"Obtained Book","damage_taken":16,"max_hp_gain":0,"max_hp_loss":0,"event_name":"Cursed Tome","floor":22,"gold_loss":0}],"is_beta":true,"boss_relics":[{"not_picked":["Snecko Eye","Tiny House"],"picked":"Orrery"}],"items_purged_floors":[],"is_endless":false,"potions_floor_spawned":[1,4,6,7,10,16,21],"killed_by":"Snake Plant","ascension_level":0}