{"gold_per_floor":[112,112,287,298,313,345,345,19,19,19,19,19,19,0,0,96,96,114,114,0,0,14,14,14,28,28,28],"floor_reached":27,"playtime":2330,"items_purged":[],"score":263,"play_id":"de1b7d2c-0e0d-4db0-9c83-7f33c6a88a26","local_time":"20180816172440","is_ascension_mode":true,"campfire_choices":[{"floor":7,"key":"REST"},{"data":"Consume","floor":10,"key":"SMITH"},{"data":"Auto Shields","floor":13,"key":"SMITH"},{"data":"Dualcast","floor":15,"key":"SMITH"},{"data":"Creative AI","floor":23,"key":"SMITH"}],"neow_cost":"NONE","seed_source_timestamp":4129799299708685,"circlet_count":0,"master_deck":["Strike_B","Strike_B","Strike_B","Strike_B","Defend_B","Defend_B","Defend_B","Defend_B","Zap+1","Dualcast+1","Self Repair","Doubt","Consume+1","Auto Shields+1","Self Repair","Self Repair","Conserve Battery","Creative AI+1","Conserve Battery","Capacitor","Ball Lightning","Undo","Pain"],"relics":["Cracked Core","Du-Vu Doll","Darkstone Periapt","Shuriken","Bottled Flame","Cursed Key","Juzu Bracelet"],"potions_floor_usage":[6,25,27],"damage_taken":[{"damage":8,"enemies":"2 Louse","floor":1,"turns":2},{"damage":0,"enemies":"Small Slimes","floor":4,"turns":2},{"damage":3,"enemies":"Jaw Worm","floor":5,"turns":4},{"damage":45,"enemies":"3 Sentries","floor":6,"turns":8},{"damage":11,"enemies":"Looter","floor":14,"turns":4},{"damage":45,"enemies":"The Guardian","floor":16,"turns":12},{"damage":11,"enemies":"Spheric Guardian","floor":18,"turns":4},{"damage":57,"enemies":"3 Byrds","floor":22,"turns":8},{"damage":20,"enemies":"Centurion and Healer","floor":25,"turns":9},{"damage":43,"enemies":"3 Cultists","floor":27,"turns":4}],"seed_played":"-890176567985585483","potions_obtained":[{"floor":1,"key":"GamblersBrew"},{"floor":5,"key":"GamblersBrew"},{"floor":16,"key":"AttackPotion"},{"floor":18,"key":"Ancient Potion"}],"is_trial":false,"path_per_floor":["M","?","?","M","M","E","R","$","T","R","T","$","R","M","R","B",null,"M","?","?","?","M","R","?","M","T"],"character_chosen":"DEFECT","items_purchased":["Self Repair","Darkstone Periapt"],"campfire_rested":1,"item_purchase_floors":[8,8],"current_hp_per_floor":[67,72,72,79,80,42,66,66,66,66,66,66,66,76,76,52,80,80,80,80,80,44,44,29,30,36,0],"gold":28,"neow_bonus":"UPGRADE_CARD","is_prod":false,"is_daily":false,"chose_seed":false,"campfire_upgraded":4,"win_rate":0,"timestamp":1534436680,"path_taken":["M","?","?","M","M","E","R","?","T","R","?","$","R","M","R","BOSS","M","?","?","?","M","R","?","M","T","M"],"build_version":"2018-08-09","purchased_purges":0,"victory":false,"max_hp_per_floor":[75,80,80,80,80,80,80,80,80,80,80,80,80,80,80,80,80,80,80,80,80,80,80,85,85,91,91],"card_choices":[{"not_picked":["Scrape","Stack"],"picked":"Self Repair","floor":1},{"not_picked":["Redo","Coolheaded"],"picked":"Consume","floor":4},{"not_picked":["Hologram","Stack"],"picked":"Auto Shields","floor":5},{"not_picked":["Steam Power","Buffer"],"picked":"Self Repair","floor":6},{"not_picked":["Fusion","Hologram"],"picked":"Conserve Battery","floor":14},{"not_picked":["Echo Form","Meteor Strike"],"picked":"Creative AI","floor":16},{"not_picked":["Darkness+1","Heatsinks+1"],"picked":"Conserve Battery","floor":18},{"not_picked":["Recycle","Compile Driver"],"picked":"Ball Lightning","floor":22},{"not_picked":["Compile Driver","Melter"],"picked":"Undo","floor":25}],"player_experience":379551,"relics_obtained":[{"floor":6,"key":"Du-Vu Doll"},{"floor":9,"key":"Shuriken"},{"floor":11,"key":"Bottled Flame"},{"floor":26,"key":"Juzu Bracelet"}],"event_choices":[{"event_name":"Big Fish","player_choice":"Donut","floor":2,"damage_taken":0},{"event_name":"Liars Game","player_choice":"agreed","floor":3,"damage_taken":0},{"event_name":"The Library","player_choice":"Read","floor":19,"damage_taken":0},{"event_name":"Masked Bandits","player_choice":"Paid Fearfully","floor":20,"damage_taken":0},{"event_name":"Drug Dealer","player_choice":"Ignored","floor":21,"damage_taken":0},{"event_name":"Forgotten Altar","player_choice":"Shed Blood","floor":24,"damage_taken":0}],"is_beta":false,"boss_relics":[{"not_picked":["Black Star","Sozu"],"picked":"Cursed Key"}],"items_purged_floors":[],"is_endless":false,"potions_floor_spawned":[1,5,16,18],"killed_by":"3 Cultists","ascension_level":3}