{"gold_per_floor":[115,127,127,127,188,188,217,182,182,182,196,41,58,76,76,173,173,160,160,170,182,182],"floor_reached":22,"playtime":1295,"items_purged":[],"score":186,"play_id":"90832470-dd62-4aa0-a225-af0998ac6968","local_time":"20181020192437","is_ascension_mode":false,"campfire_choices":[{"data":"Seek","floor":6,"key":"SMITH"},{"data":"White Noise","floor":10,"key":"SMITH"},{"data":"Zap","floor":15,"key":"SMITH"}],"neow_cost":"TEN_PERCENT_HP_LOSS","seed_source_timestamp":2163881717278508,"circlet_count":0,"master_deck":["Strike_B+1","Strike_B+1","Strike_B+1","Strike_B+1","Defend_B+1","Defend_B+1","Defend_B+1","Defend_B+1","Zap+1","Dualcast","Seek+1","Force Field","Sunder","White Noise+1","Capacitor+1","Panache+1","Turbo","Barrage","Sweeping Beam","Buffer+1","Coolheaded","Hologram+1","Auto Shields"],"relics":["Cracked Core","Frozen Egg 2","The Courier","Black Star"],"potions_floor_usage":[14],"damage_taken":[{"damage":0,"enemies":"Cultist","floor":1,"turns":3},{"damage":0,"enemies":"2 Louse","floor":2,"turns":2},{"damage":24,"enemies":"3 Sentries","floor":7,"turns":8},{"damage":0,"enemies":"Small Slimes","floor":11,"turns":3},{"damage":5,"enemies":"Exordium Thugs","floor":13,"turns":4},{"damage":0,"enemies":"Looter","floor":14,"turns":2},{"damage":27,"enemies":"Hexaghost","floor":16,"turns":9},{"damage":15,"enemies":"2 Thieves","floor":18,"turns":4},{"damage":3,"enemies":"Spheric Guardian","floor":20,"turns":6},{"damage":7,"enemies":"Chosen and Byrds","floor":21,"turns":6},{"damage":16,"enemies":"Colosseum Slavers","floor":22,"turns":4},{"damage":54,"enemies":"Colosseum Nobs","floor":22,"turns":4}],"seed_played":"-1318008268805881888","potions_obtained":[{"floor":7,"key":"Swift Potion"},{"floor":13,"key":"FearPotion"},{"floor":16,"key":"FearPotion"},{"floor":20,"key":"Dexterity Potion"}],"is_trial":false,"path_per_floor":["M","M","?","?","?","R","E","?","T","R","M","$","M","M","R","B",null,"M","?","M","M"],"character_chosen":"DEFECT","items_purchased":["Panache+1","Turbo"],"campfire_rested":0,"item_purchase_floors":[12,12],"current_hp_per_floor":[68,68,68,73,73,73,49,67,67,67,67,67,62,62,62,35,73,58,58,55,48,0],"gold":182,"neow_bonus":"THREE_RARE_CARDS","is_prod":false,"is_daily":false,"chose_seed":false,"campfire_upgraded":3,"win_rate":0,"timestamp":1540059877,"path_taken":["M","?","?","?","?","R","E","?","T","R","M","$","M","M","R","BOSS","M","?","?","M","?"],"build_version":"2018-10-18","purchased_purges":0,"victory":false,"max_hp_per_floor":[68,68,68,73,73,73,73,73,73,73,73,73,73,73,73,73,73,73,73,73,73,73],"card_choices":[{"not_picked":["Amplify","Fission"],"picked":"Seek","floor":0},{"not_picked":["Streamline","Steam"],"picked":"Force Field","floor":1},{"not_picked":["Steam","Undo"],"picked":"Sunder","floor":2},{"not_picked":["Chaos","Turbo"],"picked":"White Noise","floor":7},{"not_picked":["Turbo","Blizzard"],"picked":"Capacitor+1","floor":11},{"not_picked":["Steam","Coolheaded"],"picked":"Barrage","floor":13},{"not_picked":["Steam","Barrage"],"picked":"Sweeping Beam","floor":14},{"not_picked":["Rainbow","All For One"],"picked":"Buffer+1","floor":16},{"not_picked":["Rip and Tear","Leap"],"picked":"Coolheaded","floor":18},{"not_picked":["Beam Cell","Rebound"],"picked":"Hologram+1","floor":20},{"not_picked":["Leap","Barrage"],"picked":"Auto Shields","floor":21}],"player_experience":616783,"relics_obtained":[{"floor":7,"key":"Frozen Egg 2"},{"floor":9,"key":"The Courier"}],"event_choices":[{"damage_healed":0,"gold_gain":0,"player_choice":"Ignored","damage_taken":0,"max_hp_gain":0,"max_hp_loss":0,"event_name":"Golden Idol","floor":3,"gold_loss":0},{"damage_healed":0,"gold_gain":0,"player_choice":"Donut","damage_taken":0,"max_hp_gain":5,"max_hp_loss":0,"event_name":"Big Fish","floor":4,"gold_loss":0},{"damage_healed":0,"gold_gain":61,"player_choice":"Gained Gold","damage_taken":0,"max_hp_gain":0,"max_hp_loss":0,"event_name":"Golden Wing","floor":5,"gold_loss":0},{"damage_healed":18,"gold_gain":0,"player_choice":"Healed","damage_taken":0,"max_hp_gain":0,"max_hp_loss":0,"event_name":"The Cleric","floor":8,"gold_loss":35},{"damage_healed":0,"gold_gain":0,"player_choice":"Simplicity","damage_taken":0,"max_hp_gain":0,"max_hp_loss":0,"event_name":"Back to Basics","floor":19,"gold_loss":0,"cards_upgraded":["Strike_B","Strike_B","Strike_B","Strike_B","Defend_B","Defend_B","Defend_B","Defend_B"]},{"damage_healed":0,"gold_gain":0,"player_choice":"Fight","damage_taken":0,"max_hp_gain":0,"max_hp_loss":0,"event_name":"Colosseum","floor":22,"gold_loss":0},{"damage_healed":0,"gold_gain":0,"player_choice":"Fought Nobs","damage_taken":0,"max_hp_gain":0,"max_hp_loss":0,"event_name":"Colosseum","floor":22,"gold_loss":0}],"is_beta":false,"boss_relics":[{"not_picked":["Calling Bell","Nuclear Battery"],"picked":"Black Star"}],"items_purged_floors":[],"is_endless":false,"potions_floor_spawned":[7,13,16,20,22],"killed_by":"Colosseum Nobs","ascension_level":0}