{"gold_per_floor":[109,109,4,16,26,53,53,69,69,82,112,112,147,157,157,257,257,274,274,289,300,29,29,39,39,39,52,52,114,131,131,131,232,232,250,277,277,50,61,61,91,91,91,105,138,156,256,274,274,274],"floor_reached":51,"playtime":8321,"items_purged":["Strike_B","Strike_B"],"score":848,"play_id":"d9f0eaf2-a2d2-4e02-b11f-48d0ad5b5d44","local_time":"20190320194655","is_ascension_mode":false,"campfire_choices":[{"data":"Zap","floor":7.0,"key":"SMITH"},{"floor":12.0,"key":"REST"},{"data":"White Noise","floor":15.0,"key":"SMITH"},{"data":"Apotheosis","floor":23,"key":"SMITH"},{"floor":25,"key":"REST"},{"floor":32,"key":"REST"},{"data":"Chill","floor":40,"key":"SMITH"},{"data":"1","floor":42,"key":"LIFT"},{"floor":49,"key":"REST"}],"neow_cost":"NONE","seed_source_timestamp":0,"circlet_count":0,"master_deck":["Strike_B","Strike_B","Defend_B","Defend_B","Defend_B","Defend_B","Zap+1","White Noise+1","Compile Driver","Coolheaded","Capacitor","Leap","Biased Cognition","Capacitor","Storm","Barrage","Conserve Battery","Buffer","Leap","White Noise+1","White Noise","Consume+1","Apotheosis+1","Cold Snap","Hologram","Conserve Battery","Creative AI","Seek","White Noise+1","Coolheaded","Chill+1","Defragment","Storm","Decay","Coolheaded+1","Chill+1","Go for the Eyes+1","Storm+1"],"special_seed":0,"relics":["Cracked Core","Happy Flower","Lantern","Bottled Lightning","Kunai","Cursed Key","Gambling Chip","Tiny Chest","Sozu","Bag of Marbles","Spirit Poop","Girya","Pear","Bronze Scales","Calipers"],"potions_floor_usage":[33,48,50],"damage_taken":[{"damage":2.0,"enemies":"Small Slimes","floor":1.0,"turns":5.0},{"damage":0.0,"enemies":"Cultist","floor":4.0,"turns":4.0},{"damage":8.0,"enemies":"Jaw Worm","floor":5.0,"turns":4.0},{"damage":10.0,"enemies":"Gremlin Nob","floor":6.0,"turns":5.0},{"damage":2.0,"enemies":"Large Slime","floor":8.0,"turns":6.0},{"damage":0.0,"enemies":"Red Slaver","floor":10.0,"turns":4.0},{"damage":15.0,"enemies":"3 Sentries","floor":11.0,"turns":5.0},{"damage":3.0,"enemies":"Lagavulin","floor":13.0,"turns":5.0},{"damage":11.0,"enemies":"2 Fungi Beasts","floor":14.0,"turns":3.0},{"damage":4.0,"enemies":"The Guardian","floor":16.0,"turns":10.0},{"damage":20,"enemies":"2 Thieves","floor":18,"turns":4},{"damage":21,"enemies":"3 Byrds","floor":20,"turns":4},{"damage":0,"enemies":"3 Cultists","floor":21,"turns":3},{"damage":0,"enemies":"Centurion and Healer","floor":24,"turns":5},{"damage":0,"enemies":"Cultist and Chosen","floor":27,"turns":4},{"damage":27,"enemies":"Slavers","floor":29,"turns":6},{"damage":5,"enemies":"3 Cultists","floor":30,"turns":3},{"damage":0,"enemies":"Collector","floor":33,"turns":6},{"damage":0,"enemies":"Orb Walker","floor":35,"turns":4},{"damage":0,"enemies":"3 Darklings","floor":39,"turns":4},{"damage":0,"enemies":"Giant Head","floor":41,"turns":7},{"damage":7,"enemies":"Writhing Mass","floor":44,"turns":3},{"damage":0,"enemies":"Nemesis","floor":45,"turns":5},{"damage":0,"enemies":"Spire Growth","floor":46,"turns":4},{"damage":19,"enemies":"Mind Bloom Boss Battle","floor":47,"turns":5},{"damage":36,"enemies":"4 Shapes","floor":48,"turns":5},{"damage":14,"enemies":"Time Eater","floor":50,"turns":6}],"seed_played":"6418396844997280870","potions_obtained":[{"floor":1.0,"key":"FairyPotion"},{"floor":4.0,"key":"SteroidPotion"},{"floor":6.0,"key":"SneckoOil"},{"floor":8.0,"key":"Strength Potion"},{"floor":13.0,"key":"Weak Potion"},{"floor":18,"key":"Dexterity Potion"},{"floor":27,"key":"SpeedPotion"},{"floor":29,"key":"PowerPotion"},{"floor":33,"key":"Explosive Potion"}],"is_trial":false,"path_per_floor":["M","?","$","M","M","E","R","M","T","M","E","R","E","M","R","B",null,"M","?","M","M","$","R","M","R","T","M","?","E","M","?","R","B",null,"M","T","?","$","M","R","E","R","T","M","E","M","?","M","R","B",null],"character_chosen":"DEFECT","items_purchased":["Coolheaded","PowerPotion","Apotheosis","Coolheaded","Chill"],"campfire_rested":4,"item_purchase_floors":[3,3,22,38,38],"current_hp_per_floor":[73,73,73,73,65,55,55,53,53,53,38,60,57,46,46,42,75,55,55,34,34,34,34,34,56,56,56,56,29,24,24,46,46,75,75,75,75,75,75,75,75,75,85,78,78,78,59,23,48,34],"gold":274,"neow_bonus":"TRANSFORM_CARD","is_prod":false,"is_daily":false,"chose_seed":false,"campfire_upgraded":4,"win_rate":0.0,"timestamp":1553111215,"path_taken":["M","?","$","M","M","E","R","M","T","?","E","R","E","M","R","BOSS","M","?","?","M","$","R","M","R","T","M","?","E","M","?","R","BOSS","M","?","?","$","M","R","E","R","T","M","E","?","?","M","R","BOSS"],"build_version":"2019-01-23","purchased_purges":2,"victory":true,"max_hp_per_floor":[75,75,75,75,75,75,75,75,75,75,75,75,75,75,75,75,75,75,75,75,75,75,75,75,75,75,75,75,75,75,75,75,75,75,75,75,75,75,75,75,75,75,85,85,85,85,85,85,85,85],"card_choices":[{"not_picked":["Steam Power","Gash"],"picked":"Compile Driver","floor":1.0},{"not_picked":["Streamline","Darkness"],"picked":"Capacitor","floor":4.0},{"not_picked":["Sweeping Beam","Lockon"],"picked":"Leap","floor":5.0},{"not_picked":["Cold Snap","Storm"],"picked":"Biased Cognition","floor":6.0},{"not_picked":["Gash","Compile Driver"],"picked":"Capacitor","floor":8.0},{"not_picked":["Steam","Streamline","Sweeping Beam"],"picked":"SKIP","floor":10.0},{"not_picked":["Steam Power","Chaos"],"picked":"Storm","floor":11.0},{"not_picked":["Doom and Gloom","Multi-Cast"],"picked":"Barrage","floor":13.0},{"not_picked":["Gash","Auto Shields"],"picked":"Conserve Battery","floor":14.0},{"not_picked":["Rainbow","Creative AI"],"picked":"Buffer","floor":16.0},{"not_picked":["Barrage","Genetic Algorithm"],"picked":"Leap","floor":18},{"not_picked":["Blizzard","Stack"],"picked":"White Noise","floor":20},{"not_picked":["Blizzard","Gash"],"picked":"Consume+1","floor":21},{"not_picked":["Stack","Loop"],"picked":"Cold Snap","floor":24},{"not_picked":["Gash","Sweeping Beam"],"picked":"Hologram","floor":27},{"not_picked":["Redo","Storm+1"],"picked":"Conserve Battery","floor":29},{"not_picked":["Loop","Ball Lightning+1"],"picked":"Creative AI","floor":30},{"not_picked":["Fission","Reboot"],"picked":"Seek","floor":33},{"not_picked":["Barrage","Leap+1"],"picked":"White Noise+1","floor":35},{"not_picked":["Stack+1","Scrape+1"],"picked":"Defragment","floor":39},{"not_picked":["Leap","Blizzard"],"picked":"Storm","floor":41},{"not_picked":["Streamline+1","Ball Lightning+1"],"picked":"Coolheaded+1","floor":44},{"not_picked":["Leap","Ball Lightning+1"],"picked":"Chill+1","floor":45},{"not_picked":["Ball Lightning","Compile Driver+1","Doom and Gloom+1"],"picked":"SKIP","floor":46},{"not_picked":["Gash","Reprogram+1"],"picked":"Go for the Eyes+1","floor":47},{"not_picked":["Auto Shields+1","FTL"],"picked":"Storm+1","floor":48}],"player_experience":95721,"relics_obtained":[{"floor":6.0,"key":"Happy Flower"},{"floor":9.0,"key":"Lantern"},{"floor":11.0,"key":"Bottled Lightning"},{"floor":13.0,"key":"Kunai"},{"floor":26,"key":"Gambling Chip"},{"floor":29,"key":"Tiny Chest"},{"floor":36,"key":"Bag of Marbles"},{"floor":41,"key":"Girya"},{"floor":43,"key":"Pear"},{"floor":45,"key":"Bronze Scales"},{"floor":47,"key":"Calipers"}],"event_choices":[{"damage_healed":0.0,"max_hp_gain":0.0,"max_hp_loss":0.0,"gold_gain":0.0,"event_name":"NoteForYourself","player_choice":"Ignored","floor":2.0,"gold_loss":0.0,"damage_taken":0.0},{"damage_healed":0,"gold_gain":0,"player_choice":"Copied","damage_taken":0,"max_hp_gain":0,"max_hp_loss":0,"event_name":"Duplicator","floor":19,"gold_loss":0,"cards_obtained":["White Noise"]},{"damage_healed":0,"gold_gain":0,"player_choice":"Ignored","damage_taken":0,"max_hp_gain":0,"max_hp_loss":0,"event_name":"Ghosts","floor":28,"gold_loss":0},{"cards_removed":["Regret"],"damage_healed":0,"gold_gain":0,"player_choice":"Purged","damage_taken":0,"max_hp_gain":0,"max_hp_loss":0,"event_name":"Purifier","floor":31,"gold_loss":0},{"cards_removed":["Shame"],"damage_healed":0,"gold_gain":0,"player_choice":"Offered Curse","damage_taken":0,"relics_obtained":["Spirit Poop"],"max_hp_gain":0,"max_hp_loss":0,"event_name":"Bonfire Elementals","floor":37,"gold_loss":0},{"damage_healed":0,"gold_gain":0,"player_choice":"Fight","damage_taken":0,"max_hp_gain":0,"max_hp_loss":0,"event_name":"MindBloom","floor":47,"gold_loss":0}],"is_beta":false,"boss_relics":[{"not_picked":["Snecko Eye","Busted Crown"],"picked":"Cursed Key"},{"not_picked":["Inserter","Philosopher\u0027s Stone"],"picked":"Sozu"}],"items_purged_floors":[22,38],"is_endless":false,"potions_floor_spawned":[1,4,6,8,13,18,27,29,33,35,39,45,47],"ascension_level":0}