{"gold_per_floor":[111,122,133,146,68,68,84,109,109,124,142,152,178,190,190,285,285,295,295,307,222,24,24,54,54,103,28,44,61,61,76,76,174,174,193,211,211,211,225,225,237,237,287,42,42,60,37,53,53,53],"floor_reached":50,"playtime":2709,"items_purged":["Regret","Parasite"],"score":495,"play_id":"9a1d1ff8-efe8-4f2d-a0cf-4e160a93201e","local_time":"20181206000934","is_ascension_mode":false,"campfire_choices":[{"floor":6,"key":"RECALL"},{"data":"Heavy Blade","floor":15,"key":"SMITH"},{"data":"Limit Break","floor":25,"key":"SMITH"},{"data":"Demon Form","floor":32,"key":"SMITH"},{"data":"Madness","floor":40,"key":"SMITH"},{"data":"Offering","floor":45,"key":"SMITH"},{"data":"Madness","floor":49,"key":"SMITH"}],"neow_cost":"NONE","seed_source_timestamp":533388297096578,"circlet_count":0,"master_deck":["Strike_R+1","Strike_R+1","Strike_R+1","Strike_R+1","Defend_R+1","Defend_R+1","Defend_R+1","Defend_R+1","Bash","Iron Wave","Disarm","Anger","Anger","Feel No Pain","Demon Form+1","Heavy Blade+1","Cleave","Dual Wield","Heavy Blade","Shrug It Off","Limit Break+1","Anger","Pommel Strike+1","Disarm+1","Flex+1","Flex+1","Pommel Strike+1","Reaper","Warcry","Spot Weakness+1","Madness+1","Madness+1","Rage","Twin Strike+1","Offering+1","Flame Barrier","Shrug It Off","Headbutt+1"],"relics":["Burning Blood","NeowsBlessing","Matryoshka","Bronze Scales","Cursed Key","Ancient Tea Set","Lee\u0027s Waffle","Incense Burner","Regal Pillow","Orichalcum","Coffee Dripper","Letter Opener","Red Skull"],"potions_floor_usage":[12,20,20,20,24,28,31,31,35,50,50],"damage_taken":[{"damage":0,"enemies":"Cultist","floor":1,"turns":1},{"damage":0,"enemies":"Jaw Worm","floor":2,"turns":1},{"damage":0,"enemies":"2 Louse","floor":3,"turns":1},{"damage":9,"enemies":"Red Slaver","floor":4,"turns":5},{"damage":10,"enemies":"2 Fungi Beasts","floor":7,"turns":4},{"damage":8,"enemies":"Looter","floor":10,"turns":3},{"damage":5,"enemies":"3 Louse","floor":11,"turns":3},{"damage":2,"enemies":"Large Slime","floor":12,"turns":6},{"damage":22,"enemies":"Lagavulin","floor":13,"turns":6},{"damage":2,"enemies":"Exordium Wildlife","floor":14,"turns":2},{"damage":49,"enemies":"The Guardian","floor":16,"turns":11},{"damage":24,"enemies":"Spheric Guardian","floor":18,"turns":5},{"damage":10,"enemies":"Shell Parasite","floor":20,"turns":4},{"damage":16,"enemies":"Gremlin Leader","floor":24,"turns":4},{"damage":0,"enemies":"Centurion and Healer","floor":28,"turns":6},{"damage":0,"enemies":"Snake Plant","floor":29,"turns":3},{"damage":13,"enemies":"Shelled Parasite and Fungi","floor":31,"turns":5},{"damage":43,"enemies":"Automaton","floor":33,"turns":7},{"damage":5,"enemies":"Orb Walker","floor":35,"turns":4},{"damage":16,"enemies":"3 Darklings","floor":36,"turns":4},{"damage":6,"enemies":"4 Shapes","floor":39,"turns":7},{"damage":4,"enemies":"Sphere and 2 Shapes","floor":41,"turns":3},{"damage":34,"enemies":"3 Darklings","floor":46,"turns":4},{"damage":24,"enemies":"Writhing Mass","floor":48,"turns":6},{"damage":52,"enemies":"Time Eater","floor":50,"turns":4}],"seed_played":"-6989359317038852981","potions_obtained":[{"floor":1,"key":"EntropicBrew"},{"floor":7,"key":"Dexterity Potion"},{"floor":10,"key":"Poison Potion"},{"floor":11,"key":"Block Potion"},{"floor":12,"key":"Poison Potion"},{"floor":28,"key":"Dexterity Potion"},{"floor":31,"key":"Weak Potion"},{"floor":35,"key":"Ancient Potion"},{"floor":46,"key":"SpeedPotion"}],"is_trial":false,"path_per_floor":["M","M","M","M","$","R","M","T","T","M","M","M","E","M","R","B",null,"M","?","M","?","$","?","E","R","T","$","M","M","?","M","R","B",null,"M","M","?","?","M","R","M","?","T","$","R","M","$","M","R","B"],"character_chosen":"IRONCLAD","items_purchased":["Feel No Pain","Lee\u0027s Waffle","Offering","Shrug It Off"],"campfire_rested":0,"item_purchase_floors":[5,22,44,47],"current_hp_per_floor":[80,80,80,77,77,77,73,73,73,71,72,76,60,64,64,21,80,62,47,43,43,92,92,82,82,82,82,88,92,92,85,85,48,92,92,92,80,80,80,80,92,92,92,89,89,61,61,47,47,0],"gold":53,"neow_bonus":"THREE_ENEMY_KILL","is_prod":false,"is_daily":false,"chose_seed":false,"campfire_upgraded":6,"win_rate":0,"timestamp":1544054974,"path_taken":["M","?","M","M","$","R","M","?","T","M","M","M","E","M","R","BOSS","M","?","M","?","$","?","E","R","T","$","M","?","?","M","R","BOSS","M","M","?","?","M","R","M","?","T","$","R","M","$","M","R","BOSS"],"build_version":"2018-11-15","purchased_purges":2,"victory":false,"max_hp_per_floor":[80,80,80,80,80,80,80,80,80,80,80,80,80,80,80,80,80,80,85,85,85,92,92,92,92,92,92,92,92,92,92,92,92,92,92,92,92,92,92,92,92,92,92,89,89,89,89,89,89,89],"card_choices":[{"not_picked":["Blood for Blood","Hemokinesis"],"picked":"Iron Wave","floor":1},{"not_picked":["Pommel Strike","Clash"],"picked":"Disarm","floor":2},{"not_picked":["Clash","Warcry"],"picked":"Anger","floor":3},{"not_picked":["Bloodletting","Warcry"],"picked":"Anger","floor":4},{"not_picked":["Sword Boomerang","Clash"],"picked":"Demon Form","floor":7},{"not_picked":["Wild Strike","Clothesline"],"picked":"Heavy Blade","floor":10},{"not_picked":["Wild Strike","Havoc"],"picked":"Cleave","floor":11},{"not_picked":["Clothesline","Warcry"],"picked":"Dual Wield","floor":12},{"not_picked":["Dropkick","Iron Wave"],"picked":"Heavy Blade","floor":13},{"not_picked":["Warcry","Uppercut"],"picked":"Shrug It Off","floor":14},{"not_picked":["Brutality","Bludgeon"],"picked":"Limit Break","floor":16},{"not_picked":["Havoc","Iron Wave"],"picked":"Anger","floor":18},{"not_picked":["Feel No Pain","Iron Wave"],"picked":"Pommel Strike+1","floor":20},{"not_picked":["Reckless Charge","Sever Soul"],"picked":"Disarm+1","floor":24},{"not_picked":["Searing Blow","Perfected Strike"],"picked":"Flex+1","floor":28},{"not_picked":["Body Slam","Shrug It Off+1"],"picked":"Flex+1","floor":29},{"not_picked":["Clash","Searing Blow+1"],"picked":"Pommel Strike+1","floor":31},{"not_picked":["Juggernaut","Berserk"],"picked":"Reaper","floor":33},{"not_picked":["Sentinel","Thunderclap"],"picked":"Warcry","floor":35},{"not_picked":["Inflame","Rupture"],"picked":"Spot Weakness+1","floor":36},{"not_picked":["Searing Blow","True Grit"],"picked":"Rage","floor":39},{"not_picked":["Entrench+1","Feel No Pain+1"],"picked":"Twin Strike+1","floor":41},{"not_picked":["Rage+1","Warcry"],"picked":"Flame Barrier","floor":46},{"not_picked":["Berserk","Metallicize+1"],"picked":"Headbutt+1","floor":48}],"player_experience":778643,"relics_obtained":[{"floor":9,"key":"Matryoshka"},{"floor":13,"key":"Bronze Scales"},{"floor":24,"key":"Incense Burner"},{"floor":26,"key":"Regal Pillow"},{"floor":26,"key":"Orichalcum"},{"floor":43,"key":"Letter Opener"},{"floor":43,"key":"Red Skull"}],"event_choices":[{"damage_healed":0,"gold_gain":0,"player_choice":"Shed Blood","damage_taken":20,"max_hp_gain":5,"max_hp_loss":0,"event_name":"Forgotten Altar","floor":19,"gold_loss":0},{"damage_healed":0,"gold_gain":0,"player_choice":"Obtained Relic","damage_taken":0,"relics_obtained":["Ancient Tea Set"],"max_hp_gain":0,"max_hp_loss":0,"event_name":"Addict","floor":21,"gold_loss":85},{"damage_healed":0,"gold_gain":0,"player_choice":"Ignored","damage_taken":0,"max_hp_gain":0,"max_hp_loss":0,"event_name":"Purifier","floor":23,"gold_loss":0},{"damage_healed":0,"gold_gain":0,"player_choice":"Simplicity","damage_taken":0,"max_hp_gain":0,"max_hp_loss":0,"event_name":"Back to Basics","floor":30,"gold_loss":0,"cards_upgraded":["Strike_R","Strike_R","Strike_R","Strike_R","Strike_R","Defend_R","Defend_R","Defend_R","Defend_R"]},{"damage_healed":0,"gold_gain":0,"player_choice":"Embrace Madness","damage_taken":12,"max_hp_gain":0,"max_hp_loss":0,"event_name":"Winding Halls","floor":37,"gold_loss":0,"cards_obtained":["Madness","Madness"]},{"cards_removed":["Strike_R"],"damage_healed":0,"gold_gain":0,"player_choice":"Removed Attack","damage_taken":0,"max_hp_gain":0,"max_hp_loss":0,"event_name":"Falling","floor":38,"gold_loss":0},{"damage_healed":0,"gold_gain":0,"player_choice":"Ignored","damage_taken":0,"max_hp_gain":0,"max_hp_loss":0,"event_name":"Tomb of Lord Red Mask","floor":42,"gold_loss":0}],"is_beta":false,"boss_relics":[{"not_picked":["Black Star","Runic Cube"],"picked":"Cursed Key"},{"not_picked":["Snecko Eye","Black Blood"],"picked":"Coffee Dripper"}],"items_purged_floors":[27,44],"is_endless":false,"potions_floor_spawned":[1,7,10,11,12,14,20,28,31,35,46],"killed_by":"Time Eater","ascension_level":0}