{"gold_per_floor":[119,139,139,152,152,152,184,184,184,194,194,218,206,221,221,325,325,340,324,342,342,342,342,30,30,30,60,60,94,18,18],"floor_reached":31,"playtime":2213,"items_purged":[],"score":287,"play_id":"08235e2c-2906-4140-9228-f0db6893ee96","local_time":"20180809110617","is_ascension_mode":true,"campfire_choices":[{"data":"Footwork","floor":6,"key":"SMITH"},{"data":"Finisher","floor":8,"key":"SMITH"},{"data":"Deadly Poison","floor":11,"key":"SMITH"},{"floor":15,"key":"REST"},{"floor":23,"key":"REST"},{"data":"Caltrops","floor":25,"key":"SMITH"},{"floor":28,"key":"REST"}],"neow_cost":"NONE","seed_source_timestamp":3502412160313121,"circlet_count":0,"master_deck":["Defend_G","Defend_G","Defend_G","Defend_G","Defend_G","Strike_G","Strike_G","Strike_G","Strike_G","Survivor","Neutralize+1","Footwork+1","Deflect","Finisher+1","Acrobatics","Deadly Poison+1","Outmaneuver","Skewer","Poisoned Stab","Dagger Spray","Envenom","Deflect+1","Poisoned Stab","Caltrops+1","Bandage Up","Bane","Cloak And Dagger","Phantasmal Killer","Caltrops"],"relics":["Ring of the Snake","Kunai","Omamori","Odd Mushroom","Busted Crown","Snake Skull","Bronze Scales","Dream Catcher","Question Card","Potion Belt"],"potions_floor_usage":[10,19,27],"damage_taken":[{"damage":0,"enemies":"Jaw Worm","floor":1,"turns":4},{"damage":0,"enemies":"Cultist","floor":2,"turns":4},{"damage":0,"enemies":"2 Louse","floor":4,"turns":3},{"damage":9,"enemies":"3 Sentries","floor":7,"turns":20},{"damage":0,"enemies":"Looter","floor":10,"turns":4},{"damage":0,"floor":12,"turns":7},{"damage":9,"enemies":"Exordium Thugs","floor":13,"turns":5},{"damage":1,"enemies":"Blue Slaver","floor":14,"turns":4},{"damage":17,"enemies":"Hexaghost","floor":16,"turns":12},{"damage":11,"enemies":"Shell Parasite","floor":18,"turns":6},{"damage":14,"enemies":"2 Thieves","floor":19,"turns":4},{"damage":7,"enemies":"Snecko","floor":20,"turns":5},{"damage":34,"enemies":"Book of Stabbing","floor":27,"turns":4},{"damage":42,"enemies":"Slavers","floor":29,"turns":6},{"damage":15,"enemies":"Slaver and Parasite","floor":31,"turns":2}],"seed_played":"1633289268622740479","potions_obtained":[{"floor":1,"key":"Poison Potion"},{"floor":10,"key":"SteroidPotion"},{"floor":14,"key":"Swift Potion"},{"floor":20,"key":"LiquidBronze"},{"floor":29,"key":"Strength Potion"}],"is_trial":false,"path_per_floor":["M","M","?","M","?","R","E","R","T","M","R","?","M","M","R","B",null,"M","M","M","?","?","R","$","R","T","E","R","E","$"],"character_chosen":"THE_SILENT","items_purchased":["Caltrops","Bronze Scales","Bandage Up","Caltrops"],"campfire_rested":3,"item_purchase_floors":[24,24,24,30],"current_hp_per_floor":[70,70,70,70,70,70,61,61,61,61,61,61,52,51,70,53,70,59,45,38,38,38,59,59,59,59,29,50,12,12,0],"gold":18,"neow_bonus":"UPGRADE_CARD","is_prod":false,"is_daily":false,"chose_seed":false,"campfire_upgraded":4,"win_rate":0,"timestamp":1533809177,"path_taken":["M","M","?","M","?","R","E","R","T","M","R","?","M","M","R","BOSS","M","?","M","?","?","R","$","R","T","E","R","E","?","M"],"build_version":"2018-08-02","purchased_purges":0,"victory":false,"max_hp_per_floor":[70,70,70,70,70,70,70,70,70,70,70,70,70,70,70,70,70,70,70,70,70,70,70,70,70,70,70,70,70,70,70],"card_choices":[{"not_picked":["Predator","Flying Knee"],"picked":"Footwork","floor":1},{"not_picked":["Bane","Underhanded Strike"],"picked":"Deflect","floor":2},{"not_picked":["PiercingWail","Prepared"],"picked":"Acrobatics","floor":4},{"not_picked":["Wraith Form v2","Dodge and Roll"],"picked":"Deadly Poison","floor":7},{"not_picked":["Blur","Acrobatics"],"picked":"Outmaneuver","floor":10},{"not_picked":["Endless Agony","Glass Knife"],"picked":"Skewer","floor":12},{"not_picked":["Dagger Throw","Quick Slash"],"picked":"Poisoned Stab","floor":13},{"not_picked":["Quick Slash","Outmaneuver"],"picked":"Dagger Spray","floor":14},{"not_picked":["Burst","Bullet Time"],"picked":"Envenom","floor":16},{"not_picked":["Masterful Stab"],"picked":"SKIP","floor":18},{"not_picked":[],"picked":"Deflect+1","floor":19},{"not_picked":[],"picked":"Poisoned Stab","floor":20},{"not_picked":[],"picked":"Bane","floor":27},{"not_picked":["Deflect"],"picked":"Cloak And Dagger","floor":28},{"not_picked":["Quick Slash"],"picked":"Phantasmal Killer","floor":29}],"player_experience":319535,"relics_obtained":[{"floor":7,"key":"Kunai"},{"floor":9,"key":"Omamori"},{"floor":12,"key":"Odd Mushroom"},{"floor":26,"key":"Dream Catcher"},{"floor":27,"key":"Question Card"},{"floor":29,"key":"Potion Belt"}],"event_choices":[{"event_name":"Transmorgrifier","player_choice":"Transform","floor":3,"damage_taken":0},{"event_name":"Golden Wing","player_choice":"Ignored","floor":5,"damage_taken":0},{"event_name":"Mushrooms","player_choice":"Fought Mushrooms","floor":12,"damage_taken":0},{"event_name":"WeMeetAgain","player_choice":"Potion","floor":21,"damage_taken":0},{"event_name":"Vampires","player_choice":"Ignored","floor":22,"damage_taken":0}],"is_beta":false,"boss_relics":[{"not_picked":["Philosopher\u0027s Stone","White Beast Statue"],"picked":"Busted Crown"}],"items_purged_floors":[],"is_endless":false,"potions_floor_spawned":[1,10,14,20,29],"killed_by":"Slaver and Parasite","ascension_level":1}