{"gold_per_floor":[113,113,88,103,120,136,155,37,37,70,6,39,51,63,63,135,135,150,184,199,124,135,135,168,168,244,269,19,19,51,51,51,126,126,141,241,255,155,155,155,187,187,187,203,229,51,51,69,69,69],"floor_reached":50,"playtime":4608,"items_purged":["Strike_R","Shame","Strike_R"],"score":1174,"play_id":"99975e92-9266-48e7-aaec-70993186b340","local_time":"20190326210045","is_ascension_mode":true,"campfire_choices":[{"data":"Dual Wield","floor":15.0,"key":"SMITH"},{"data":"Metallicize","floor":23.0,"key":"SMITH"},{"data":"Immolate","floor":29.0,"key":"SMITH"},{"data":"Metallicize","floor":32.0,"key":"SMITH"},{"data":"Uppercut","floor":40.0,"key":"SMITH"},{"floor":42.0,"key":"REST"},{"floor":49.0,"key":"REST"}],"neow_cost":"NONE","seed_source_timestamp":0,"circlet_count":0,"master_deck":["AscendersBane","Strike_R","Strike_R","Defend_R","Defend_R","Defend_R","Defend_R","Bash","Shockwave","Power Through","Shrug It Off","Infernal Blade","Metallicize+1","Evolve","Uppercut+1","Fiend Fire","Dual Wield+1","Evolve","Immolate+1","Wild Strike+1","Flame Barrier","Headbutt","Metallicize+1","Limit Break","Dark Embrace","Wild Strike+1","Power Through","Infernal Blade+1","Spot Weakness+1","Metallicize+1","True Grit","Finesse","Evolve"],"special_seed":0,"relics":["Burning Blood","Shuriken","Question Card","Mummified Hand","FossilizedHelix","Sozu","Red Mask","Bag of Marbles","Vajra","Ornamental Fan","Art of War","Pen Nib","Thread and Needle","Black Star","Bird Faced Urn","Paper Frog","Kunai","Regal Pillow","Whetstone","Turnip"],"potions_floor_usage":[],"damage_taken":[{"damage":6.0,"enemies":"Jaw Worm","floor":1.0,"turns":5.0},{"damage":6.0,"enemies":"Cultist","floor":4.0,"turns":4.0},{"damage":6.0,"enemies":"Small Slimes","floor":5.0,"turns":6.0},{"damage":2.0,"enemies":"Exordium Wildlife","floor":6.0,"turns":4.0},{"damage":4.0,"enemies":"Blue Slaver","floor":7.0,"turns":4.0},{"damage":16.0,"enemies":"Gremlin Nob","floor":10.0,"turns":4.0},{"damage":19.0,"enemies":"3 Sentries","floor":12.0,"turns":9.0},{"damage":0.0,"enemies":"Looter","floor":13.0,"turns":3.0},{"damage":0.0,"enemies":"Exordium Thugs","floor":14.0,"turns":6.0},{"damage":15.0,"enemies":"Hexaghost","floor":16.0,"turns":10.0},{"damage":6.0,"enemies":"Shell Parasite","floor":18.0,"turns":3.0},{"damage":6.0,"enemies":"Masked Bandits","floor":19.0,"turns":2.0},{"damage":0.0,"enemies":"3 Byrds","floor":20.0,"turns":5.0},{"damage":0.0,"enemies":"Centurion and Healer","floor":22.0,"turns":5.0},{"damage":0.0,"enemies":"Gremlin Leader","floor":24.0,"turns":6.0},{"damage":0.0,"enemies":"Slavers","floor":27.0,"turns":4.0},{"damage":35.0,"enemies":"Gremlin Leader","floor":30.0,"turns":6.0},{"damage":36.0,"enemies":"Collector","floor":33.0,"turns":6.0},{"damage":0.0,"enemies":"3 Shapes","floor":35.0,"turns":3.0},{"damage":0.0,"enemies":"Mind Bloom Boss Battle","floor":36.0,"turns":12.0},{"damage":0.0,"enemies":"Orb Walker","floor":37.0,"turns":5.0},{"damage":69.0,"enemies":"Nemesis","floor":41.0,"turns":9.0},{"damage":0.0,"enemies":"3 Darklings","floor":44.0,"turns":3.0},{"damage":40.0,"enemies":"Reptomancer","floor":45.0,"turns":4.0},{"damage":0.0,"enemies":"Maw","floor":48.0,"turns":5.0},{"damage":89,"enemies":"Awakened One","floor":50,"turns":8}],"seed_played":"-5855671652217580924","potions_obtained":[{"floor":1.0,"key":"Block Potion"},{"floor":4.0,"key":"Explosive Potion"},{"floor":7.0,"key":"Strength Potion"},{"floor":13.0,"key":"Energy Potion"},{"floor":16.0,"key":"Block Potion"}],"is_trial":false,"path_per_floor":["M","?","$","M","M","M","M","$","T","E","?","E","M","M","R","B",null,"M","?","M","$","M","R","E","?","T","E","$","R","E","?","R","B",null,"M","?","M","$","?","R","E","R","T","M","E","$","?","M","R","B"],"character_chosen":"IRONCLAD","items_purchased":["Shrug It Off","Evolve","Uppercut","Pen Nib","Metallicize","True Grit"],"campfire_rested":2,"item_purchase_floors":[3,8,8,28,28,46],"current_hp_per_floor":[68,68,68,68,68,72,74,74,74,64,64,51,57,63,63,54,70,70,70,75,75,75,75,75,75,75,75,75,75,46,46,46,16,60,66,72,75,75,71,71,22,44,44,54,22,22,22,34,71,0],"gold":69,"neow_bonus":"THREE_CARDS","is_prod":false,"is_daily":false,"chose_seed":false,"campfire_upgraded":5,"win_rate":0,"timestamp":1553630445,"path_taken":["M","?","?","M","M","M","M","$","T","E","?","E","?","M","R","BOSS","M","?","M","$","M","R","E","?","T","E","$","R","E","?","R","BOSS","M","?","M","$","?","R","E","R","T","?","E","$","?","M","R","BOSS"],"build_version":"2019-01-23","purchased_purges":3,"victory":false,"max_hp_per_floor":[75,75,75,75,75,75,75,75,75,75,75,75,75,75,75,75,75,75,75,75,75,75,75,75,75,75,75,75,75,75,75,75,75,75,75,75,75,75,75,75,75,75,75,75,75,75,75,75,75,75],"card_choices":[{"not_picked":["Anger","Metallicize"],"picked":"Shockwave","floor":0.0},{"not_picked":["Warcry","Thunderclap"],"picked":"Power Through","floor":1.0},{"not_picked":["Sword Boomerang","Sever Soul","Clash"],"picked":"SKIP","floor":4.0},{"not_picked":["Iron Wave","Seeing Red"],"picked":"Infernal Blade","floor":5.0},{"not_picked":["Sentinel","Dropkick","Anger"],"picked":"SKIP","floor":6.0},{"not_picked":["Cleave","Rampage"],"picked":"Metallicize","floor":7.0},{"not_picked":["Sentinel","Body Slam","Twin Strike"],"picked":"SKIP","floor":10.0},{"not_picked":["Shockwave","Disarm","Thunderclap"],"picked":"Fiend Fire","floor":12.0},{"not_picked":["Anger","Heavy Blade","Flex"],"picked":"Dual Wield","floor":13.0},{"not_picked":["Entrench","Body Slam","Armaments"],"picked":"Evolve","floor":14.0},{"not_picked":["Demon Form","Limit Break","Barricade"],"picked":"Immolate","floor":16.0},{"not_picked":["Pommel Strike","Warcry","Sword Boomerang","Clash"],"picked":"SKIP","floor":18.0},{"not_picked":["Clash+1","Corruption","Body Slam"],"picked":"Wild Strike","floor":19.0},{"not_picked":["Body Slam","Twin Strike","Searing Blow"],"picked":"Flame Barrier","floor":20.0},{"not_picked":["Seeing Red","Twin Strike","Iron Wave","Body Slam"],"picked":"SKIP","floor":22.0},{"not_picked":["Anger","Body Slam","Flex","Bloodletting"],"picked":"SKIP","floor":24.0},{"not_picked":["Carnage","Juggernaut","Berserk"],"picked":"Headbutt","floor":27.0},{"not_picked":["Sever Soul","Havoc","Clash","Whirlwind"],"picked":"SKIP","floor":30.0},{"not_picked":["Offering","Feed","Juggernaut"],"picked":"Dark Embrace","floor":33.0},{"not_picked":["Headbutt","Armaments","Searing Blow"],"picked":"Wild Strike","floor":35.0},{"not_picked":["Flex+1","Sentinel","Twin Strike+1"],"picked":"Power Through","floor":37.0},{"not_picked":["Seeing Red","Armaments","Intimidate"],"picked":"Infernal Blade+1","floor":41.0},{"not_picked":["Twin Strike","Bloodletting+1","Heavy Blade"],"picked":"Spot Weakness+1","floor":44.0},{"not_picked":["Flex+1","Clash","Reckless Charge+1"],"picked":"Metallicize+1","floor":45.0},{"not_picked":["Metamorphosis","PanicButton","Dramatic Entrance"],"picked":"Finesse","floor":47.0},{"not_picked":["Twin Strike","Perfected Strike+1","Thunderclap"],"picked":"Evolve","floor":48.0}],"player_experience":790142,"relics_obtained":[{"floor":9.0,"key":"Shuriken"},{"floor":10.0,"key":"Question Card"},{"floor":12.0,"key":"FossilizedHelix"},{"floor":19.0,"key":"Red Mask"},{"floor":24.0,"key":"Bag of Marbles"},{"floor":26.0,"key":"Ornamental Fan"},{"floor":27.0,"key":"Art of War"},{"floor":30.0,"key":"Thread and Needle"},{"floor":36.0,"key":"Bird Faced Urn"},{"floor":41.0,"key":"Paper Frog"},{"floor":41.0,"key":"Kunai"},{"floor":43.0,"key":"Regal Pillow"},{"floor":45.0,"key":"Whetstone"},{"floor":45.0,"key":"Turnip"}],"event_choices":[{"cards_removed":["Strike_R"],"damage_healed":0.0,"max_hp_gain":0.0,"max_hp_loss":0.0,"gold_gain":0.0,"event_name":"Purifier","player_choice":"Purged","floor":2.0,"gold_loss":0.0,"damage_taken":0.0},{"damage_healed":0.0,"max_hp_gain":0.0,"max_hp_loss":0.0,"gold_gain":0.0,"event_name":"WeMeetAgain","player_choice":"Paid Gold","floor":11.0,"gold_loss":64.0,"damage_taken":0.0,"relics_obtained":["Mummified Hand"]},{"damage_healed":0.0,"max_hp_gain":0.0,"max_hp_loss":0.0,"gold_gain":0.0,"event_name":"Masked Bandits","player_choice":"Fought Bandits","floor":19.0,"gold_loss":0.0,"damage_taken":0.0},{"damage_healed":0.0,"max_hp_gain":0.0,"max_hp_loss":0.0,"gold_gain":0.0,"event_name":"Addict","player_choice":"Stole Relic","floor":25.0,"gold_loss":0.0,"damage_taken":0.0,"relics_obtained":["Vajra"],"cards_obtained":["Shame"]},{"damage_healed":0.0,"max_hp_gain":0.0,"max_hp_loss":0.0,"gold_gain":0.0,"event_name":"Match and Keep!","player_choice":"1 cards matched","floor":31.0,"gold_loss":0.0,"damage_taken":0.0,"cards_obtained":["Limit Break"]},{"damage_healed":0.0,"max_hp_gain":0.0,"max_hp_loss":0.0,"gold_gain":0.0,"event_name":"MindBloom","player_choice":"Fight","floor":36.0,"gold_loss":0.0,"damage_taken":0.0},{"damage_healed":0.0,"max_hp_gain":0.0,"max_hp_loss":0.0,"gold_gain":0.0,"event_name":"The Woman in Blue","player_choice":"Bought 0 Potions","floor":39.0,"gold_loss":0.0,"damage_taken":0.0},{"damage_healed":0.0,"max_hp_gain":0.0,"max_hp_loss":0.0,"gold_gain":0.0,"event_name":"SensoryStone","player_choice":"Memory 1","floor":47.0,"gold_loss":0.0,"damage_taken":0.0}],"is_beta":false,"boss_relics":[{"not_picked":["Velvet Choker","Black Blood"],"picked":"Sozu"},{"not_picked":["Snecko Eye","Runic Pyramid"],"picked":"Black Star"}],"items_purged_floors":[21,38,46],"is_endless":false,"potions_floor_spawned":[1,4,7,13,16,18,24,27,33,37,44,45],"killed_by":"Awakened One","ascension_level":18}