{"gold_per_floor":[111,123,123,138,138,170,170,201,201,219,236,236,236,206,206,206],"floor_reached":16,"playtime":792,"items_purged":[],"score":160,"play_id":"5c79fc9e-0bfa-45bc-a18c-8c8be13a3f91","local_time":"20180903162731","is_ascension_mode":false,"campfire_choices":[{"floor":7,"key":"REST"},{"floor":15,"key":"REST"}],"neow_cost":"","seed_source_timestamp":0,"circlet_count":0,"master_deck":["Strike_B","Strike_B","Strike_B","Strike_B","Defend_B","Defend_B","Defend_B","Defend_B","Zap","Dualcast","Auto Shields","Leap","Redo","Self Repair+1","Stack","Stack","Conserve Battery","Turbo"],"relics":["Cracked Core","Smiling Mask","Dodecahedron","Bottled Tornado","Pantograph"],"potions_floor_usage":[8,8],"damage_taken":[{"damage":1,"enemies":"Cultist","floor":1,"turns":3},{"damage":0,"enemies":"Small Slimes","floor":2,"turns":3},{"damage":0,"enemies":"2 Louse","floor":4,"turns":3},{"damage":66,"enemies":"Lagavulin","floor":6,"turns":13},{"damage":25,"enemies":"Gremlin Nob","floor":8,"turns":4},{"damage":2,"enemies":"Exordium Wildlife","floor":10,"turns":5},{"damage":1,"enemies":"Blue Slaver","floor":11,"turns":6},{"damage":0,"enemies":"Looter","floor":14,"turns":4},{"damage":72,"enemies":"Hexaghost","floor":16,"turns":16}],"seed_played":"8535491289308116533","potions_obtained":[{"floor":2,"key":"SteroidPotion"},{"floor":4,"key":"Poison Potion"},{"floor":6,"key":"AttackPotion"},{"floor":10,"key":"SteroidPotion"}],"is_trial":true,"path_per_floor":["M","M","?","M","$","E","R","E","T","M","M","?","?","M","R"],"character_chosen":"DEFECT","items_purchased":[],"campfire_rested":2,"item_purchase_floors":[],"current_hp_per_floor":[74,74,74,74,74,8,30,12,12,17,23,11,11,21,43,0],"gold":206,"neow_bonus":"","is_prod":false,"is_daily":false,"chose_seed":false,"campfire_upgraded":0,"win_rate":0,"timestamp":1535988451,"path_taken":["M","M","?","M","$","E","R","E","T","M","M","?","?","M","R","BOSS"],"build_version":"2018-08-30","purchased_purges":0,"victory":false,"max_hp_per_floor":[75,75,75,75,75,75,75,75,75,75,75,75,75,75,75,75],"card_choices":[{"not_picked":["Beam Cell","Conserve Battery"],"picked":"Auto Shields","floor":1},{"not_picked":["Skim","Cold Snap"],"picked":"Leap","floor":2},{"not_picked":["Streamline","Compile Driver"],"picked":"Redo","floor":4},{"not_picked":["Beam Cell","Steam Power"],"picked":"Self Repair","floor":6},{"not_picked":["Fission","Genetic Algorithm"],"picked":"Stack","floor":8},{"not_picked":["Scrape","Streamline"],"picked":"Stack","floor":10},{"not_picked":["Barrage","Gash"],"picked":"Conserve Battery","floor":11},{"not_picked":["Streamline","Hologram"],"picked":"Turbo","floor":14}],"player_experience":493259,"relics_obtained":[{"floor":6,"key":"Smiling Mask"},{"floor":8,"key":"Dodecahedron"},{"floor":9,"key":"Bottled Tornado"}],"event_choices":[{"event_name":"Golden Idol","player_choice":"Ignored","floor":3,"damage_taken":0},{"event_name":"Scrap Ooze","player_choice":"success","floor":12,"damage_taken":12},{"event_name":"Living Wall","player_choice":"Grow","floor":13,"damage_taken":0}],"is_beta":false,"boss_relics":[],"items_purged_floors":[],"is_endless":true,"potions_floor_spawned":[2,4,6,10],"killed_by":"Hexaghost","ascension_level":0}