{"gold_per_floor":[114,114,131,56,72,72,100,100,100,117,117,146,166,23,23,123,173,186,197,197,48,62,62],"floor_reached":23,"playtime":2298,"items_purged":["Pain"],"score":251,"play_id":"105b0eba-8a89-4f54-9c51-e0f5ca8e98e7","local_time":"20190318004052","is_ascension_mode":false,"campfire_choices":[{"data":"Headbutt","floor":6,"key":"SMITH"},{"data":"Bash","floor":8,"key":"SMITH"},{"data":"Headbutt","floor":11,"key":"SMITH"},{"floor":15,"key":"REST"}],"neow_cost":"PERCENT_DAMAGE","seed_source_timestamp":6294441319166,"circlet_count":0,"master_deck":["Strike_R","Strike_R","Strike_R","Strike_R+1","Strike_R","Defend_R","Defend_R","Defend_R","Defend_R","Bash+1","Armaments","Headbutt+1","Warcry","Headbutt+1","Rupture","Barricade","Body Slam","Feed","Flex","Clothesline","Heavy Blade+1","Pommel Strike"],"relics":["Burning Blood","Shuriken","Pear","Centennial Puzzle","Lantern","Tiny House","Nloth\u0027s Gift","Bronze Scales"],"potions_floor_usage":[10,18],"damage_taken":[{"damage":0,"enemies":"2 Louse","floor":1,"turns":2},{"damage":6,"enemies":"Cultist","floor":3,"turns":3},{"damage":0,"enemies":"Small Slimes","floor":5,"turns":4},{"damage":18,"enemies":"Gremlin Nob","floor":7,"turns":4},{"damage":4,"enemies":"Gremlin Gang","floor":10,"turns":5},{"damage":28,"enemies":"Lagavulin","floor":12,"turns":5},{"damage":13,"enemies":"Large Slime","floor":13,"turns":6},{"damage":27,"enemies":"The Guardian","floor":16,"turns":12},{"damage":31,"enemies":"2 Thieves","floor":18,"turns":5},{"damage":22,"enemies":"Spheric Guardian","floor":19,"turns":4},{"damage":43,"enemies":"Shelled Parasite and Fungi","floor":22,"turns":6},{"damage":44,"enemies":"Gremlin Leader","floor":23,"turns":4}],"seed_played":"3844225695828457689","potions_obtained":[{"floor":3,"key":"GamblersBrew"},{"floor":5,"key":"EssenceOfSteel"},{"floor":7,"key":"GamblersBrew"},{"floor":16,"key":"AttackPotion"},{"floor":17,"key":"FearPotion"}],"is_trial":false,"path_per_floor":["M","?","M","$","M","R","E","R","T","M","R","E","M","$","R","B",null,"M","M","?","$","M","E"],"character_chosen":"IRONCLAD","items_purchased":["Lantern","Bronze Scales"],"campfire_rested":1,"item_purchase_floors":[14,21],"current_hp_per_floor":[78,78,78,78,84,84,72,72,82,84,84,62,55,55,86,65,111,89,73,73,73,36,0],"gold":62,"neow_bonus":"TWENTY_PERCENT_HP_BONUS","is_prod":false,"is_daily":false,"chose_seed":false,"campfire_upgraded":3,"win_rate":0.0,"timestamp":1552869652,"path_taken":["M","?","?","$","M","R","E","R","T","M","R","E","M","$","R","BOSS","M","M","?","$","?","E"],"build_version":"2019-01-23","purchased_purges":1,"victory":false,"max_hp_per_floor":[96,96,96,96,96,96,96,96,106,106,106,106,106,106,106,106,111,114,114,114,114,114,114],"card_choices":[{"not_picked":["Heavy Blade","Twin Strike"],"picked":"Armaments","floor":1},{"not_picked":["Clothesline","Blood for Blood"],"picked":"Headbutt","floor":3},{"not_picked":["Intimidate","Armaments"],"picked":"Warcry","floor":5},{"not_picked":["Armaments","Pommel Strike"],"picked":"Headbutt","floor":7},{"not_picked":["Thunderclap","Uppercut"],"picked":"Rupture","floor":10},{"not_picked":["Berserk","Warcry"],"picked":"Barricade","floor":12},{"not_picked":["Sword Boomerang","Reckless Charge"],"picked":"Body Slam","floor":13},{"not_picked":["Berserk","Juggernaut"],"picked":"Feed","floor":16},{"not_picked":["Heavy Blade","Body Slam"],"picked":"Flex","floor":17},{"not_picked":["Carnage","Twin Strike"],"picked":"Clothesline","floor":18},{"not_picked":["Clothesline","Infernal Blade"],"picked":"Heavy Blade+1","floor":19},{"not_picked":["Thunderclap","Entrench"],"picked":"Pommel Strike","floor":22}],"player_experience":38743,"relics_obtained":[{"floor":7,"key":"Shuriken"},{"floor":9,"key":"Pear"},{"floor":12,"key":"Centennial Puzzle"}],"event_choices":[{"damage_healed":0,"gold_gain":0,"player_choice":"Rummage","damage_taken":0,"relics_obtained":["WarpedTongs"],"max_hp_gain":0,"max_hp_loss":0,"event_name":"Accursed Blacksmith","floor":2,"gold_loss":0,"cards_obtained":["Pain"]},{"damage_healed":0,"gold_gain":0,"player_choice":"Traded Relic","damage_taken":0,"relics_obtained":["Nloth\u0027s Gift"],"max_hp_gain":0,"max_hp_loss":0,"event_name":"N\u0027loth","floor":20,"relics_lost":["WarpedTongs"],"gold_loss":0}],"is_beta":false,"boss_relics":[{"not_picked":["Coffee Dripper","Snecko Eye"],"picked":"Tiny House"}],"items_purged_floors":[4],"is_endless":false,"potions_floor_spawned":[3,5,7,16],"killed_by":"Gremlin Leader","ascension_level":0}