{"gold_per_floor":[111,131,81,94,94,94,94,19,19,19,29,49,49,69,69,170,170,186,206,55,66,66,66,77,77,77,91,91,101,52,52,52,52],"floor_reached":33,"playtime":2597,"items_purged":["Strike_B","Strike_B"],"score":239,"play_id":"49d05555-4156-410c-9664-917717f6d242","local_time":"20180722010430","is_ascension_mode":false,"campfire_choices":[{"data":"Defend_B","floor":6,"key":"SMITH"},{"data":"Zap","floor":10,"key":"SMITH"},{"data":"Dualcast","floor":15,"key":"SMITH"},{"data":"Defend_B","floor":23,"key":"SMITH"},{"data":"Defend_B","floor":25,"key":"SMITH"},{"floor":28,"key":"REST"},{"floor":32,"key":"REST"}],"neow_cost":"NONE","seed_source_timestamp":1910722161104510,"circlet_count":0,"master_deck":["Defend_B+1","Defend_B+1","Defend_B+1","Zap+1","Dualcast+1"],"relics":["Cracked Core","Centennial Puzzle","Pantograph","Velvet Choker","Girya"],"potions_floor_usage":[16,16,21,21,21,29,33],"damage_taken":[{"damage":2,"enemies":"Jaw Worm","floor":1,"turns":5},{"damage":1,"enemies":"2 Louse","floor":2,"turns":2},{"damage":0,"enemies":"Cultist","floor":4,"turns":3},{"damage":0,"enemies":"Looter","floor":11,"turns":3},{"damage":7,"enemies":"Large Slime","floor":12,"turns":5},{"damage":0,"enemies":"2 Fungi Beasts","floor":14,"turns":4},{"damage":64,"enemies":"Slime Boss","floor":16,"turns":16},{"damage":8,"enemies":"Spheric Guardian","floor":18,"turns":5},{"damage":1,"enemies":"Chosen","floor":19,"turns":6},{"damage":23,"enemies":"Sentry and Sphere","floor":21,"turns":10},{"damage":6,"enemies":"Snake Plant","floor":24,"turns":5},{"damage":5,"enemies":"Slaver and Parasite","floor":27,"turns":21},{"damage":43,"enemies":"Chosen and Byrds","floor":29,"turns":9},{"damage":79,"enemies":"Champ","floor":33,"turns":20}],"seed_played":"-8047242953980876388","potions_obtained":[{"floor":1,"key":"SpeedPotion"},{"floor":2,"key":"Regen Potion"},{"floor":12,"key":"Strength Potion"},{"floor":18,"key":"EssenceOfSteel"},{"floor":27,"key":"Explosive Potion"},{"floor":29,"key":"SteroidPotion"}],"is_trial":false,"path_per_floor":["M","M","?","M","?","R","?","$","T","R","M","M","T","M","R","B",null,"M","M","$","M","?","R","M","R","T","M","R","M","$","?","R"],"character_chosen":"DEFECT","items_purchased":["Explosive Potion","AttackPotion"],"campfire_rested":2,"item_purchase_floors":[20,30],"current_hp_per_floor":[73,72,72,72,72,72,72,72,72,72,72,65,65,65,65,11,75,67,66,66,58,58,58,52,52,52,47,69,26,26,26,48,0],"gold":52,"neow_bonus":"REMOVE_CARD","is_prod":false,"is_daily":false,"chose_seed":false,"campfire_upgraded":5,"win_rate":0,"timestamp":1532217870,"path_taken":["M","M","?","M","?","R","?","$","T","R","?","M","?","M","R","BOSS","M","M","$","M","?","R","M","R","T","M","R","?","$","?","R","BOSS"],"build_version":"2018-07-19v2","purchased_purges":2,"victory":false,"max_hp_per_floor":[75,75,75,75,75,75,75,75,75,75,75,75,75,75,75,75,75,75,75,75,75,75,75,75,75,75,75,75,75,75,75,75,75],"card_choices":[{"not_picked":["Aggregate","Storm","Gash"],"picked":"SKIP","floor":1},{"not_picked":["Go for the Eyes","Heatsinks","Rip and Tear"],"picked":"SKIP","floor":2},{"not_picked":["Fusion","Sunder","BootSequence"],"picked":"SKIP","floor":4},{"not_picked":["Melter","Rip and Tear","Gash"],"picked":"SKIP","floor":11},{"not_picked":["Leap","Turbo","Undo"],"picked":"SKIP","floor":12},{"not_picked":["Auto Shields","Streamline","Ball Lightning"],"picked":"SKIP","floor":14},{"not_picked":["Turbo","Barrage","Coolheaded"],"picked":"SKIP","floor":18},{"not_picked":["Turbo","Auto Shields","Sweeping Beam"],"picked":"SKIP","floor":19},{"not_picked":["Glacier","Turbo+1","Heatsinks+1"],"picked":"SKIP","floor":21},{"not_picked":["Sweeping Beam","White Noise+1","FTL"],"picked":"SKIP","floor":24},{"not_picked":["Leap+1","Chaos+1","Streamline"],"picked":"SKIP","floor":27},{"not_picked":["Consume+1","Defragment+1","Sweeping Beam"],"picked":"SKIP","floor":29}],"player_experience":152167,"relics_obtained":[{"floor":9,"key":"Centennial Puzzle"},{"floor":13,"key":"Pantograph"},{"floor":26,"key":"Girya"}],"event_choices":[{"event_name":"The Cleric","player_choice":"Card Removal","floor":3,"damage_taken":0},{"event_name":"Liars Game","player_choice":"disagreed","floor":5,"damage_taken":0},{"event_name":"Dead Adventurer","player_choice":"Searched \u00271\u0027 times","floor":7,"damage_taken":0},{"event_name":"Cursed Tome","player_choice":"Ignored","floor":22,"damage_taken":0},{"event_name":"Bonfire Elementals","player_choice":"BASIC","floor":31,"damage_taken":0}],"is_beta":false,"boss_relics":[{"not_picked":["Runic Dome","Philosopher\u0027s Stone"],"picked":"Velvet Choker"}],"items_purged_floors":[8,20],"is_endless":false,"potions_floor_spawned":[1,2,12,14,18,27,29],"killed_by":"Champ","ascension_level":0}