{"gold_per_floor":[118,3,19,19,38,38,67,92,115,290,304,320,320,320,320,421,421,437,448,267,281,281,281,309,309,336,349,368,381,381,41,41,146,146,157,175,175,108,108,108,128,141,164,175,175],"floor_reached":45,"playtime":3497,"items_purged":[],"score":462,"play_id":"2072be89-6830-4859-a2c1-0896418b42f2","local_time":"20190310061647","is_ascension_mode":false,"campfire_choices":[{"data":"Discovery","floor":6,"key":"SMITH"},{"floor":13,"key":"REST"},{"floor":15,"key":"REST"},{"floor":23,"key":"REST"},{"floor":25,"key":"REST"},{"floor":32,"key":"REST"},{"floor":40,"key":"REST"}],"neow_cost":"NONE","seed_source_timestamp":198594637125006,"circlet_count":0,"master_deck":["Defend_G","Defend_G","Defend_G","Defend_G","Defend_G","Strike_G","Strike_G","Strike_G","Strike_G","Strike_G","Survivor","Neutralize+1","Backflip","Sucker Punch","Discovery+1","Escape Plan","Backflip","Dagger Spray","Dagger Throw","Poisoned Stab","Envenom","Dodge and Roll+1","Footwork","Noxious Fumes","Bouncing Flask","Distraction+1","Dash","Dodge and Roll+1","Calculated Gamble+1","Metamorphosis+1","A Thousand Cuts","Writhe","Catalyst+1","Blur+1","Parasite","Bullet Time+1","Distraction+1"],"relics":["Runic Dome","Odd Mushroom","Blood Vial","Anchor","Lizard Tail","Bronze Scales","Toxic Egg 2","Oddly Smooth Stone","Eternal Feather","Boot"],"potions_floor_usage":[7,8,19,21,28,33,35,41,42],"damage_taken":[{"damage":0,"enemies":"Cultist","floor":1,"turns":4},{"damage":3,"enemies":"2 Louse","floor":3,"turns":3},{"damage":0,"enemies":"Small Slimes","floor":5,"turns":3},{"damage":12,"enemies":"The Mushroom Lair","floor":7,"turns":5},{"damage":37,"enemies":"Lagavulin","floor":8,"turns":11},{"damage":0,"enemies":"Looter","floor":11,"turns":3},{"damage":4,"enemies":"Blue Slaver","floor":12,"turns":3},{"damage":29,"enemies":"The Guardian","floor":16,"turns":13},{"damage":5,"enemies":"Chosen","floor":18,"turns":5},{"damage":24,"enemies":"Spheric Guardian","floor":19,"turns":7},{"damage":11,"enemies":"Shelled Parasite and Fungi","floor":21,"turns":6},{"damage":47,"enemies":"Gremlin Leader","floor":24,"turns":7},{"damage":21,"enemies":"Snake Plant","floor":27,"turns":5},{"damage":8,"enemies":"Centurion and Healer","floor":28,"turns":6},{"damage":13,"enemies":"Shelled Parasite and Fungi","floor":29,"turns":6},{"damage":17,"enemies":"Collector","floor":33,"turns":11},{"damage":22,"enemies":"3 Shapes","floor":35,"turns":5},{"damage":29,"enemies":"Orb Walker","floor":36,"turns":6},{"damage":23,"enemies":"Spire Growth","floor":41,"turns":7},{"damage":20,"enemies":"Writhing Mass","floor":42,"turns":6},{"damage":24,"enemies":"Sphere and 2 Shapes","floor":44,"turns":8},{"damage":10,"enemies":"3 Darklings","floor":45,"turns":1}],"seed_played":"9055125334227751915","potions_obtained":[{"floor":5,"key":"SkillPotion"},{"floor":7,"key":"Block Potion"},{"floor":16,"key":"Block Potion"},{"floor":18,"key":"SpeedPotion"},{"floor":27,"key":"SkillPotion"},{"floor":29,"key":"EssenceOfSteel"},{"floor":33,"key":"PowerPotion"},{"floor":35,"key":"SpeedPotion"},{"floor":41,"key":"SteroidPotion"}],"is_trial":false,"path_per_floor":["M","$","M","$","M","R","?","E","T","?","M","M","R","?","R","B",null,"M","M","$","M","?","R","E","R","T","M","M","M","?","$","R","B",null,"M","M","?","$","?","R","M","M","T","M","M"],"character_chosen":"THE_SILENT","items_purchased":["Sucker Punch","Discovery","Noxious Fumes","Bronze Scales","Oddly Smooth Stone","Metamorphosis+1","Catalyst+1"],"campfire_rested":6,"item_purchase_floors":[2,2,20,20,31,31,38],"current_hp_per_floor":[70,70,67,67,67,67,55,18,18,18,20,18,39,39,60,33,70,65,43,43,34,34,55,10,31,31,12,6,30,53,53,70,53,70,48,21,39,39,39,70,47,29,29,7,0],"gold":175,"neow_bonus":"BOSS_RELIC","is_prod":false,"is_daily":false,"chose_seed":false,"campfire_upgraded":1,"win_rate":0,"timestamp":1552207607,"path_taken":["M","$","?","?","M","R","?","E","T","?","M","M","R","?","R","BOSS","M","M","$","M","?","R","E","R","T","?","M","M","?","$","R","BOSS","M","M","?","$","?","R","M","?","T","M","M"],"build_version":"2019-02-06","purchased_purges":0,"victory":false,"max_hp_per_floor":[70,70,70,70,70,70,70,70,70,70,70,70,70,70,70,70,70,70,70,70,70,70,70,70,70,70,70,70,70,70,70,70,70,70,70,70,70,70,70,70,70,70,70,70,70],"card_choices":[{"not_picked":["PiercingWail","Skewer"],"picked":"Backflip","floor":1},{"not_picked":["PiercingWail","Dodge and Roll"],"picked":"Escape Plan","floor":3},{"not_picked":["Choke","Terror"],"picked":"Backflip","floor":5},{"not_picked":["PiercingWail","Outmaneuver"],"picked":"Dagger Spray","floor":7},{"not_picked":["Prepared","All Out Attack"],"picked":"Dagger Throw","floor":8},{"not_picked":["Slice","Predator"],"picked":"Poisoned Stab","floor":11},{"not_picked":["Cloak And Dagger","Dodge and Roll","Outmaneuver"],"picked":"SKIP","floor":12},{"not_picked":["Night Terror","Adrenaline"],"picked":"Envenom","floor":16},{"not_picked":["Backflip","Cloak And Dagger"],"picked":"Dodge and Roll+1","floor":18},{"not_picked":["Dodge and Roll","Underhanded Strike+1"],"picked":"Footwork","floor":19},{"not_picked":["Underhanded Strike","Dagger Spray"],"picked":"Bouncing Flask","floor":21},{"not_picked":["Tools of the Trade","Cloak And Dagger"],"picked":"Distraction","floor":24},{"not_picked":["Deflect+1","Cloak And Dagger+1"],"picked":"Dash","floor":27},{"not_picked":["PiercingWail+1","Dagger Throw"],"picked":"Dodge and Roll+1","floor":28},{"not_picked":["Cloak And Dagger+1","Slice"],"picked":"Calculated Gamble+1","floor":29},{"not_picked":["Grand Finale","Venomology+1"],"picked":"A Thousand Cuts","floor":33},{"not_picked":["Acrobatics+1","Outmaneuver+1","Choke"],"picked":"SKIP","floor":35},{"not_picked":["Slice+1","Heel Hook+1","Prepared+1"],"picked":"SKIP","floor":36},{"not_picked":["Flechettes+1","Setup+1"],"picked":"Blur+1","floor":41},{"not_picked":["Quick Slash","Sucker Punch+1"],"picked":"Bullet Time+1","floor":42},{"not_picked":["Poisoned Stab+1","PiercingWail+1"],"picked":"Distraction+1","floor":44}],"player_experience":700280,"relics_obtained":[{"floor":7,"key":"Odd Mushroom"},{"floor":8,"key":"Blood Vial"},{"floor":9,"key":"Anchor"},{"floor":24,"key":"Toxic Egg 2"},{"floor":43,"key":"Boot"}],"event_choices":[{"damage_healed":0,"gold_gain":0,"player_choice":"Fought Mushrooms","damage_taken":0,"max_hp_gain":0,"max_hp_loss":0,"event_name":"Mushrooms","floor":7,"gold_loss":0},{"damage_healed":0,"gold_gain":175,"player_choice":"AGREE","damage_taken":0,"max_hp_gain":0,"max_hp_loss":0,"event_name":"Liars Game","floor":10,"gold_loss":0,"cards_obtained":["Doubt"]},{"cards_removed":["Doubt"],"damage_healed":0,"gold_gain":0,"player_choice":"Forget","damage_taken":0,"max_hp_gain":0,"max_hp_loss":0,"event_name":"Living Wall","floor":14,"gold_loss":0},{"damage_healed":0,"gold_gain":0,"player_choice":"Upgraded","damage_taken":0,"max_hp_gain":0,"max_hp_loss":0,"event_name":"Upgrade Shrine","floor":22,"gold_loss":0,"cards_upgraded":["Neutralize"]},{"damage_healed":23,"gold_gain":0,"player_choice":"Heal","damage_taken":0,"max_hp_gain":0,"max_hp_loss":0,"event_name":"The Library","floor":30,"gold_loss":0},{"damage_healed":18,"gold_gain":0,"player_choice":"Writhe","damage_taken":0,"max_hp_gain":0,"max_hp_loss":0,"event_name":"Winding Halls","floor":37,"gold_loss":0,"cards_obtained":["Writhe"]},{"damage_healed":0,"gold_gain":0,"player_choice":"Bought 0 Potions","damage_taken":0,"max_hp_gain":0,"max_hp_loss":0,"event_name":"The Woman in Blue","floor":39,"gold_loss":0}],"is_beta":true,"boss_relics":[{"not_picked":["Runic Pyramid","Cursed Key"],"picked":"Lizard Tail"},{"not_picked":["Black Star","Sozu"],"picked":"Eternal Feather"}],"items_purged_floors":[],"is_endless":false,"potions_floor_spawned":[5,7,16,18,27,29,33,35,41],"killed_by":"3 Darklings","ascension_level":0}