{"gold_per_floor":[114,127,137,65,77,111,111,122,174,186,198,17,17,29,29,128,128,109,123,123,123],"floor_reached":21,"playtime":1209,"items_purged":[],"score":181,"play_id":"f01d82ed-4d0d-492a-8873-336867606976","local_time":"20190325233600","is_ascension_mode":false,"campfire_choices":[{"floor":10,"key":"REST"},{"floor":13,"key":"REST"},{"floor":15,"key":"REST"}],"neow_cost":"NONE","seed_source_timestamp":82644152221761,"circlet_count":0,"master_deck":["Defend_G","Defend_G","Defend_G","Defend_G","Defend_G","Strike_G","Strike_G","Strike_G","Strike_G","Strike_G","Survivor","Neutralize","Expertise","Sucker Punch","Dagger Spray","Dagger Throw","Footwork","Underhanded Strike","Footwork","Deflect","Adrenaline","Acrobatics","Adrenaline","Burst","Dash"],"relics":["Orrery","Matryoshka","Shuriken","MawBank","Smiling Mask","Membership Card","Busted Crown","FossilizedHelix"],"potions_floor_usage":[3,6,18,21],"damage_taken":[{"damage":2,"enemies":"Jaw Worm","floor":1,"turns":4},{"damage":0,"enemies":"Cultist","floor":2,"turns":4},{"damage":5,"enemies":"Small Slimes","floor":3,"turns":3},{"damage":10,"enemies":"Exordium Wildlife","floor":5,"turns":8},{"damage":38,"enemies":"Gremlin Nob","floor":6,"turns":6},{"damage":4,"enemies":"3 Louse","floor":8,"turns":4},{"damage":10,"enemies":"2 Fungi Beasts","floor":14,"turns":4},{"damage":22,"enemies":"The Guardian","floor":16,"turns":19},{"damage":11,"enemies":"2 Thieves","floor":18,"turns":4},{"damage":9,"enemies":"Spheric Guardian","floor":19,"turns":4},{"damage":0,"enemies":"Colosseum Slavers","floor":21,"turns":6},{"damage":64,"enemies":"Colosseum Nobs","floor":21,"turns":6}],"seed_played":"7939050251786572121","potions_obtained":[{"floor":2,"key":"Regen Potion"},{"floor":5,"key":"Weak Potion"},{"floor":8,"key":"Dexterity Potion"},{"floor":18,"key":"Energy Potion"}],"is_trial":false,"path_per_floor":["M","M","M","$","M","E","?","M","T","R","?","$","R","M","R","B",null,"M","M","?","?"],"character_chosen":"THE_SILENT","items_purchased":["Footwork","Membership Card"],"campfire_rested":3,"item_purchase_floors":[4,12],"current_hp_per_floor":[68,68,68,68,58,20,20,16,16,37,30,30,51,41,62,40,70,59,50,50,0],"gold":123,"neow_bonus":"BOSS_RELIC","is_prod":false,"is_daily":false,"chose_seed":false,"campfire_upgraded":0,"win_rate":0,"timestamp":1553565960,"path_taken":["M","M","M","$","M","E","?","?","T","R","?","?","R","M","R","BOSS","M","M","?","?"],"build_version":"2019-03-15","purchased_purges":0,"victory":false,"max_hp_per_floor":[70,70,70,70,70,70,70,70,70,70,70,70,70,70,70,70,70,70,70,70,70],"card_choices":[{"not_picked":["PiercingWail","Blade Dance"],"picked":"Expertise","floor":0},{"not_picked":["Concentrate","Deadly Poison"],"picked":"Sucker Punch","floor":0},{"not_picked":["PiercingWail","Dagger Throw"],"picked":"Dagger Spray","floor":0},{"not_picked":["Cloak And Dagger","Blade Dance"],"picked":"Sucker Punch","floor":0},{"not_picked":["Blade Dance","PiercingWail"],"picked":"Dagger Throw","floor":0},{"not_picked":["Concentrate","Calculated Gamble"],"picked":"Footwork","floor":1},{"not_picked":["Outmaneuver","Deflect"],"picked":"Underhanded Strike","floor":2},{"not_picked":["Phantasmal Killer","Choke","Flechettes"],"picked":"SKIP","floor":3},{"not_picked":["Blade Dance","Dagger Throw","Dagger Spray"],"picked":"SKIP","floor":5},{"not_picked":["Night Terror","Flying Knee"],"picked":"Deflect","floor":6},{"not_picked":["Prepared","Sucker Punch"],"picked":"Acrobatics","floor":8},{"not_picked":["Slice","Dagger Throw"],"picked":"Adrenaline","floor":14},{"not_picked":["Doppelganger","Night Terror"],"picked":"Burst","floor":16},{"not_picked":["Dagger Throw"],"picked":"SKIP","floor":18},{"not_picked":[],"picked":"Dash","floor":19}],"player_experience":770272,"relics_obtained":[{"floor":6,"key":"Matryoshka"},{"floor":9,"key":"Shuriken"},{"floor":9,"key":"MawBank"}],"event_choices":[{"damage_healed":0,"gold_gain":0,"cards_transformed":["Sucker Punch"],"player_choice":"Transformed","damage_taken":0,"max_hp_gain":0,"max_hp_loss":0,"event_name":"Transmorgrifier","floor":7,"gold_loss":0,"cards_obtained":["Adrenaline"]},{"damage_healed":0,"gold_gain":0,"player_choice":"Success","damage_taken":7,"relics_obtained":["Smiling Mask"],"max_hp_gain":0,"max_hp_loss":0,"event_name":"Scrap Ooze","floor":11,"gold_loss":0},{"damage_healed":0,"gold_gain":0,"player_choice":"Opened","damage_taken":0,"relics_obtained":["FossilizedHelix"],"max_hp_gain":0,"max_hp_loss":0,"event_name":"The Mausoleum","floor":20,"gold_loss":0},{"damage_healed":0,"gold_gain":0,"player_choice":"Fight","damage_taken":0,"max_hp_gain":0,"max_hp_loss":0,"event_name":"Colosseum","floor":21,"gold_loss":0},{"damage_healed":0,"gold_gain":0,"player_choice":"Fought Nobs","damage_taken":0,"max_hp_gain":0,"max_hp_loss":0,"event_name":"Colosseum","floor":21,"gold_loss":0}],"is_beta":true,"boss_relics":[{"not_picked":["Runic Pyramid","Black Star"],"picked":"Busted Crown"}],"items_purged_floors":[],"is_endless":false,"potions_floor_spawned":[2,5,8,18,21],"killed_by":"Colosseum Nobs","ascension_level":0}