{"gold_per_floor":[111,127,202,212,231,231,265,278,305,321,321,321,335,335,335,437,437,377,106,21,21,21,21,21,21,21,21,21,21,21,21,21,21],"floor_reached":33,"playtime":2033,"items_purged":[],"score":247,"play_id":"b5a75b2a-1324-4996-9f89-e4f9b2382f32","local_time":"20180916000948","is_ascension_mode":false,"campfire_choices":[{"floor":6,"key":"REST"},{"data":"Prepared","floor":12,"key":"SMITH"},{"floor":15,"key":"REST"},{"floor":23,"key":"REST"},{"data":"Catalyst","floor":27,"key":"SMITH"},{"data":"Well Laid Plans","floor":30,"key":"SMITH"},{"floor":32,"key":"REST"}],"neow_cost":"NONE","seed_source_timestamp":97747731105213,"circlet_count":0,"master_deck":["Defend_G+1","Defend_G+1","Defend_G+1","Defend_G+1","Defend_G+1","Strike_G+1","Strike_G+1","Strike_G+1","Strike_G+1","Survivor","Neutralize","Tactician","All Out Attack","Poisoned Stab","Bouncing Flask","Underhanded Strike","Dagger Spray","Flying Knee","Prepared+1","Well Laid Plans+1","Corpse Explosion","Catalyst+1","Backflip+1","Poisoned Stab+1","Blade Dance+1","Outmaneuver+1"],"relics":["Ring of the Snake","Turnip","Bronze Scales","Toxic Egg 2","Regal Pillow","Vajra","Nloth\u0027s Gift"],"potions_floor_usage":[10,13,16,18,33,33],"damage_taken":[{"damage":0,"enemies":"Cultist","floor":1,"turns":5},{"damage":0,"enemies":"2 Louse","floor":2,"turns":2},{"damage":2,"enemies":"Small Slimes","floor":4,"turns":3},{"damage":9,"enemies":"Blue Slaver","floor":5,"turns":4},{"damage":13,"enemies":"Lagavulin","floor":7,"turns":5},{"damage":0,"enemies":"3 Louse","floor":8,"turns":2},{"damage":0,"enemies":"Large Slime","floor":10,"turns":4},{"damage":0,"enemies":"2 Fungi Beasts","floor":13,"turns":2},{"damage":46,"enemies":"Hexaghost","floor":16,"turns":9},{"damage":11,"enemies":"2 Thieves","floor":18,"turns":4},{"damage":21,"enemies":"Colosseum Slavers","floor":21,"turns":3},{"damage":10,"enemies":"Spheric Guardian","floor":24,"turns":3},{"damage":9,"enemies":"Centurion and Healer","floor":25,"turns":3},{"damage":6,"enemies":"Snake Plant","floor":28,"turns":4},{"damage":75,"enemies":"Automaton","floor":33,"turns":10}],"seed_played":"-235584676841822878","potions_obtained":[{"floor":1,"key":"Dexterity Potion"},{"floor":7,"key":"Explosive Potion"},{"floor":8,"key":"FearPotion"},{"floor":10,"key":"Block Potion"},{"floor":16,"key":"Fire Potion"},{"floor":24,"key":"GamblersBrew"},{"floor":25,"key":"LiquidBronze"}],"is_trial":false,"path_per_floor":["M","M","?","M","M","R","E","M","T","M","?","R","M","?","R","B",null,"M","$","?","?","$","R","M","M","T","R","M","?","R","?","R"],"character_chosen":"THE_SILENT","items_purchased":["Toxic Egg 2","Backflip+1"],"campfire_rested":4,"item_purchase_floors":[19,19],"current_hp_per_floor":[70,70,59,57,48,69,56,56,56,56,56,56,56,42,63,17,70,59,59,59,38,38,70,60,51,51,51,45,45,45,45,70,0],"gold":21,"neow_bonus":"TRANSFORM_CARD","is_prod":false,"is_daily":false,"chose_seed":false,"campfire_upgraded":3,"win_rate":0,"timestamp":1537052988,"path_taken":["M","?","?","M","M","R","E","M","T","M","?","R","M","?","R","BOSS","M","$","?","?","$","R","M","?","T","R","M","?","R","?","R","BOSS"],"build_version":"2018-09-06","purchased_purges":0,"victory":false,"max_hp_per_floor":[70,70,70,70,70,70,70,70,70,70,70,70,70,70,70,70,70,70,70,70,70,70,70,70,70,70,70,70,70,70,70,70,70],"card_choices":[{"not_picked":["Heel Hook","PiercingWail"],"picked":"All Out Attack","floor":1},{"not_picked":["Slice","Heel Hook"],"picked":"Poisoned Stab","floor":2},{"not_picked":["Terror","All Out Attack"],"picked":"Bouncing Flask","floor":4},{"not_picked":["Backflip","Dagger Spray"],"picked":"Underhanded Strike","floor":5},{"not_picked":["Masterful Stab","Riddle With Holes"],"picked":"Dagger Spray","floor":7},{"not_picked":["Tactician","Underhanded Strike"],"picked":"Flying Knee","floor":8},{"not_picked":["Cloak And Dagger","Setup"],"picked":"Prepared","floor":10},{"not_picked":["Prepared","Reflex"],"picked":"Well Laid Plans","floor":13},{"not_picked":["Bullet Time","Tools of the Trade"],"picked":"Corpse Explosion","floor":16},{"not_picked":["Prepared","Eviscerate"],"picked":"Catalyst","floor":18},{"not_picked":["Bane","Deflect+1"],"picked":"Poisoned Stab+1","floor":24},{"not_picked":["Masterful Stab","Choke"],"picked":"Blade Dance+1","floor":25},{"not_picked":["Deflect+1","Flechettes"],"picked":"Outmaneuver+1","floor":28}],"player_experience":533768,"relics_obtained":[{"floor":7,"key":"Turnip"},{"floor":9,"key":"Bronze Scales"},{"floor":26,"key":"Vajra"}],"event_choices":[{"event_name":"World of Goop","player_choice":"Gather Gold","floor":3,"damage_taken":0},{"event_name":"Liars Game","player_choice":"disagreed","floor":11,"damage_taken":0},{"event_name":"Shining Light","player_choice":"Entered Light","floor":14,"damage_taken":0},{"event_name":"Addict","player_choice":"Obtained Relic","floor":20,"damage_taken":0},{"event_name":"Colosseum","player_choice":"Fight","floor":21,"damage_taken":0},{"event_name":"Colosseum","player_choice":"Fled From Nobs","floor":21,"damage_taken":0},{"event_name":"N\u0027loth","player_choice":"Traded a Ectoplasm","floor":29,"damage_taken":0},{"event_name":"Back to Basics","player_choice":"Simplicity","floor":31,"damage_taken":0}],"is_beta":false,"boss_relics":[{"not_picked":["HoveringKite","Lizard Tail"],"picked":"Ectoplasm"}],"items_purged_floors":[],"is_endless":false,"potions_floor_spawned":[1,7,8,10,16,24,25],"killed_by":"Automaton","ascension_level":0}