{"gold_per_floor":[112,130,130,25,45,70,80,113,161,161,178,178,207,218,218,291,291,309,37,55,55,65,95,95,130,130,158,158,158,15,50,50,122,122,133,133,133,41,55,55,81,81,81,111,111,126,126,145,145,145,145,145,145,2,36,36],"floor_reached":56,"playtime":4296,"items_purged":["Strike_B","Strike_B"],"score":2152,"play_id":"0521aed1-60cb-4a7f-a02c-74e6253afa89","local_time":"20190321213407","is_ascension_mode":true,"campfire_choices":[{"floor":10.0,"key":"REST"},{"data":"Strike_B","floor":15.0,"key":"PURGE"},{"floor":24.0,"key":"REST"},{"floor":29.0,"key":"REST"},{"floor":32.0,"key":"DIG"},{"floor":40.0,"key":"DIG"},{"floor":42.0,"key":"REST"},{"floor":45.0,"key":"RECALL"},{"floor":47.0,"key":"DIG"},{"floor":49.0,"key":"DIG"},{"floor":53.0,"key":"DIG"}],"neow_cost":"NONE","seed_source_timestamp":700806257202658,"circlet_count":0,"master_deck":["AscendersBane","Defend_B","Defend_B","Defend_B","Defend_B","Zap","Dualcast","Doom and Gloom+1","Cold Snap","Tempest","Sweeping Beam+1","Loop","Lockon","Biased Cognition","Redo","Glacier","Redo","Seek","Reinforced Body","Multi-Cast","Ghostly","Ghostly","Ghostly","Reinforced Body","Loop+1","Dark Shackles"],"special_seed":0,"relics":["Fusion Hammer","Peace Pipe","Bottled Tornado","Smiling Mask","Pen Nib","Busted Crown","Singing Bowl","Matryoshka","Shovel","PreservedInsect","Strawberry","Omamori","The Courier","Gremlin Horn","Black Star","WarpedTongs","Whetstone","Boot","Ancient Tea Set","Blue Candle","Mercury Hourglass","Pantograph","Darkstone Periapt","Turnip","Pear","DataDisk","Anchor"],"potions_floor_usage":[56],"damage_taken":[{"damage":10.0,"enemies":"2 Louse","floor":1.0,"turns":4.0},{"damage":6.0,"enemies":"Cultist","floor":2.0,"turns":4.0},{"damage":2.0,"enemies":"Jaw Worm","floor":5.0,"turns":3.0},{"damage":6.0,"enemies":"Gremlin Nob","floor":6.0,"turns":3.0},{"damage":11.0,"enemies":"Looter","floor":7.0,"turns":2.0},{"damage":12.0,"enemies":"Lagavulin","floor":8.0,"turns":4.0},{"damage":6.0,"enemies":"Exordium Wildlife","floor":11.0,"turns":2.0},{"damage":0.0,"enemies":"Gremlin Nob","floor":13.0,"turns":2.0},{"damage":0.0,"enemies":"Red Slaver","floor":14.0,"turns":3.0},{"damage":13.0,"enemies":"Hexaghost","floor":16.0,"turns":7.0},{"damage":0.0,"enemies":"Spheric Guardian","floor":18.0,"turns":4.0},{"damage":2.0,"enemies":"Shell Parasite","floor":20.0,"turns":4.0},{"damage":24.0,"enemies":"Centurion and Healer","floor":22.0,"turns":3.0},{"damage":6.0,"enemies":"Book of Stabbing","floor":23.0,"turns":3.0},{"damage":44.0,"enemies":"Gremlin Leader","floor":25.0,"turns":7.0},{"damage":23.0,"enemies":"Book of Stabbing","floor":27.0,"turns":5.0},{"damage":3.0,"enemies":"Slavers","floor":31.0,"turns":4.0},{"damage":14.0,"enemies":"Champ","floor":33.0,"turns":8.0},{"damage":2.0,"enemies":"Orb Walker","floor":35.0,"turns":5.0},{"damage":5.0,"enemies":"3 Darklings","floor":39.0,"turns":4.0},{"damage":11.0,"enemies":"Nemesis","floor":41.0,"turns":5.0},{"damage":0.0,"enemies":"Reptomancer","floor":44.0,"turns":6.0},{"damage":4.0,"enemies":"Writhing Mass","floor":46.0,"turns":7.0},{"damage":0.0,"enemies":"Jaw Worm Horde","floor":48.0,"turns":3.0},{"damage":44.0,"enemies":"Awakened One","floor":50.0,"turns":25.0},{"damage":5.0,"enemies":"Time Eater","floor":51.0,"turns":6.0},{"damage":13.0,"enemies":"Shield and Spear","floor":55.0,"turns":4.0},{"damage":102,"enemies":"The Heart","floor":56,"turns":5}],"seed_played":"4537146257283778959","potions_obtained":[{"floor":1.0,"key":"Poison Potion"},{"floor":7.0,"key":"PowerPotion"},{"floor":11.0,"key":"SneckoOil"},{"floor":13.0,"key":"SpeedPotion"},{"floor":22.0,"key":"Regen Potion"},{"floor":25.0,"key":"Block Potion"},{"floor":39.0,"key":"SteroidPotion"},{"floor":46.0,"key":"Fire Potion"},{"floor":48.0,"key":"GamblersBrew"}],"is_trial":false,"path_per_floor":["M","M","?","$","M","E","M","E","T","R","M","?","E","M","R","B",null,"M","$","M","?","M","E","R","E","T","E","?","R","$","E","R","B",null,"M","?","?","$","M","R","E","R","T","E","R","M","R","M","R","B","B",null,"R","$","E","B"],"character_chosen":"DEFECT","items_purchased":["Sweeping Beam","Loop","Singing Bowl","Weak Potion","Reinforced Body","SkillPotion","Dark Shackles","FocusPotion"],"campfire_rested":4,"item_purchase_floors":[4,4,19,30,30,38,54,54],"current_hp_per_floor":[54,48,48,48,46,40,29,17,17,38,32,32,32,32,32,19,58,58,58,58,58,36,41,64,22,29,8,8,21,21,20,20,8,38,38,38,38,38,35,35,26,42,42,44,44,42,42,42,42,14,34,52,62,62,51,0],"gold":36,"neow_bonus":"BOSS_RELIC","is_prod":false,"is_daily":false,"chose_seed":false,"campfire_upgraded":0,"win_rate":0,"timestamp":1553222047,"path_taken":["M","M","?","$","M","E","?","E","T","R","M","?","E","?","R","BOSS","M","$","M","?","M","E","R","E","T","E","?","R","?","E","R","BOSS","M","?","?","$","M","R","E","R","T","E","R","?","R","M","R","BOSS","BOSS","R","$","E","BOSS"],"build_version":"2019-01-23","purchased_purges":2,"victory":false,"max_hp_per_floor":[71,71,71,71,71,71,71,71,71,71,71,71,71,71,71,71,71,71,71,73,73,75,77,77,79,86,88,44,44,44,46,46,48,48,50,50,50,50,52,52,54,54,54,56,56,58,58,58,58,58,58,58,68,68,70,70],"card_choices":[{"not_picked":["Beam Cell","Barrage"],"picked":"Doom and Gloom","floor":1.0},{"not_picked":["Leap","Go for the Eyes"],"picked":"Cold Snap","floor":2.0},{"not_picked":["Blizzard","Conserve Battery"],"picked":"Lockon","floor":5.0},{"not_picked":["Ball Lightning","Stack"],"picked":"Biased Cognition","floor":6.0},{"not_picked":["Storm","Force Field"],"picked":"Redo","floor":7.0},{"not_picked":["Rebound","Sweeping Beam","Tempest"],"picked":"SKIP","floor":8.0},{"not_picked":["Hello World","Ball Lightning"],"picked":"Glacier","floor":11.0},{"not_picked":["Ball Lightning","Barrage"],"picked":"Seek","floor":13.0},{"not_picked":["Double Energy","Doom and Gloom"],"picked":"Reinforced Body","floor":14.0},{"not_picked":["Hyperbeam","Reboot"],"picked":"Multi-Cast","floor":16.0},{"not_picked":["Steam"],"picked":"SKIP","floor":18.0},{"not_picked":["Sweeping Beam"],"picked":"Singing Bowl","floor":20.0},{"not_picked":["Sweeping Beam"],"picked":"Singing Bowl","floor":22.0},{"not_picked":["Reprogram"],"picked":"Singing Bowl","floor":23.0},{"not_picked":["Turbo+1"],"picked":"Singing Bowl","floor":25.0},{"not_picked":["Electrodynamics"],"picked":"Singing Bowl","floor":27.0},{"not_picked":["Compile Driver"],"picked":"Singing Bowl","floor":31.0},{"not_picked":["All For One"],"picked":"Singing Bowl","floor":33.0},{"not_picked":["Beam Cell"],"picked":"Singing Bowl","floor":35.0},{"not_picked":["Go for the Eyes"],"picked":"Singing Bowl","floor":39.0},{"not_picked":["Go for the Eyes"],"picked":"Singing Bowl","floor":41.0},{"not_picked":["Lockon"],"picked":"Singing Bowl","floor":44.0},{"not_picked":["Cold Snap"],"picked":"Singing Bowl","floor":46.0},{"not_picked":[],"picked":"Loop+1","floor":48.0},{"not_picked":["Go for the Eyes+1"],"picked":"Singing Bowl","floor":55.0}],"player_experience":892703,"relics_obtained":[{"floor":6.0,"key":"Peace Pipe"},{"floor":8.0,"key":"Bottled Tornado"},{"floor":9.0,"key":"Smiling Mask"},{"floor":13.0,"key":"Pen Nib"},{"floor":23.0,"key":"Matryoshka"},{"floor":25.0,"key":"Shovel"},{"floor":26.0,"key":"PreservedInsect"},{"floor":26.0,"key":"Strawberry"},{"floor":27.0,"key":"Omamori"},{"floor":31.0,"key":"The Courier"},{"floor":32.0,"key":"Gremlin Horn"},{"floor":40.0,"key":"Whetstone"},{"floor":41.0,"key":"Boot"},{"floor":41.0,"key":"Ancient Tea Set"},{"floor":43.0,"key":"Blue Candle"},{"floor":44.0,"key":"Mercury Hourglass"},{"floor":44.0,"key":"Pantograph"},{"floor":47.0,"key":"Darkstone Periapt"},{"floor":49.0,"key":"Turnip"},{"floor":53.0,"key":"Pear"},{"floor":55.0,"key":"DataDisk"},{"floor":55.0,"key":"Anchor"}],"event_choices":[{"damage_healed":0.0,"max_hp_gain":0.0,"max_hp_loss":0.0,"gold_gain":0.0,"cards_transformed":["Strike_B"],"event_name":"Transmorgrifier","player_choice":"Transformed","floor":3.0,"gold_loss":0.0,"damage_taken":0.0,"cards_obtained":["Tempest"]},{"damage_healed":0.0,"max_hp_gain":0.0,"max_hp_loss":0.0,"gold_gain":0.0,"event_name":"Match and Keep!","player_choice":"1 cards matched","floor":12.0,"gold_loss":0.0,"damage_taken":0.0,"cards_obtained":["Redo"]},{"damage_healed":0.0,"max_hp_gain":0.0,"max_hp_loss":0.0,"gold_gain":0.0,"event_name":"Cursed Tome","player_choice":"Ignored","floor":21.0,"gold_loss":0.0,"damage_taken":0.0},{"damage_healed":0.0,"max_hp_gain":0.0,"max_hp_loss":44.0,"gold_gain":0.0,"event_name":"Ghosts","player_choice":"Became a Ghost","floor":28.0,"gold_loss":0.0,"damage_taken":0.0,"cards_obtained":["Ghostly","Ghostly","Ghostly"]},{"damage_healed":0.0,"max_hp_gain":0.0,"max_hp_loss":0.0,"gold_gain":0.0,"event_name":"Tomb of Lord Red Mask","player_choice":"Ignored","floor":36.0,"gold_loss":0.0,"damage_taken":0.0},{"damage_healed":0.0,"max_hp_gain":0.0,"max_hp_loss":0.0,"gold_gain":0.0,"event_name":"Accursed Blacksmith","player_choice":"Rummage","floor":37.0,"gold_loss":0.0,"damage_taken":0.0,"relics_obtained":["WarpedTongs"],"cards_obtained":["Pain"]}],"is_beta":false,"boss_relics":[{"not_picked":["Coffee Dripper","Inserter"],"picked":"Busted Crown"},{"not_picked":["Empty Cage","Pandora\u0027s Box"],"picked":"Black Star"}],"items_purged_floors":[30,38],"is_endless":false,"potions_floor_spawned":[1,7,11,13,22,25,31,39,46,48,55],"killed_by":"The Heart","ascension_level":20}