{"gold_per_floor":[14,34,34,34,109,141,141,167,167,167,185,195,45,45,45,143,143,156,81,106,116,127,127,153,153,153,183,183,216,227,260,260,359,359,379,379,379,379,391,391,424,6,6,6,24,52,52,62,62,62],"floor_reached":51,"playtime":5581,"items_purged":["Strike_R"],"score":802,"play_id":"edfe8fbc-38fb-4888-8d56-3786c16a63b3","local_time":"20190327172944","is_ascension_mode":true,"campfire_choices":[{"data":"Flame Barrier","floor":7,"key":"SMITH"},{"data":"Body Slam","floor":10,"key":"SMITH"},{"data":"Clothesline","floor":15,"key":"SMITH"},{"data":"True Grit","floor":23,"key":"SMITH"},{"floor":25,"key":"REST"},{"floor":28,"key":"REST"},{"data":"Demon Form","floor":32,"key":"SMITH"},{"data":"Demon Form","floor":40,"key":"SMITH"},{"data":"Shrug It Off","floor":44,"key":"SMITH"},{"data":"Evolve","floor":47,"key":"SMITH"},{"data":"Heavy Blade","floor":49,"key":"SMITH"}],"neow_cost":"NO_GOLD","seed_source_timestamp":427189829615457,"circlet_count":0,"master_deck":["Strike_R+1","Defend_R","Defend_R+1","Defend_R","Bash","Headbutt","Flame Barrier+1","Metallicize","Sword Boomerang","Whirlwind+1","Body Slam+1","Battle Trance+1","Clothesline+1","Demon Form+1","True Grit+1","Battle Trance+1","Impervious","Flex","Heavy Blade","Disarm","Demon Form+1","Heavy Blade+1","Evolve+1","Shrug It Off+1","Armaments+1","Offering"],"relics":["Burning Blood","Question Card","Darkstone Periapt","Bottled Tornado","Whetstone","Mark of Pain","Red Mask","Potion Belt","Gremlin Horn","PreservedInsect","Singing Bowl","Lantern","Snecko Eye","FossilizedHelix","Bag of Preparation","War Paint","Prayer Wheel","Molten Egg 2"],"potions_floor_usage":[6,16,20,21,30,30,33,33,50,50],"damage_taken":[{"damage":0,"enemies":"Small Slimes","floor":1,"turns":3},{"damage":0,"enemies":"2 Louse","floor":2,"turns":3},{"damage":15,"enemies":"Lagavulin","floor":6,"turns":5},{"damage":28,"enemies":"Gremlin Nob","floor":8,"turns":4},{"damage":0,"enemies":"Jaw Worm","floor":11,"turns":2},{"damage":2,"enemies":"3 Louse","floor":12,"turns":3},{"damage":27,"enemies":"The Guardian","floor":16,"turns":14},{"damage":4,"enemies":"Chosen","floor":18,"turns":5},{"damage":42,"enemies":"Masked Bandits","floor":20,"turns":4},{"damage":16,"enemies":"3 Byrds","floor":21,"turns":4},{"damage":7,"enemies":"Snake Plant","floor":22,"turns":4},{"damage":21,"enemies":"Slavers","floor":24,"turns":7},{"damage":10,"enemies":"Gremlin Leader","floor":27,"turns":6},{"damage":12,"enemies":"Book of Stabbing","floor":29,"turns":4},{"damage":0,"enemies":"3 Cultists","floor":30,"turns":1},{"damage":15,"enemies":"Slavers","floor":31,"turns":3},{"damage":27,"enemies":"Collector","floor":33,"turns":7},{"damage":10,"enemies":"3 Shapes","floor":35,"turns":2},{"damage":0,"enemies":"3 Darklings","floor":39,"turns":3},{"damage":17,"enemies":"Giant Head","floor":41,"turns":6},{"damage":0,"enemies":"Maw","floor":45,"turns":5},{"damage":14,"enemies":"Reptomancer","floor":46,"turns":5},{"damage":0,"enemies":"Sphere and 2 Shapes","floor":48,"turns":4},{"damage":14,"enemies":"Donu and Deca","floor":50,"turns":6}],"seed_played":"4451158096878305805","potions_obtained":[{"floor":1,"key":"Strength Potion"},{"floor":6,"key":"BloodPotion"},{"floor":11,"key":"Regen Potion"},{"floor":12,"key":"AttackPotion"},{"floor":21,"key":"Strength Potion"},{"floor":22,"key":"PowerPotion"},{"floor":27,"key":"Energy Potion"},{"floor":31,"key":"Poison Potion"},{"floor":45,"key":"EssenceOfSteel"},{"floor":48,"key":"Energy Potion"}],"is_trial":false,"path_per_floor":["M","M","?","$","?","E","R","E","T","R","M","M","$","?","R","B",null,"M","?","?","M","M","R","E","R","T","E","R","E","M","E","R","B",null,"M","?","?","?","M","R","E","$","T","R","M","E","R","M","R","B",null],"character_chosen":"IRONCLAD","items_purchased":["Whetstone","Bag of Preparation","War Paint","Shrug It Off"],"campfire_rested":2,"item_purchase_floors":[13,42,42,42],"current_hp_per_floor":[80,80,80,80,69,60,60,38,38,38,44,48,48,74,74,53,86,86,83,55,54,53,53,38,62,62,58,82,76,84,77,77,56,87,83,83,83,83,85,85,74,74,74,74,82,76,76,84,84,76],"gold":62,"neow_bonus":"TRANSFORM_TWO_CARDS","is_prod":false,"is_daily":false,"chose_seed":false,"campfire_upgraded":9,"win_rate":0,"timestamp":1553707784,"path_taken":["M","M","?","$","?","E","R","E","T","R","M","M","?","?","R","BOSS","M","?","?","M","M","R","E","R","T","E","R","E","M","E","R","BOSS","M","?","?","?","M","R","E","$","T","R","?","E","R","M","R","BOSS"],"build_version":"2019-01-23","purchased_purges":1,"victory":true,"max_hp_per_floor":[80,80,80,80,80,80,80,80,80,80,80,80,80,86,86,86,86,86,83,83,83,83,83,83,83,83,83,83,83,85,87,87,87,87,87,87,83,83,85,85,85,85,85,85,87,89,89,91,91,91],"card_choices":[{"not_picked":["Iron Wave","Sever Soul"],"picked":"Metallicize","floor":1},{"not_picked":["Clothesline","Wild Strike"],"picked":"Sword Boomerang","floor":2},{"not_picked":["Armaments","Havoc"],"picked":"Whirlwind","floor":6},{"not_picked":["Rage","Dual Wield","Combust"],"picked":"Body Slam","floor":8},{"not_picked":["Sever Soul","Carnage","Spot Weakness"],"picked":"Battle Trance","floor":11},{"not_picked":["Havoc","Wild Strike","Reckless Charge"],"picked":"Clothesline","floor":12},{"not_picked":["Fiend Fire","Berserk","Dark Embrace"],"picked":"Demon Form","floor":16},{"not_picked":["Perfected Strike+1","Pommel Strike","Sever Soul"],"picked":"True Grit","floor":18},{"not_picked":["Warcry","Pommel Strike","Metallicize"],"picked":"Battle Trance+1","floor":20},{"not_picked":["Rupture","Warcry","Second Wind","Shrug It Off"],"picked":"SKIP","floor":21},{"not_picked":["Twin Strike","Sword Boomerang","Sentinel"],"picked":"Impervious","floor":22},{"not_picked":["Battle Trance+1","Rupture","Burning Pact"],"picked":"Flex","floor":24},{"not_picked":["Sword Boomerang","Body Slam","Wild Strike"],"picked":"Heavy Blade","floor":27},{"not_picked":["Power Through","Dual Wield","Whirlwind"],"picked":"Disarm","floor":29},{"not_picked":["Battle Trance+1","Dual Wield","True Grit","Carnage+1"],"picked":"Singing Bowl","floor":30},{"not_picked":["Uppercut","Metallicize","Entrench+1","Wild Strike"],"picked":"Singing Bowl","floor":31},{"not_picked":["Fiend Fire","Exhume","Offering"],"picked":"Demon Form","floor":33},{"not_picked":["Corruption+1","Anger","True Grit"],"picked":"Heavy Blade","floor":35},{"not_picked":["Havoc","Combust+1","Sentinel","Perfected Strike"],"picked":"Singing Bowl","floor":39},{"not_picked":["Dual Wield","Brutality","Body Slam+1"],"picked":"Evolve","floor":41},{"not_picked":["Body Slam+1","Reckless Charge","Flex","Rupture"],"picked":"Singing Bowl","floor":45},{"not_picked":["Hemokinesis+1","Infernal Blade","Disarm"],"picked":"Armaments+1","floor":45},{"not_picked":["Perfected Strike+1","Entrench","Thunderclap+1","True Grit"],"picked":"Singing Bowl","floor":46},{"not_picked":["Armaments+1","Pommel Strike+1","Havoc"],"picked":"Offering","floor":48},{"not_picked":["True Grit","Havoc","Iron Wave+1","Shrug It Off"],"picked":"Singing Bowl","floor":48}],"player_experience":206988,"relics_obtained":[{"floor":6,"key":"Question Card"},{"floor":8,"key":"Darkstone Periapt"},{"floor":9,"key":"Bottled Tornado"},{"floor":20,"key":"Red Mask"},{"floor":24,"key":"Potion Belt"},{"floor":26,"key":"Gremlin Horn"},{"floor":27,"key":"PreservedInsect"},{"floor":29,"key":"Singing Bowl"},{"floor":31,"key":"Lantern"},{"floor":41,"key":"FossilizedHelix"},{"floor":43,"key":"Prayer Wheel"},{"floor":46,"key":"Molten Egg 2"}],"event_choices":[{"cards_removed":["Strike_R"],"damage_healed":0,"gold_gain":0,"player_choice":"Forget","damage_taken":0,"max_hp_gain":0,"max_hp_loss":0,"event_name":"Living Wall","floor":3,"gold_loss":0},{"damage_healed":0,"gold_gain":75,"player_choice":"Gather Gold","damage_taken":11,"max_hp_gain":0,"max_hp_loss":0,"event_name":"World of Goop","floor":5,"gold_loss":0},{"damage_healed":20,"gold_gain":0,"player_choice":"Healed and dodged fight","damage_taken":0,"max_hp_gain":0,"max_hp_loss":0,"event_name":"Mushrooms","floor":14,"gold_loss":0,"cards_obtained":["Parasite"]},{"cards_removed":["Parasite"],"damage_healed":0,"gold_gain":0,"player_choice":"Gave Gold","damage_taken":0,"max_hp_gain":0,"max_hp_loss":0,"event_name":"Beggar","floor":19,"gold_loss":75},{"damage_healed":0,"gold_gain":0,"player_choice":"Fought Bandits","damage_taken":0,"max_hp_gain":0,"max_hp_loss":0,"event_name":"Masked Bandits","floor":20,"gold_loss":0},{"damage_healed":0,"gold_gain":0,"player_choice":"Ignored","damage_taken":0,"max_hp_gain":0,"max_hp_loss":0,"event_name":"Mysterious Sphere","floor":36,"gold_loss":0},{"damage_healed":0,"gold_gain":0,"player_choice":"Max HP","damage_taken":0,"max_hp_gain":0,"max_hp_loss":4,"event_name":"Winding Halls","floor":37,"gold_loss":0},{"cards_removed":["Defend_R"],"damage_healed":0,"gold_gain":0,"player_choice":"Removed Skill","damage_taken":0,"max_hp_gain":0,"max_hp_loss":0,"event_name":"Falling","floor":38,"gold_loss":0}],"is_beta":false,"boss_relics":[{"not_picked":["Calling Bell","Fusion Hammer"],"picked":"Mark of Pain"},{"not_picked":["Coffee Dripper","Pandora\u0027s Box"],"picked":"Snecko Eye"}],"items_purged_floors":[42],"is_endless":false,"potions_floor_spawned":[1,6,11,12,21,22,27,31,45,48],"ascension_level":1}