{"gold_per_floor":[144,189,234,279,279,279,454,454,454,577,577,0,90,135,135,435,435,480,480,525,570,128,218,263,362,362,407,452,497,497,542,542,842,842,887,43,43,88,88,88,178,28,28,73,163,163,163,85,85,85],"floor_reached":51,"playtime":4761,"items_purged":["Pain","Pain"],"score":1052,"play_id":"1acf69e0-3227-49be-b552-7f8c31694f65","local_time":"20180805033746","daily_mods":["Specialized","Cursed Run","Midas"],"is_ascension_mode":false,"campfire_choices":[{"floor":6,"key":"REST"},{"floor":11,"key":"REST"},{"floor":15,"key":"REST"},{"floor":30,"key":"REST"},{"floor":32,"key":"REST"},{"floor":40,"key":"REST"},{"floor":46,"key":"REST"},{"floor":49,"key":"REST"}],"neow_cost":"","seed_source_timestamp":0,"circlet_count":0,"master_deck":["Strike_B","Strike_B","Strike_B","Defend_B","Defend_B","Defend_B","Defend_B","Zap","Dualcast","Thunder Strike","Thunder Strike","Thunder Strike","Thunder Strike","Thunder Strike","Go for the Eyes","Steam","Creative AI","Storm","Doubt","Clumsy","Reprogram","Apotheosis","Capacitor","Turbo","Hologram","Normality","Buffer","Regret","Normality","Loop+1","Writhe","Sweeping Beam","Undo","Amplify","Defragment","Aggregate","Static Discharge+1","All For One","Static Discharge","Rebound","Steam+1","Regret","BootSequence+1","Static Discharge","Go for the Eyes","Static Discharge+1","Tempest+1","Ball Lightning+1","Chaos+1","Doubt","Turbo+1","Static Discharge","Writhe"],"special_seed":17748,"relics":["Cursed Key","Darkstone Periapt","Du-Vu Doll","Emotion Chip","Anchor","Thread and Needle","Bag of Preparation","Blood Vial","Blue Candle","Calling Bell","Lantern","Meat on the Bone","Nunchaku","Bag of Marbles","Vajra","Boot","Gremlin Horn","Eternal Feather","Sling","Strawberry","Gambling Chip","Torii","Ornamental Fan","Bronze Scales","Incense Burner","Bottled Flame"],"potions_floor_usage":[14,14,20,31,44],"damage_taken":[{"damage":0,"enemies":"2 Louse","floor":1,"turns":3},{"damage":11,"enemies":"Jaw Worm","floor":2,"turns":3},{"damage":4,"enemies":"Cultist","floor":3,"turns":5},{"damage":20,"enemies":"Large Slime","floor":4,"turns":6},{"damage":18,"enemies":"3 Sentries","floor":10,"turns":6},{"damage":0,"enemies":"3 Sentries","floor":13,"turns":7},{"damage":0,"enemies":"2 Fungi Beasts","floor":14,"turns":4},{"damage":24,"enemies":"Slime Boss","floor":16,"turns":6},{"damage":10,"enemies":"Chosen","floor":18,"turns":5},{"damage":35,"enemies":"3 Byrds","floor":20,"turns":3},{"damage":4,"enemies":"Centurion and Healer","floor":21,"turns":6},{"damage":45,"enemies":"Slavers","floor":23,"turns":6},{"damage":17,"enemies":"Snake Plant","floor":24,"turns":5},{"damage":11,"enemies":"Cultist and Chosen","floor":27,"turns":7},{"damage":2,"enemies":"Chosen and Byrds","floor":28,"turns":6},{"damage":19,"enemies":"Slaver and Parasite","floor":29,"turns":4},{"damage":12,"enemies":"Snake Plant","floor":31,"turns":4},{"damage":48,"enemies":"Collector","floor":33,"turns":8},{"damage":7,"enemies":"Flame Bruiser 1 Orb","floor":35,"turns":3},{"damage":17,"enemies":"3 Shapes","floor":38,"turns":3},{"damage":0,"floor":39,"turns":3},{"damage":1,"enemies":"2 Orb Walkers","floor":41,"turns":3},{"damage":13,"enemies":"Transient","floor":44,"turns":5},{"damage":6,"enemies":"Nemesis","floor":45,"turns":6},{"damage":34,"enemies":"Donu and Deca","floor":50,"turns":7}],"seed_played":"5740276892654429722","potions_obtained":[{"floor":1,"key":"SteroidPotion"},{"floor":10,"key":"FearPotion"},{"floor":13,"key":"FearPotion"},{"floor":14,"key":"LiquidBronze"},{"floor":20,"key":"Explosive Potion"},{"floor":28,"key":"LiquidBronze"},{"floor":29,"key":"Weak Potion"},{"floor":31,"key":"SkillPotion"},{"floor":45,"key":"Ancient Potion"}],"is_trial":false,"path_per_floor":["M","M","M","M","?","R","?","?","T","?","R","$","E","M","R","B",null,"M","?","M","M","$","E","M","?","T","M","M","M","R","M","R","B",null,"M","$","?","M","?","R","E","$","T","M","E","R","?","$","R","B"],"character_chosen":"DEFECT","items_purchased":["Apotheosis","Bag of Preparation","Blood Vial","Capacitor","Amplify","Defragment","Vajra","Sling","Strawberry","Gambling Chip","Static Discharge","Go for the Eyes","Bronze Scales","Static Discharge"],"campfire_rested":8,"item_purchase_floors":[12,12,12,12,22,22,22,36,36,36,36,36,42,48],"current_hp_per_floor":[75,64,60,40,65,75,81,63,69,51,77,77,79,81,87,69,111,101,107,74,72,72,41,38,38,44,47,59,54,90,80,116,76,129,122,129,129,114,116,136,135,135,141,129,125,142,142,142,142,114],"gold":85,"neow_bonus":"","is_prod":false,"is_daily":true,"chose_seed":false,"campfire_upgraded":0,"win_rate":0,"timestamp":1533436666,"path_taken":["M","M","M","M","?","R","?","?","T","?","R","$","E","M","R","BOSS","M","?","M","M","$","E","M","?","T","M","M","M","R","M","R","BOSS","M","$","?","M","?","R","E","$","T","M","E","R","?","?","R","BOSS"],"build_version":"2018-08-02","purchased_purges":2,"victory":true,"max_hp_per_floor":[75,75,75,75,75,75,81,81,87,87,87,87,87,87,87,93,111,111,117,117,117,117,117,117,117,123,123,123,123,123,123,123,129,129,129,136,136,136,136,136,136,136,142,142,142,142,142,142,142,148],"card_choices":[{"not_picked":["Compile Driver","Cold Snap"],"picked":"Go for the Eyes","floor":1},{"not_picked":["Rebound","Stack"],"picked":"Steam","floor":2},{"not_picked":["Redo","Leap"],"picked":"Creative AI","floor":3},{"not_picked":["Stack","Defragment"],"picked":"Storm","floor":4},{"not_picked":["Skim","Hologram"],"picked":"Reprogram","floor":10},{"not_picked":["Gash","Fusion"],"picked":"Turbo","floor":13},{"not_picked":["Conserve Battery","Steam"],"picked":"Hologram","floor":14},{"not_picked":["Meteor Strike","Core Surge"],"picked":"Buffer","floor":16},{"not_picked":["Auto Shields","Go for the Eyes"],"picked":"Loop+1","floor":18},{"not_picked":["Glacier","FTL"],"picked":"Sweeping Beam","floor":20},{"not_picked":["Beam Cell+1","Sweeping Beam"],"picked":"Undo","floor":21},{"not_picked":["Scrape","Recycle"],"picked":"Aggregate","floor":23},{"not_picked":["Stack","Barrage"],"picked":"Static Discharge+1","floor":24},{"not_picked":["Rebound","Stack"],"picked":"All For One","floor":27},{"not_picked":["Hologram","Cold Snap"],"picked":"Static Discharge","floor":28},{"not_picked":["Doom and Gloom","Blizzard"],"picked":"Rebound","floor":29},{"not_picked":["Compile Driver","Sweeping Beam"],"picked":"Steam+1","floor":31},{"not_picked":["Rebound","Turbo+1"],"picked":"BootSequence+1","floor":35},{"not_picked":["Ball Lightning","Compile Driver+1"],"picked":"Tempest+1","floor":38},{"not_picked":["Redo","Sunder"],"picked":"Ball Lightning+1","floor":39},{"not_picked":["Auto Shields","Compile Driver"],"picked":"Chaos+1","floor":41},{"not_picked":["Lockon+1","Scrape","Recycle+1"],"picked":"SKIP","floor":44},{"not_picked":["Steam+1","Sunder+1"],"picked":"Turbo+1","floor":45}],"player_experience":287995,"relics_obtained":[{"floor":9,"key":"Anchor"},{"floor":10,"key":"Thread and Needle"},{"floor":13,"key":"Blue Candle"},{"floor":17,"key":"Lantern"},{"floor":17,"key":"Meat on the Bone"},{"floor":17,"key":"Nunchaku"},{"floor":23,"key":"Boot"},{"floor":26,"key":"Gremlin Horn"},{"floor":39,"key":"Torii"},{"floor":41,"key":"Ornamental Fan"},{"floor":43,"key":"Incense Burner"},{"floor":45,"key":"Bottled Flame"}],"event_choices":[{"event_name":"Big Fish","player_choice":"Banana","floor":5,"damage_taken":0},{"event_name":"Liars Game","player_choice":"agreed","floor":7,"damage_taken":0},{"event_name":"Scrap Ooze","player_choice":"success","floor":8,"damage_taken":18},{"event_name":"Dead Adventurer","player_choice":"Searched \u00271\u0027 times","floor":10,"damage_taken":0},{"event_name":"The Mausoleum","player_choice":"Yes","floor":19,"damage_taken":0},{"event_name":"Nest","player_choice":"Stole From Cult","floor":25,"damage_taken":0},{"event_name":"Duplicator","player_choice":"One dupe","floor":37,"damage_taken":0},{"event_name":"MindBloom","player_choice":"Fight","floor":39,"damage_taken":0},{"event_name":"Falling","player_choice":"Removed Attack","floor":47,"damage_taken":0}],"is_beta":false,"boss_relics":[{"not_picked":["Inserter","Busted Crown"],"picked":"Calling Bell"},{"not_picked":["Snecko Eye","Philosopher\u0027s Stone"],"picked":"Eternal Feather"}],"items_purged_floors":[22,36],"is_endless":false,"potions_floor_spawned":[1,10,13,14,20,28,29,31,38,45],"ascension_level":0}