{"gold_per_floor":[114,114,114,114,129,61,76,91,166,181,196,211,226,241,241,341,341,356,371,371,386,401,401,416,431,431,443,470,3,3,3,3,103,103,118,133,35,50,65,95,110,140,140,155,1,1,16,31,31,31],"floor_reached":51,"playtime":6591,"items_purged":["Regret","Regret"],"score":788,"play_id":"392a1829-c1db-4056-8d8f-09ab22a375ef","local_time":"20180723040658","daily_mods":["Brewmaster","Terminal","Vintage"],"is_ascension_mode":false,"campfire_choices":[{"data":"Noxious Fumes","floor":15,"key":"SMITH"},{"data":"Strike_G","floor":23,"key":"SMITH"},{"data":"Strike_G","floor":32,"key":"SMITH"},{"data":"Defend_G","floor":49,"key":"SMITH"}],"neow_cost":"","seed_source_timestamp":0,"circlet_count":0,"master_deck":["Defend_G+1","Defend_G+1","Defend_G+1","Defend_G","Defend_G","Strike_G+1","Strike_G","Strike_G","Strike_G+1","Survivor","Neutralize","Venomology+1","Venomology+1","Venomology","Venomology+1","Bouncing Flask+1","Noxious Fumes+1","Night Terror+1","Dark Shackles+1","Storm of Steel+1","Blind+1","Envenom+1","Bane+1","Deadly Poison+1","Catalyst+1","Blade Dance+1","Bane+1","Backstab+1"],"special_seed":17735,"relics":["Ring of the Snake","White Beast Statue","Toxic Egg 2","FaceOfCleric","Bottled Flame","Centennial Puzzle","Ancient Tea Set","Blue Candle","Oddly Smooth Stone","Juzu Bracelet","Molten Egg 2","Matryoshka","Vajra","Gremlin Horn","Cursed Key","War Paint","Dodecahedron","Happy Flower","Darkstone Periapt","Mummified Hand","Art of War","Pantograph","MawBank","Paper Crane","The Specimen","Frozen Egg 2","Eternal Feather","Orichalcum","Regal Pillow","Boot","Potion Belt","Pear","Ginger","Meat on the Bone","Bronze Scales","The Courier","Bottled Lightning","Smiling Mask","Omamori"],"potions_floor_usage":[7,10,10,11,11,11,11,12,12,14,14,16,16,16,16,18,19,19,21,21,21,21,22,22,22,24,24,24,25,25,25,28,28,33,33,33,33,33,35,35,36,36,38,38,38,40,41,42,42,42,42,42,44,50,50,50,50,50,50,50],"damage_taken":[{"damage":19,"enemies":"Jaw Worm","floor":1,"turns":7},{"damage":0,"enemies":"2 Louse","floor":5,"turns":3},{"damage":0,"enemies":"Cultist","floor":7,"turns":4},{"damage":0,"enemies":"Blue Slaver","floor":8,"turns":4},{"damage":0,"enemies":"Lots of Slimes","floor":10,"turns":3},{"damage":1,"enemies":"2 Fungi Beasts","floor":11,"turns":5},{"damage":0,"enemies":"Looter","floor":12,"turns":3},{"damage":1,"enemies":"Blue Slaver","floor":13,"turns":3},{"damage":0,"enemies":"Lots of Slimes","floor":14,"turns":4},{"damage":2,"enemies":"The Guardian","floor":16,"turns":8},{"damage":0,"enemies":"Chosen","floor":18,"turns":4},{"damage":0,"enemies":"Shell Parasite","floor":19,"turns":6},{"damage":0,"enemies":"Cultist and Chosen","floor":21,"turns":5},{"damage":0,"enemies":"3 Cultists","floor":22,"turns":4},{"damage":6,"enemies":"Snake Plant","floor":24,"turns":3},{"damage":0,"enemies":"Centurion and Healer","floor":25,"turns":5},{"damage":3,"enemies":"Chosen and Byrds","floor":28,"turns":6},{"damage":2,"enemies":"Automaton","floor":33,"turns":8},{"damage":2,"enemies":"Flame Bruiser 1 Orb","floor":35,"turns":6},{"damage":0,"enemies":"Orb Walker","floor":36,"turns":3},{"damage":0,"enemies":"Flame Bruiser 2 Orb","floor":38,"turns":6},{"damage":0,"enemies":"Sphere and 2 Shapes","floor":39,"turns":3},{"damage":6,"enemies":"Giant Head","floor":40,"turns":8},{"damage":0,"enemies":"Transient","floor":41,"turns":4},{"damage":0,"enemies":"Nemesis","floor":42,"turns":7},{"damage":9,"enemies":"4 Shapes","floor":44,"turns":5},{"damage":0,"enemies":"Sphere and 2 Shapes","floor":47,"turns":5},{"damage":0,"enemies":"3 Darklings","floor":48,"turns":4},{"damage":8,"enemies":"Awakened One","floor":50,"turns":11}],"seed_played":"4484180567622836144","potions_obtained":[{"floor":1,"key":"Energy Potion"},{"floor":8,"key":"SteroidPotion"},{"floor":10,"key":"Fire Potion"},{"floor":11,"key":"Energy Potion"},{"floor":16,"key":"PowerPotion"},{"floor":19,"key":"Fire Potion"},{"floor":21,"key":"SteroidPotion"},{"floor":22,"key":"Swift Potion"},{"floor":25,"key":"Weak Potion"},{"floor":28,"key":"SkillPotion"},{"floor":33,"key":"Block Potion"},{"floor":35,"key":"PowerPotion"},{"floor":36,"key":"FairyPotion"},{"floor":38,"key":"GhostInAJar"},{"floor":39,"key":"Energy Potion"},{"floor":40,"key":"FairyPotion"},{"floor":42,"key":"SteroidPotion"}],"is_trial":false,"path_per_floor":["M","?","?","?","M","$","M","M","T","M","M","M","M","M","R","B",null,"M","M","?","M","M","R","M","M","T","?","M","$","?","?","R","B",null,"M","M","$","M","M","E","M","E","T","M","$","?","M","M","R","B"],"character_chosen":"THE_SILENT","items_purchased":["Noxious Fumes","The Specimen","Blind+1","Bane+1","Deadly Poison+1","Bane+1","Backstab+1"],"campfire_rested":0,"item_purchase_floors":[6,29,29,37,37,45,45],"current_hp_per_floor":[50,36,36,36,37,37,38,39,39,40,40,41,41,42,42,41,61,61,61,60,60,60,59,54,55,61,50,48,48,48,48,48,63,63,62,63,62,62,62,67,68,69,75,67,67,67,68,69,74,67],"gold":31,"neow_bonus":"","is_prod":false,"is_daily":true,"chose_seed":false,"campfire_upgraded":4,"win_rate":0,"timestamp":1532315218,"path_taken":["M","?","?","?","M","$","M","?","T","M","M","M","M","M","R","BOSS","M","M","?","M","M","R","M","M","T","?","M","$","?","?","R","BOSS","M","M","$","M","M","E","M","E","T","M","$","?","M","M","R","BOSS"],"build_version":"2018-07-19v2","purchased_purges":2,"victory":true,"max_hp_per_floor":[68,67,66,65,65,64,64,64,63,63,63,63,63,63,62,62,61,61,61,60,60,60,59,59,59,64,68,68,67,66,65,64,64,63,63,63,62,62,62,72,72,72,77,77,76,75,75,75,74,74],"card_choices":[{"not_picked":["Bullet Time+1","Envenom"],"picked":"Night Terror+1","floor":16},{"not_picked":["Storm of Steel+1","After Image"],"picked":"Envenom","floor":33},{"not_picked":["Cloak And Dagger+1","Outmaneuver+1"],"picked":"Catalyst+1","floor":40},{"not_picked":["Poisoned Stab+1","Dagger Throw+1"],"picked":"Blade Dance+1","floor":42}],"player_experience":176390,"relics_obtained":[{"floor":1,"key":"Toxic Egg 2"},{"floor":5,"key":"Bottled Flame"},{"floor":7,"key":"Centennial Puzzle"},{"floor":8,"key":"Ancient Tea Set"},{"floor":9,"key":"Blue Candle"},{"floor":10,"key":"Oddly Smooth Stone"},{"floor":11,"key":"Juzu Bracelet"},{"floor":12,"key":"Molten Egg 2"},{"floor":13,"key":"Matryoshka"},{"floor":14,"key":"Vajra"},{"floor":16,"key":"Gremlin Horn"},{"floor":18,"key":"War Paint"},{"floor":19,"key":"Dodecahedron"},{"floor":21,"key":"Happy Flower"},{"floor":22,"key":"Darkstone Periapt"},{"floor":24,"key":"Mummified Hand"},{"floor":25,"key":"Art of War"},{"floor":26,"key":"Pantograph"},{"floor":26,"key":"MawBank"},{"floor":28,"key":"Paper Crane"},{"floor":33,"key":"Frozen Egg 2"},{"floor":35,"key":"Orichalcum"},{"floor":36,"key":"Regal Pillow"},{"floor":38,"key":"Boot"},{"floor":39,"key":"Potion Belt"},{"floor":40,"key":"Pear"},{"floor":41,"key":"Ginger"},{"floor":42,"key":"Meat on the Bone"},{"floor":43,"key":"Bronze Scales"},{"floor":43,"key":"The Courier"},{"floor":44,"key":"Bottled Lightning"},{"floor":47,"key":"Smiling Mask"},{"floor":48,"key":"Omamori"}],"event_choices":[{"event_name":"Shining Light","player_choice":"Entered Light","floor":2,"damage_taken":0},{"event_name":"FaceTrader","player_choice":"Trade","floor":3,"damage_taken":0},{"event_name":"Living Wall","player_choice":"Change","floor":4,"damage_taken":0},{"event_name":"Match and Keep!","player_choice":"2 cards matched","floor":20,"damage_taken":0},{"event_name":"Forgotten Altar","player_choice":"Shed Blood","floor":27,"damage_taken":0},{"event_name":"Beggar","player_choice":"Ignored","floor":30,"damage_taken":0},{"event_name":"Purifier","player_choice":"One Purge","floor":31,"damage_taken":0},{"event_name":"Upgrade Shrine","player_choice":"Upgraded","floor":46,"damage_taken":0}],"is_beta":false,"boss_relics":[{"not_picked":["Fusion Hammer","Sozu"],"picked":"Cursed Key"},{"not_picked":["Tiny House","Philosopher\u0027s Stone"],"picked":"Eternal Feather"}],"items_purged_floors":[29,45],"is_endless":false,"potions_floor_spawned":[1,5,7,8,10,11,12,13,14,16,18,19,21,22,24,25,28,33,35,36,38,39,40,41,42,44,47,48],"ascension_level":0}