{"gold_per_floor":[359,373,388,405,26,57,57,57,84,84,84,100,114,7,7,109,159,139,139,57,32,32,32,46,46,46,74,74,74,93,105,105,105],"floor_reached":33,"playtime":1456,"items_purged":[],"score":265,"play_id":"d5519b13-dc2a-45a5-a71c-117b572dc049","local_time":"20190319215147","is_ascension_mode":false,"campfire_choices":[{"floor":8,"key":"REST"},{"floor":10,"key":"RECALL"},{"floor":15,"key":"REST"},{"data":"Entrench","floor":23,"key":"SMITH"},{"floor":25,"key":"REST"},{"floor":28,"key":"REST"},{"floor":32,"key":"REST"}],"neow_cost":"PERCENT_DAMAGE","seed_source_timestamp":570232243938476,"circlet_count":0,"master_deck":["Strike_R","Strike_R+1","Strike_R","Strike_R","Strike_R","Defend_R","Defend_R","Defend_R","Defend_R","Bash","Pommel Strike+1","Power Through","Feel No Pain","Seeing Red","Spot Weakness","Inflame","Infernal Blade+1","Heavy Blade","Impervious","Shrug It Off","Cleave","Blind","Heavy Blade","Entrench+1","Pummel+1","Shrug It Off+1","Rampage","Demon Form","True Grit+1","Shockwave+1"],"relics":["Burning Blood","PreservedInsect","Dream Catcher","Happy Flower","Tiny House","The Courier","Anchor","Nilry\u0027s Codex"],"potions_floor_usage":[4,6,12,13,18,27,30],"damage_taken":[{"damage":6,"enemies":"Cultist","floor":1,"turns":3},{"damage":11,"enemies":"Jaw Worm","floor":2,"turns":5},{"damage":0,"enemies":"Small Slimes","floor":3,"turns":3},{"damage":42,"enemies":"Exordium Thugs","floor":4,"turns":8},{"damage":3,"enemies":"Gremlin Nob","floor":6,"turns":3},{"damage":0,"enemies":"Looter","floor":12,"turns":3},{"damage":12,"enemies":"3 Louse","floor":13,"turns":3},{"damage":67,"enemies":"The Guardian","floor":16,"turns":14},{"damage":20,"enemies":"2 Thieves","floor":18,"turns":4},{"damage":18,"enemies":"Shell Parasite","floor":24,"turns":8},{"damage":45,"enemies":"Slavers","floor":27,"turns":6},{"damage":16,"enemies":"Cultist and Chosen","floor":30,"turns":5},{"damage":35,"enemies":"Sentry and Sphere","floor":31,"turns":9},{"damage":43,"enemies":"Automaton","floor":33,"turns":10}],"seed_played":"5760309226914841775","potions_obtained":[{"floor":3,"key":"Block Potion"},{"floor":4,"key":"FearPotion"},{"floor":6,"key":"Swift Potion"},{"floor":12,"key":"Poison Potion"},{"floor":17,"key":"SpeedPotion"},{"floor":18,"key":"SteroidPotion"},{"floor":27,"key":"Swift Potion"}],"is_trial":false,"path_per_floor":["M","M","M","M","$","E","?","R","T","R","$","M","M","$","R","B",null,"M","?","$","$","?","R","M","R","T","E","R","?","M","M","R","B"],"character_chosen":"IRONCLAD","items_purchased":["Feel No Pain","PreservedInsect","Dream Catcher","Inflame","Infernal Blade","Blind","Heavy Blade"],"campfire_rested":5,"item_purchase_floors":[5,5,5,14,14,20,21],"current_hp_per_floor":[56,51,57,21,21,24,24,48,48,48,48,54,48,48,72,11,85,71,71,71,71,71,71,59,84,84,45,70,54,44,15,40,0],"gold":105,"neow_bonus":"TWO_FIFTY_GOLD","is_prod":false,"is_daily":false,"chose_seed":false,"campfire_upgraded":1,"win_rate":0,"timestamp":1553041307,"path_taken":["M","?","M","M","$","E","?","R","T","R","$","M","M","$","R","BOSS","M","?","?","$","?","R","?","R","T","E","R","?","M","M","R","BOSS"],"build_version":"2019-03-15","purchased_purges":0,"victory":false,"max_hp_per_floor":[80,80,80,80,80,80,80,80,80,80,80,80,80,80,80,80,85,85,85,85,85,85,85,85,85,85,85,85,85,85,85,85,85],"card_choices":[{"not_picked":["Flex","Anger","Clothesline"],"picked":"SKIP","floor":1},{"not_picked":["Clash","Dual Wield"],"picked":"Pommel Strike","floor":2},{"not_picked":["Heavy Blade","Evolve"],"picked":"Power Through","floor":3},{"not_picked":["Clash","Entrench","Blood for Blood"],"picked":"SKIP","floor":4},{"not_picked":["Sentinel","Dropkick"],"picked":"Ghostly Armor","floor":6},{"not_picked":["Perfected Strike","Twin Strike"],"picked":"Seeing Red","floor":12},{"not_picked":["Pommel Strike","Sentinel"],"picked":"Spot Weakness","floor":13},{"not_picked":["Ghostly Armor","Armaments"],"picked":"Heavy Blade","floor":15},{"not_picked":["Berserk","Limit Break"],"picked":"Impervious","floor":16},{"not_picked":["Inflame","Warcry"],"picked":"Shrug It Off","floor":17},{"not_picked":["Rupture","Thunderclap"],"picked":"Cleave","floor":18},{"not_picked":["Twin Strike+1","True Grit"],"picked":"Pummel+1","floor":24},{"not_picked":["Infernal Blade","Rampage"],"picked":"Shrug It Off+1","floor":25},{"not_picked":["Pommel Strike","True Grit","Carnage"],"picked":"SKIP","floor":27},{"not_picked":["Warcry","Clothesline"],"picked":"Rampage","floor":28},{"not_picked":["Feel No Pain","Warcry+1"],"picked":"Demon Form","floor":30},{"not_picked":["Pommel Strike","Wild Strike+1"],"picked":"True Grit+1","floor":31},{"not_picked":["Intimidate+1","Havoc"],"picked":"Shockwave+1","floor":32}],"player_experience":734869,"relics_obtained":[{"floor":6,"key":"Happy Flower"},{"floor":26,"key":"The Courier"},{"floor":27,"key":"Anchor"},{"floor":29,"key":"Nilry\u0027s Codex"}],"event_choices":[{"damage_healed":0,"gold_gain":0,"player_choice":"Grow","damage_taken":0,"max_hp_gain":0,"max_hp_loss":0,"event_name":"Living Wall","floor":7,"gold_loss":0,"cards_upgraded":["Pommel Strike"]},{"damage_healed":0,"gold_gain":0,"player_choice":"Upgraded","damage_taken":0,"max_hp_gain":0,"max_hp_loss":0,"event_name":"Upgrade Shrine","floor":19,"gold_loss":0,"cards_upgraded":["Infernal Blade"]},{"cards_removed":["Ghostly Armor"],"damage_healed":0,"gold_gain":0,"player_choice":"Took Card","damage_taken":0,"max_hp_gain":0,"max_hp_loss":0,"event_name":"NoteForYourself","floor":22,"gold_loss":0,"cards_obtained":["Entrench"]},{"damage_healed":0,"gold_gain":0,"player_choice":"Obtained Book","damage_taken":16,"max_hp_gain":0,"max_hp_loss":0,"event_name":"Cursed Tome","floor":29,"gold_loss":0}],"is_beta":true,"boss_relics":[{"not_picked":["Eternal Feather","Black Star"],"picked":"Tiny House"}],"items_purged_floors":[],"is_endless":false,"potions_floor_spawned":[3,4,6,12,18,27],"killed_by":"Automaton","ascension_level":0}