{"gold_per_floor":[119,69,169,49,59,59,71,89,137,155,155,155,155,185,185,286,286,286,286,138,138,138,138,138,138,138,138,138,138,138,138,138,138,138,138,138,138,138,138,138,138,0,0,0,0,0,0,0,0,0],"floor_reached":50,"playtime":1191,"items_purged":["Defend_R","Defend_R"],"score":457,"play_id":"5deac05c-2100-458d-8cf9-04f0665b3cd6","local_time":"20190329194923","is_ascension_mode":false,"campfire_choices":[{"data":"Perfected Strike","floor":6,"key":"SMITH"},{"data":"Flex","floor":11,"key":"SMITH"},{"data":"Ghostly Armor","floor":13,"key":"SMITH"},{"data":"Shrug It Off","floor":15,"key":"SMITH"},{"data":"Perfected Strike","floor":23,"key":"SMITH"},{"data":"Pommel Strike","floor":25,"key":"SMITH"},{"data":"Bash","floor":30,"key":"SMITH"},{"data":"Whirlwind","floor":32,"key":"SMITH"},{"floor":40,"key":"REST"},{"floor":49,"key":"REST"}],"neow_cost":"NONE","seed_source_timestamp":536516798777815,"circlet_count":0,"master_deck":["Strike_R+1","Strike_R+1","Strike_R+1","Strike_R+1","Strike_R+1","Defend_R+1","Bash+1","Perfected Strike+1","Shrug It Off+1","Shrug It Off+1","Ghostly Armor+1","Flex+1","Limit Break+1","Spot Weakness+1","Flex+1","Pommel Strike+1","Perfected Strike+1","Metallicize+1","Whirlwind+1","Impervious+1","Twin Strike+1"],"relics":["Lizard Tail","Blood Vial","Toxic Egg 2","PreservedInsect","Ectoplasm","Charon\u0027s Ashes","Runic Pyramid","Mark of the Bloom","Orichalcum","Red Mask","Ornamental Fan"],"potions_floor_usage":[16,33,33,36,45,48,50],"damage_taken":[{"damage":0,"enemies":"2 Louse","floor":1,"turns":3},{"damage":0,"enemies":"Cultist","floor":5,"turns":3},{"damage":5,"enemies":"Jaw Worm","floor":7,"turns":3},{"damage":0,"enemies":"2 Fungi Beasts","floor":8,"turns":3},{"damage":0,"enemies":"Exordium Thugs","floor":10,"turns":5},{"damage":116,"enemies":"Hexaghost","floor":16,"turns":15},{"damage":0,"enemies":"Chosen","floor":18,"turns":4},{"damage":5,"enemies":"Spheric Guardian","floor":22,"turns":4},{"damage":15,"enemies":"Centurion and Healer","floor":24,"turns":4},{"damage":2,"enemies":"3 Cultists","floor":29,"turns":5},{"damage":0,"enemies":"Snake Plant","floor":31,"turns":2},{"damage":60,"enemies":"Automaton","floor":33,"turns":7},{"damage":18,"enemies":"3 Darklings","floor":35,"turns":4},{"damage":0,"enemies":"Orb Walker","floor":36,"turns":3},{"damage":0,"enemies":"Transient","floor":37,"turns":5},{"damage":41,"enemies":"Spire Growth","floor":45,"turns":4},{"damage":23,"enemies":"4 Shapes","floor":46,"turns":5},{"damage":0,"enemies":"Transient","floor":48,"turns":5},{"damage":7,"enemies":"Donu and Deca","floor":50,"turns":3}],"seed_played":"902130736179543835","potions_obtained":[{"floor":7,"key":"BloodPotion"},{"floor":8,"key":"SpeedPotion"},{"floor":18,"key":"Weak Potion"},{"floor":29,"key":"BloodPotion"},{"floor":33,"key":"Energy Potion"},{"floor":46,"key":"SneckoOil"},{"floor":48,"key":"BloodPotion"}],"is_trial":false,"path_per_floor":["M","?","?","$","M","R","M","M","T","M","R","T","R","?","R","B",null,"M","?","$","?","M","R","M","R","T","?","?","M","R","M","R","B",null,"M","M","M","?","?","R","T","?","T","$","M","M","$","M","R","B"],"character_chosen":"IRONCLAD","items_purchased":["Shrug It Off","Flex+1"],"campfire_rested":2,"item_purchase_floors":[4,20],"current_hp_per_floor":[80,80,80,80,80,80,75,75,75,77,77,77,77,77,77,14,80,80,80,80,80,75,75,62,62,62,62,62,62,62,64,64,6,80,62,64,66,66,66,66,66,66,66,66,25,2,2,2,2,0],"gold":0,"neow_bonus":"BOSS_RELIC","is_prod":false,"is_daily":false,"chose_seed":false,"campfire_upgraded":8,"win_rate":0,"timestamp":1553906963,"path_taken":["M","?","?","$","?","R","?","M","T","M","R","?","R","?","R","BOSS","M","?","$","?","M","R","M","R","T","?","?","M","R","M","R","BOSS","M","M","?","?","?","R","?","?","T","?","?","M","$","M","R","BOSS"],"build_version":"2019-01-23","purchased_purges":2,"victory":false,"max_hp_per_floor":[80,80,80,80,80,80,80,80,80,80,80,80,80,80,80,80,80,80,80,80,80,80,80,80,80,80,80,80,80,80,80,80,80,80,80,80,80,80,76,76,76,76,76,76,76,76,76,76,76,76],"card_choices":[{"not_picked":["Evolve","Clothesline"],"picked":"Perfected Strike","floor":1},{"not_picked":["Armaments","Body Slam"],"picked":"Shrug It Off","floor":5},{"not_picked":["Hemokinesis","Iron Wave","Power Through"],"picked":"SKIP","floor":7},{"not_picked":["Carnage","Iron Wave"],"picked":"Ghostly Armor","floor":8},{"not_picked":["Reckless Charge","Battle Trance"],"picked":"Flex","floor":10},{"not_picked":["Immolate","Reaper"],"picked":"Limit Break+1","floor":16},{"not_picked":["Entrench+1","Bloodletting+1"],"picked":"Spot Weakness+1","floor":18},{"not_picked":["Twin Strike","Iron Wave"],"picked":"Perfected Strike","floor":22},{"not_picked":["Headbutt+1","Evolve","True Grit+1"],"picked":"SKIP","floor":24},{"not_picked":["Burning Pact+1","Blood for Blood"],"picked":"Metallicize+1","floor":29},{"not_picked":["Rupture+1","Combust"],"picked":"Whirlwind","floor":31},{"not_picked":["Barricade","Feed"],"picked":"Impervious+1","floor":33},{"not_picked":["Reckless Charge","Shockwave+1"],"picked":"Twin Strike","floor":35},{"not_picked":["Havoc+1","Body Slam+1","Corruption"],"picked":"SKIP","floor":36},{"not_picked":["Armaments+1","Fire Breathing","Shrug It Off+1"],"picked":"SKIP","floor":37},{"not_picked":["Hemokinesis","Flame Barrier+1","Entrench+1"],"picked":"SKIP","floor":45},{"not_picked":["Dual Wield+1","Cleave+1","Body Slam"],"picked":"SKIP","floor":46},{"not_picked":["Second Wind+1","Clothesline+1","Sentinel+1"],"picked":"SKIP","floor":48}],"player_experience":809656,"relics_obtained":[{"floor":9,"key":"Blood Vial"},{"floor":12,"key":"Toxic Egg 2"},{"floor":26,"key":"Charon\u0027s Ashes"},{"floor":41,"key":"Orichalcum"},{"floor":43,"key":"Ornamental Fan"}],"event_choices":[{"cards_removed":["Defend_R"],"damage_healed":0,"gold_gain":0,"player_choice":"Card Removal","damage_taken":0,"max_hp_gain":0,"max_hp_loss":0,"event_name":"The Cleric","floor":2,"gold_loss":50},{"damage_healed":0,"gold_gain":100,"player_choice":"Pray","damage_taken":0,"max_hp_gain":0,"max_hp_loss":0,"event_name":"Golden Shrine","floor":3,"gold_loss":0},{"damage_healed":0,"gold_gain":30,"player_choice":"Searched \u00273\u0027 times","damage_taken":0,"relics_obtained":["PreservedInsect"],"max_hp_gain":0,"max_hp_loss":0,"event_name":"Dead Adventurer","floor":14,"gold_loss":0},{"damage_healed":0,"gold_gain":0,"player_choice":"Ignored","damage_taken":0,"max_hp_gain":0,"max_hp_loss":0,"event_name":"Cursed Tome","floor":19,"gold_loss":0},{"damage_healed":0,"gold_gain":0,"player_choice":"Read","damage_taken":0,"max_hp_gain":0,"max_hp_loss":0,"event_name":"The Library","floor":21,"gold_loss":0,"cards_obtained":["Pommel Strike"]},{"damage_healed":0,"gold_gain":0,"player_choice":"Ignored","damage_taken":0,"max_hp_gain":0,"max_hp_loss":0,"event_name":"Ghosts","floor":27,"gold_loss":0},{"damage_healed":0,"gold_gain":0,"player_choice":"Upgraded","damage_taken":0,"max_hp_gain":0,"max_hp_loss":0,"event_name":"Upgrade Shrine","floor":28,"gold_loss":0,"cards_upgraded":["Shrug It Off"]},{"damage_healed":0,"gold_gain":0,"player_choice":"Upgrade","damage_taken":0,"relics_obtained":["Mark of the Bloom"],"max_hp_gain":0,"max_hp_loss":0,"event_name":"MindBloom","floor":38,"gold_loss":0,"cards_upgraded":["Strike_R","Strike_R","Strike_R","Strike_R","Strike_R","Defend_R","Twin Strike"]},{"damage_healed":0,"gold_gain":0,"player_choice":"Max HP","damage_taken":0,"max_hp_gain":0,"max_hp_loss":4,"event_name":"Winding Halls","floor":39,"gold_loss":0},{"damage_healed":0,"gold_gain":0,"player_choice":"Paid","damage_taken":0,"relics_obtained":["Red Mask"],"max_hp_gain":0,"max_hp_loss":0,"event_name":"Tomb of Lord Red Mask","floor":42,"gold_loss":138}],"is_beta":false,"boss_relics":[{"not_picked":["Calling Bell","Tiny House"],"picked":"Ectoplasm"},{"not_picked":["Black Star","Velvet Choker"],"picked":"Runic Pyramid"}],"items_purged_floors":[4,20],"is_endless":false,"potions_floor_spawned":[7,8,18,29,33,46,48],"killed_by":"Donu and Deca","ascension_level":0}