{"gold_per_floor":[137,137,175,140,140,140,215,253,253,0,38,38,38,63,63,63],"floor_reached":16,"playtime":940,"items_purged":[],"score":98,"play_id":"f1403e14-8576-4e94-ac59-61139cab49d3","local_time":"20181029205301","daily_mods":["Heirloom","Diverse","MonsterHunter"],"is_ascension_mode":false,"campfire_choices":[{"data":"Neutralize","floor":6,"key":"SMITH"},{"data":"Noxious Fumes","floor":13,"key":"SMITH"},{"floor":15,"key":"REST"}],"neow_cost":"","seed_source_timestamp":0,"circlet_count":0,"master_deck":["Defend_G","Defend_G","Defend_G","Defend_G","Defend_G","Strike_G","Strike_G","Strike_G","Strike_G","Strike_G","Survivor","Neutralize+1","Noxious Fumes+1","Rebound","Warcry","Underhanded Strike","Dagger Spray","Darkness","Conserve Battery"],"special_seed":17833,"relics":["Ring of the Snake","Peace Pipe","Bottled Tornado","Centennial Puzzle","Anchor","Kunai","Juzu Bracelet","Blood Vial"],"potions_floor_usage":[16,16],"damage_taken":[{"damage":16,"enemies":"Cultist","floor":1,"turns":6},{"damage":2,"enemies":"Small Slimes","floor":3,"turns":5},{"damage":45,"enemies":"Gremlin Nob","floor":7,"turns":7},{"damage":0,"enemies":"2 Louse","floor":8,"turns":4},{"damage":0,"enemies":"Lots of Slimes","floor":11,"turns":5},{"damage":70,"enemies":"Slime Boss","floor":16,"turns":14}],"seed_played":"-1143866258771799124","potions_obtained":[{"floor":7,"key":"Dexterity Potion"},{"floor":8,"key":"Energy Potion"}],"is_trial":false,"path_per_floor":["M","T","M","?","?","R","E","M","T","$","M","?","R","T","R"],"character_chosen":"THE_SILENT","items_purchased":["Dagger Spray","Juzu Bracelet","Darkness"],"campfire_rested":1,"item_purchase_floors":[10,10,10],"current_hp_per_floor":[54,54,52,69,66,66,21,21,21,21,21,44,44,44,65,0],"gold":63,"neow_bonus":"","is_prod":false,"is_daily":true,"chose_seed":false,"campfire_upgraded":2,"win_rate":0,"timestamp":1540846381,"path_taken":["M","?","M","?","?","R","E","M","T","$","M","?","R","?","R","BOSS"],"build_version":"2018-10-25v2","purchased_purges":0,"victory":false,"max_hp_per_floor":[70,70,70,70,70,70,70,70,70,70,70,70,70,70,70,70],"card_choices":[{"not_picked":["Clash","Compile Driver"],"picked":"Noxious Fumes","floor":1},{"not_picked":["Sentinel","Dodge and Roll"],"picked":"Rebound","floor":3},{"not_picked":["Bloodletting","Defragment"],"picked":"Warcry","floor":7},{"not_picked":["Cloak And Dagger","Capacitor"],"picked":"Underhanded Strike","floor":8},{"not_picked":["Catalyst","Outmaneuver"],"picked":"Conserve Battery","floor":11}],"player_experience":648531,"relics_obtained":[{"floor":2,"key":"Bottled Tornado"},{"floor":7,"key":"Anchor"},{"floor":9,"key":"Kunai"},{"floor":14,"key":"Blood Vial"}],"event_choices":[{"damage_healed":17,"gold_gain":0,"player_choice":"Healed","damage_taken":0,"max_hp_gain":0,"max_hp_loss":0,"event_name":"The Cleric","floor":4,"gold_loss":35},{"damage_healed":0,"gold_gain":0,"player_choice":"Success","damage_taken":3,"relics_obtained":["Centennial Puzzle"],"max_hp_gain":0,"max_hp_loss":0,"event_name":"Scrap Ooze","floor":5,"gold_loss":0},{"damage_healed":23,"gold_gain":0,"player_choice":"Banana","damage_taken":0,"max_hp_gain":0,"max_hp_loss":0,"event_name":"Big Fish","floor":12,"gold_loss":0}],"is_beta":false,"boss_relics":[],"items_purged_floors":[],"is_endless":false,"potions_floor_spawned":[7,8],"killed_by":"Slime Boss","ascension_level":0}