{"gold_per_floor":[109,59,8,8,8,8,21,37,37,37,57,57,71,71,71,172,172,187,202,202,202],"floor_reached":21,"playtime":1338,"items_purged":[],"score":169,"play_id":"7cd35361-0fb4-432f-a95f-c5a295300999","local_time":"20180721085932","is_ascension_mode":false,"campfire_choices":[{"data":"Dualcast","floor":6,"key":"SMITH"},{"data":"Defend_B","floor":10,"key":"SMITH"},{"data":"Defend_B","floor":12,"key":"SMITH"},{"floor":15,"key":"REST"}],"neow_cost":"NONE","seed_source_timestamp":1854083717471483,"circlet_count":0,"master_deck":["Strike_B","Strike_B","Defend_B+1","Defend_B+1","Defend_B","Defend_B","Zap+1","Dualcast+1","Necronomicurse"],"relics":["Cracked Core","Pear","Boot","Busted Crown","Necronomicon"],"potions_floor_usage":[16,16,16,21],"damage_taken":[{"damage":0,"enemies":"Cultist","floor":1,"turns":3},{"damage":1,"enemies":"Jaw Worm","floor":7,"turns":3},{"damage":0,"enemies":"2 Louse","floor":8,"turns":2},{"damage":5,"enemies":"Exordium Thugs","floor":11,"turns":5},{"damage":0,"enemies":"Red Slaver","floor":13,"turns":3},{"damage":40,"enemies":"The Guardian","floor":16,"turns":18},{"damage":8,"enemies":"Shell Parasite","floor":18,"turns":12},{"damage":8,"enemies":"Spheric Guardian","floor":19,"turns":4},{"damage":54,"enemies":"Cultist and Chosen","floor":21,"turns":6}],"seed_played":"4477851792565702368","potions_obtained":[{"floor":1,"key":"PowerPotion"},{"floor":8,"key":"Swift Potion"},{"floor":16,"key":"Swift Potion"}],"is_trial":false,"path_per_floor":["M","?","$","?","$","R","M","M","T","R","M","R","M","?","R","B",null,"M","M","?"],"character_chosen":"DEFECT","items_purchased":["SkillPotion"],"campfire_rested":1,"item_purchase_floors":[3],"current_hp_per_floor":[75,75,75,68,68,68,67,67,77,77,72,72,72,47,72,32,85,77,69,53,0],"gold":202,"neow_bonus":"UPGRADE_CARD","is_prod":false,"is_daily":false,"chose_seed":false,"campfire_upgraded":3,"win_rate":0,"timestamp":1532159972,"path_taken":["M","?","$","?","$","R","M","M","T","R","?","R","M","?","R","BOSS","M","M","?","M"],"build_version":"2018-07-19v2","purchased_purges":0,"victory":false,"max_hp_per_floor":[75,75,75,75,75,75,75,75,85,85,85,85,85,85,85,85,85,85,85,85,85],"card_choices":[{"not_picked":["Redo","Hologram","Turbo"],"picked":"SKIP","floor":1},{"not_picked":["Ball Lightning","Redo","Capacitor"],"picked":"SKIP","floor":7},{"not_picked":["Melter","Stack","Steam Power"],"picked":"SKIP","floor":8},{"not_picked":["Ball Lightning","FTL","Compile Driver"],"picked":"SKIP","floor":11},{"not_picked":["Cold Snap","Storm","Multi-Cast"],"picked":"SKIP","floor":13},{"not_picked":["Sweeping Beam"],"picked":"SKIP","floor":18},{"not_picked":["Hologram"],"picked":"SKIP","floor":19}],"player_experience":141849,"relics_obtained":[{"floor":9,"key":"Pear"},{"floor":20,"key":"Necronomicon"}],"event_choices":[{"event_name":"The Cleric","player_choice":"Card Removal","floor":2,"damage_taken":0},{"event_name":"Golden Wing","player_choice":"Card Removal","floor":4,"damage_taken":0},{"event_name":"Scrap Ooze","player_choice":"success","floor":14,"damage_taken":25},{"event_name":"Cursed Tome","player_choice":"Obtained Book","floor":20,"damage_taken":0}],"is_beta":false,"boss_relics":[{"not_picked":["Empty Cage","Runic Dome"],"picked":"Busted Crown"}],"items_purged_floors":[],"is_endless":false,"potions_floor_spawned":[1,8,16],"killed_by":"Cultist and Chosen","ascension_level":0}