{"gold_per_floor":[111,30,30,30,42,64,76,99,111,158,345,357,369],"floor_reached":13,"playtime":325,"items_purged":[],"score":81,"play_id":"d2abda2c-ac9a-4261-bdb3-66bd60b29293","local_time":"20190204204645","is_ascension_mode":false,"campfire_choices":[{"data":"Multi-Cast","floor":7,"key":"SMITH"}],"neow_cost":"NONE","seed_source_timestamp":1828870533968574,"circlet_count":0,"master_deck":["Strike_B+1","Strike_B","Strike_B+1","Strike_B","Defend_B","Defend_B","Defend_B","Defend_B","Zap","Dualcast","Multi-Cast+1","Skim","FTL","Self Repair","Biased Cognition+1","Doubt"],"relics":["Cracked Core","MawBank","Incense Burner","Meat on the Bone"],"potions_floor_usage":[],"damage_taken":[{"damage":11,"enemies":"Jaw Worm","floor":1,"turns":3},{"damage":0,"enemies":"Small Slimes","floor":6,"turns":3},{"damage":1,"enemies":"Cultist","floor":8,"turns":3},{"damage":31,"enemies":"3 Sentries","floor":10,"turns":7},{"damage":28,"enemies":"Gremlin Gang","floor":13,"turns":3}],"seed_played":"7769262101008717068","potions_obtained":[{"floor":6,"key":"FearPotion"},{"floor":10,"key":"FocusPotion"}],"is_trial":false,"path_per_floor":["M","$","?","?","$","M","R","M","T","E","?","?","M"],"character_chosen":"DEFECT","items_purchased":["FTL"],"campfire_rested":0,"item_purchase_floors":[2],"current_hp_per_floor":[64,64,49,46,46,46,46,52,52,28,28,28,0],"gold":369,"neow_bonus":"ONE_RANDOM_RARE_CARD","is_prod":false,"is_daily":false,"chose_seed":false,"campfire_upgraded":1,"win_rate":0,"timestamp":1549334805,"path_taken":["M","$","?","?","$","M","R","?","T","E","?","?","?"],"build_version":"2019-01-23","purchased_purges":0,"victory":false,"max_hp_per_floor":[75,75,75,75,75,75,75,75,75,75,75,75,75],"card_choices":[{"not_picked":["Streamline","Leap"],"picked":"Skim","floor":1},{"not_picked":["Genetic Algorithm","Rebound"],"picked":"Self Repair","floor":6},{"not_picked":["Genetic Algorithm","Leap","Streamline"],"picked":"SKIP","floor":8},{"not_picked":["Sweeping Beam","Compile Driver"],"picked":"Biased Cognition","floor":10}],"player_experience":716515,"relics_obtained":[{"floor":9,"key":"Incense Burner"},{"floor":10,"key":"Meat on the Bone"}],"event_choices":[{"damage_healed":0,"gold_gain":0,"player_choice":"Entered Light","damage_taken":15,"max_hp_gain":0,"max_hp_loss":0,"event_name":"Shining Light","floor":3,"gold_loss":0,"cards_upgraded":["Strike_B","Strike_B"]},{"damage_healed":0,"gold_gain":0,"player_choice":"Success","damage_taken":3,"relics_obtained":["MawBank"],"max_hp_gain":0,"max_hp_loss":0,"event_name":"Scrap Ooze","floor":4,"gold_loss":0},{"damage_healed":0,"gold_gain":175,"player_choice":"AGREE","damage_taken":0,"max_hp_gain":0,"max_hp_loss":0,"event_name":"Liars Game","floor":11,"gold_loss":0,"cards_obtained":["Doubt"]},{"damage_healed":0,"gold_gain":0,"player_choice":"Upgraded","damage_taken":0,"max_hp_gain":0,"max_hp_loss":0,"event_name":"Upgrade Shrine","floor":12,"gold_loss":0,"cards_upgraded":["Biased Cognition"]}],"is_beta":false,"boss_relics":[],"items_purged_floors":[],"is_endless":false,"potions_floor_spawned":[6,10],"killed_by":"Gremlin Gang","ascension_level":0}