{"gold_per_floor":[114,20,195,210,20,50,65,95,95,125,140,155,185,200,200,300,300,315,330,57,57,35,65,80,110,160,190,190,205,205,220,220,320,320,335,22,37,37,52,52,82,82,107,122,152,152,182,182,182,182],"floor_reached":51,"playtime":1535,"items_purged":[],"score":1600,"play_id":"cf08b091-4230-4ba3-b887-03f9247fa295","local_time":"20180807074938","daily_mods":["Insanity","Elite Swarm","Hoarder"],"is_ascension_mode":false,"campfire_choices":[{"data":"Mind Blast","floor":15,"key":"SMITH"},{"data":"Mind Blast","floor":28,"key":"SMITH"},{"data":"Demon Form","floor":30,"key":"SMITH"},{"data":"Heavy Blade","floor":32,"key":"SMITH"},{"data":"Armaments","floor":40,"key":"SMITH"},{"floor":46,"key":"DIG"},{"floor":49,"key":"DIG"}],"neow_cost":"","seed_source_timestamp":0,"circlet_count":0,"master_deck":["Flame Barrier","Battle Trance","Seeing Red","Limit Break","Sword Boomerang","Headbutt","Sentinel","Limit Break","Heavy Blade+1","Offering","Entrench","Barricade","Juggernaut","Cleave","Evolve","Barricade","Carnage","Infernal Blade","Dark Embrace","Berserk","Carnage","Pummel","Rage","Wild Strike","Disarm","Seeing Red","Anger","Carnage","Pommel Strike","Headbutt","Reaper","Double Tap+1","Ghostly Armor","Infernal Blade","Infernal Blade","True Grit","Dark Embrace","Barricade","Thunderclap","Limit Break","Evolve","Feel No Pain","Exhume","Offering","True Grit","Rampage","Barricade","Bash","Rupture","Pummel","Pummel","Pummel","Mind Blast+1","Mind Blast+1","Mind Blast","Doubt","Doubt","Doubt","Clash","Clash","Clash","Iron Wave","Iron Wave","Iron Wave","True Grit","True Grit","True Grit","Sword Boomerang","Sword Boomerang","Sword Boomerang","Second Wind","Second Wind","Second Wind","Exhume","Exhume+1","Exhume","Perfected Strike","Perfected Strike","Perfected Strike","Feed","Feed","Feed","Demon Form+1","Demon Form","Demon Form","Anger","Anger","Anger","Clash","Clash","Clash","Double Tap","Double Tap","Double Tap","Anger","Anger","Anger","Exhume","Exhume","Exhume","Sword Boomerang+1","Sword Boomerang+1","Sword Boomerang+1","Infernal Blade+1","Infernal Blade+1","Infernal Blade+1","Warcry","Warcry","Warcry","Trip","Trip","Trip","Clothesline+1","Clothesline+1","Clothesline+1","Immolate+1","Immolate+1","Immolate+1","Anger+1","Anger+1","Anger+1","Double Tap","Double Tap","Double Tap","Feed+1","Feed+1","Feed+1","Sword Boomerang+1","Sword Boomerang+1","Sword Boomerang+1","Warcry","Warcry","Warcry","Limit Break","Limit Break","Limit Break","Twin Strike+1","Twin Strike+1","Twin Strike+1","Shrug It Off","Shrug It Off","Shrug It Off","Combust","Combust","Combust","Blood for Blood+1","Blood for Blood+1","Blood for Blood+1","Pummel+1","Pummel+1","Pummel+1","Panacea","Panacea","Panacea","Perfected Strike+1","Perfected Strike+1","Perfected Strike+1","Purity","Purity","Purity","Secret Weapon","Secret Weapon","Secret Weapon","Purity","Purity","Purity","Armaments+1","Armaments","Armaments","Reaper+1","Reaper+1","Reaper+1","Sever Soul+1","Sever Soul+1","Sever Soul+1","Feel No Pain+1","Feel No Pain+1","Feel No Pain+1","Perfected Strike+1","Perfected Strike+1","Perfected Strike+1","Impervious","Impervious","Impervious","Feed+1","Feed+1","Feed+1","Madness","Madness","Madness","Madness","Madness","Madness"],"special_seed":17750,"relics":["Burning Blood","Meat on the Bone","Shovel","Paper Frog","Omamori","War Paint","Philosopher\u0027s Stone","Anchor","Molten Egg 2","Ice Cream","Ancient Tea Set","Vajra","Matryoshka","Coffee Dripper","Prayer Wheel","Centennial Puzzle","Bag of Preparation","Darkstone Periapt","StoneCalendar","Bronze Scales","Regal Pillow"],"potions_floor_usage":[],"damage_taken":[{"damage":13,"enemies":"Cultist","floor":1,"turns":4},{"damage":7,"enemies":"2 Louse","floor":4,"turns":2},{"damage":0,"enemies":"Gremlin Nob","floor":6,"turns":2},{"damage":0,"enemies":"Small Slimes","floor":7,"turns":5},{"damage":10,"enemies":"Lagavulin","floor":8,"turns":4},{"damage":0,"enemies":"Gremlin Nob","floor":10,"turns":2},{"damage":1,"enemies":"Exordium Wildlife","floor":11,"turns":2},{"damage":0,"enemies":"Looter","floor":12,"turns":1},{"damage":23,"enemies":"3 Sentries","floor":13,"turns":6},{"damage":8,"enemies":"Exordium Thugs","floor":14,"turns":4},{"damage":0,"enemies":"Slime Boss","floor":16,"turns":1},{"damage":0,"enemies":"Spheric Guardian","floor":18,"turns":1},{"damage":0,"enemies":"Chosen","floor":19,"turns":1},{"damage":6,"enemies":"Slavers","floor":23,"turns":3},{"damage":0,"enemies":"Slaver and Parasite","floor":24,"turns":1},{"damage":0,"enemies":"Book of Stabbing","floor":25,"turns":1},{"damage":0,"enemies":"Slavers","floor":27,"turns":2},{"damage":0,"enemies":"Centurion and Healer","floor":29,"turns":1},{"damage":0,"enemies":"Snecko","floor":31,"turns":1},{"damage":2,"enemies":"Champ","floor":33,"turns":3},{"damage":0,"enemies":"Orb Walker","floor":35,"turns":1},{"damage":0,"enemies":"3 Darklings","floor":37,"turns":1},{"damage":0,"enemies":"Flame Bruiser 2 Orb","floor":39,"turns":1},{"damage":0,"enemies":"Nemesis","floor":41,"turns":1},{"damage":0,"enemies":"Sphere and 2 Shapes","floor":44,"turns":1},{"damage":0,"enemies":"Giant Head","floor":45,"turns":1},{"damage":0,"enemies":"2 Orb Walkers","floor":47,"turns":1},{"damage":0,"enemies":"Time Eater","floor":50,"turns":1}],"seed_played":"581998401352651869","potions_obtained":[{"floor":4,"key":"SkillPotion"},{"floor":6,"key":"Ancient Potion"},{"floor":8,"key":"Strength Potion"},{"floor":23,"key":"SteroidPotion"},{"floor":35,"key":"SkillPotion"}],"is_trial":false,"path_per_floor":["M","$","?","M","$","E","M","E","T","E","M","M","E","M","R","B",null,"M","M","$","?","$","E","M","E","T","E","R","M","R","M","R","B",null,"M","$","M","?","M","R","E","?","T","M","E","R","E","?","R","B"],"character_chosen":"IRONCLAD","items_purchased":["Mind Blast","Iron Wave","True Grit","Sword Boomerang","Second Wind","Warcry","Anchor","Trip","Clothesline+1","Shrug It Off","Combust","Blood for Blood+1","Pummel+1","Panacea"],"campfire_rested":0,"item_purchase_floors":[2,5,5,5,5,20,20,20,22,36,36,36,36,36],"current_hp_per_floor":[77,77,77,76,76,80,80,76,76,80,80,80,63,61,61,67,80,80,80,80,80,80,80,80,80,80,83,83,83,83,83,83,83,83,83,83,83,73,79,79,83,83,83,83,83,83,83,73,73,79],"gold":182,"neow_bonus":"","is_prod":false,"is_daily":true,"chose_seed":false,"campfire_upgraded":5,"win_rate":0,"timestamp":1533624578,"path_taken":["M","$","?","M","$","E","M","E","T","E","M","M","E","M","R","BOSS","M","M","$","?","?","E","M","E","T","E","R","M","R","M","R","BOSS","M","$","M","?","M","R","E","?","T","M","E","R","E","?","R","BOSS"],"build_version":"2018-08-02","purchased_purges":0,"victory":true,"max_hp_per_floor":[80,80,80,80,80,80,80,80,80,80,80,80,80,80,80,80,80,80,80,80,80,80,80,80,80,80,83,83,83,83,83,83,83,83,83,83,83,83,83,83,83,83,83,83,83,83,83,83,83,83],"card_choices":[{"not_picked":["Twin Strike","Wild Strike"],"picked":"Pummel","floor":1},{"not_picked":["Rupture","Twin Strike"],"picked":"Clash","floor":4},{"not_picked":["Reaper","Berserk"],"picked":"Exhume","floor":6},{"not_picked":["Thunderclap","Twin Strike"],"picked":"Perfected Strike","floor":7},{"not_picked":["Exhume","Berserk"],"picked":"Feed","floor":8},{"not_picked":["Limit Break","Berserk"],"picked":"Demon Form","floor":10},{"not_picked":["Corruption","Disarm"],"picked":"Anger","floor":11},{"not_picked":["Combust","Blood for Blood"],"picked":"Clash","floor":12},{"not_picked":["Brutality","Fiend Fire"],"picked":"Double Tap","floor":13},{"not_picked":["Iron Wave","Body Slam"],"picked":"Anger","floor":14},{"not_picked":["Fiend Fire","Brutality"],"picked":"Exhume","floor":16},{"not_picked":["Twin Strike","Rampage"],"picked":"Sword Boomerang+1","floor":18},{"not_picked":["Pommel Strike","Heavy Blade"],"picked":"Infernal Blade+1","floor":19},{"not_picked":["Juggernaut","Bludgeon+1"],"picked":"Immolate+1","floor":23},{"not_picked":["Wild Strike+1","Perfected Strike+1"],"picked":"Anger+1","floor":24},{"not_picked":["Offering","Barricade"],"picked":"Double Tap","floor":25},{"not_picked":["Offering","Double Tap"],"picked":"Feed+1","floor":27},{"not_picked":["Entrench","Rampage+1"],"picked":"Sword Boomerang+1","floor":29},{"not_picked":["Pommel Strike+1","True Grit"],"picked":"Warcry","floor":31},{"not_picked":["Immolate+1","Double Tap"],"picked":"Limit Break","floor":33},{"not_picked":["Searing Blow+1","Thunderclap+1"],"picked":"Twin Strike+1","floor":35},{"not_picked":["Thunderclap+1","Headbutt+1"],"picked":"Perfected Strike+1","floor":37},{"not_picked":["Master of Strategy","Good Instincts"],"picked":"Purity","floor":38},{"not_picked":["Finesse","Bandage Up"],"picked":"Secret Weapon","floor":38},{"not_picked":["Jack Of All Trades","Dark Shackles"],"picked":"Purity","floor":38},{"not_picked":["Shockwave","Havoc+1"],"picked":"Armaments","floor":39},{"not_picked":["Offering","Bludgeon+1"],"picked":"Reaper+1","floor":41},{"not_picked":["Wild Strike+1","Heavy Blade+1"],"picked":"Feel No Pain+1","floor":44},{"not_picked":["True Grit","Rampage+1"],"picked":"Perfected Strike+1","floor":44},{"not_picked":["Juggernaut","Barricade"],"picked":"Impervious","floor":45},{"not_picked":["Barricade","Juggernaut"],"picked":"Feed+1","floor":47}],"player_experience":305645,"relics_obtained":[{"floor":6,"key":"Meat on the Bone"},{"floor":8,"key":"Shovel"},{"floor":9,"key":"Paper Frog"},{"floor":10,"key":"Omamori"},{"floor":13,"key":"War Paint"},{"floor":23,"key":"Ice Cream"},{"floor":25,"key":"Ancient Tea Set"},{"floor":26,"key":"Vajra"},{"floor":27,"key":"Matryoshka"},{"floor":41,"key":"Prayer Wheel"},{"floor":43,"key":"Centennial Puzzle"},{"floor":43,"key":"Bag of Preparation"},{"floor":45,"key":"Darkstone Periapt"},{"floor":46,"key":"StoneCalendar"},{"floor":47,"key":"Bronze Scales"},{"floor":49,"key":"Regal Pillow"}],"event_choices":[{"event_name":"Liars Game","player_choice":"agreed","floor":3,"damage_taken":0},{"event_name":"The Mausoleum","player_choice":"Yes","floor":21,"damage_taken":0},{"event_name":"SensoryStone","player_choice":"Memory 3","floor":38,"damage_taken":0},{"event_name":"Transmorgrifier","player_choice":"Transform","floor":42,"damage_taken":0},{"event_name":"Winding Halls","player_choice":"Embrace Madness","floor":48,"damage_taken":0}],"is_beta":false,"boss_relics":[{"not_picked":["Pandora\u0027s Box","Calling Bell"],"picked":"Philosopher\u0027s Stone"},{"not_picked":["White Beast Statue","Fusion Hammer"],"picked":"Coffee Dripper"}],"items_purged_floors":[],"is_endless":false,"potions_floor_spawned":[4,6,8,12,16,19,23,29,31,33,35,47],"ascension_level":0}