{"gold_per_floor":[18,18,32,32,47,81,95,95,95,110,121,135,135,162,162,233,233,184,184,24,24,24,24,24,50,50,65,76,109,109,135,135,212,212,230,250,268,101,119,119,153,153,228,255,255,167,180,206,206,206,206],"floor_reached":51,"playtime":4538,"items_purged":[],"score":1835,"play_id":"ecd1d0dc-f609-4c8b-9e0b-5dac6259f94a","local_time":"20190308003617","is_ascension_mode":true,"campfire_choices":[{"floor":8.0,"key":"REST"},{"data":"Dagger Spray","floor":13.0,"key":"SMITH"},{"data":"Neutralize","floor":15.0,"key":"SMITH"},{"data":"Wraith Form v2","floor":23.0,"key":"SMITH"},{"data":"Envenom","floor":30.0,"key":"SMITH"},{"data":"Footwork","floor":32.0,"key":"SMITH"},{"floor":40.0,"key":"RECALL"},{"floor":42.0,"key":"REST"},{"floor":49.0,"key":"REST"}],"neow_cost":"NO_GOLD","seed_source_timestamp":486473705496052,"circlet_count":0,"master_deck":["AscendersBane","Survivor","Neutralize+1","All Out Attack","Poisoned Stab","Quick Slash","Dagger Throw","Dagger Spray+1","PiercingWail","Deflect","Backflip","Footwork+1","Wraith Form v2+1","Acrobatics","Burst","Backstab","Slice","Dagger Throw","Quick Slash","Envenom+1","Calculated Gamble","Outmaneuver","Caltrops","Blur+1","Escape Plan","Backflip+1","Corpse Explosion","Sucker Punch","Dagger Spray","Dagger Spray","Blur","Caltrops","Parasite","Well Laid Plans+1","Backflip"],"special_seed":0,"relics":["Ring of the Snake","Torii","Happy Flower","Ornamental Fan","Gambling Chip","Pandora\u0027s Box","Vajra","MutagenicStrength","Matryoshka","PreservedInsect","Calipers","Meat on the Bone","Turnip","Fusion Hammer","Bag of Marbles","Mercury Hourglass","Bag of Preparation","Question Card","The Specimen"],"potions_floor_usage":[51,51],"damage_taken":[{"damage":1.0,"enemies":"Small Slimes","floor":1.0,"turns":3.0},{"damage":1.0,"enemies":"2 Louse","floor":3.0,"turns":2.0},{"damage":0.0,"enemies":"Jaw Worm","floor":5.0,"turns":4.0},{"damage":44.0,"enemies":"Lagavulin","floor":6.0,"turns":7.0},{"damage":1.0,"enemies":"Exordium Wildlife","floor":7.0,"turns":4.0},{"damage":0.0,"enemies":"Blue Slaver","floor":10.0,"turns":3.0},{"damage":0.0,"enemies":"Gremlin Gang","floor":11.0,"turns":1.0},{"damage":2.0,"enemies":"Exordium Wildlife","floor":12.0,"turns":4.0},{"damage":2.0,"enemies":"3 Sentries","floor":14.0,"turns":5.0},{"damage":24.0,"enemies":"Slime Boss","floor":16.0,"turns":11.0},{"damage":1.0,"enemies":"2 Thieves","floor":18.0,"turns":5.0},{"damage":0.0,"enemies":"Gremlin Leader","floor":25.0,"turns":4.0},{"damage":0.0,"enemies":"3 Byrds","floor":27.0,"turns":5.0},{"damage":2.0,"enemies":"Snecko","floor":28.0,"turns":4.0},{"damage":0.0,"enemies":"Slavers","floor":29.0,"turns":1.0},{"damage":0.0,"enemies":"Gremlin Leader","floor":31.0,"turns":4.0},{"damage":33.0,"enemies":"Collector","floor":33.0,"turns":13.0},{"damage":1.0,"enemies":"3 Darklings","floor":35.0,"turns":2.0},{"damage":0.0,"enemies":"3 Shapes","floor":36.0,"turns":4.0},{"damage":10.0,"enemies":"Jaw Worm Horde","floor":37.0,"turns":3.0},{"damage":0.0,"enemies":"Sphere and 2 Shapes","floor":39.0,"turns":7.0},{"damage":0.0,"enemies":"Reptomancer","floor":41.0,"turns":3.0},{"damage":26.0,"enemies":"Giant Head","floor":44.0,"turns":5.0},{"damage":15.0,"enemies":"Writhing Mass","floor":47.0,"turns":5.0},{"damage":0.0,"enemies":"Reptomancer","floor":48.0,"turns":2.0},{"damage":38.0,"enemies":"Donu and Deca","floor":50.0,"turns":8.0},{"damage":22,"enemies":"Awakened One","floor":51,"turns":4}],"seed_played":"7657798764948423749","potions_obtained":[{"floor":1.0,"key":"SpeedPotion"},{"floor":7.0,"key":"AttackPotion"},{"floor":25.0,"key":"SkillPotion"},{"floor":28.0,"key":"Weak Potion"},{"floor":29.0,"key":"Fire Potion"},{"floor":33.0,"key":"Swift Potion"},{"floor":37.0,"key":"Poison Potion"},{"floor":45.0,"key":"Strength Potion"},{"floor":45.0,"key":"GhostInAJar"}],"is_trial":false,"path_per_floor":["M","$","M","$","M","E","M","R","T","M","M","M","R","E","R","B",null,"M","?","$","?","?","R","$","E","T","M","M","E","R","E","R","B",null,"M","M","M","$","M","R","E","R","T","E","?","$","M","E","R","B","B"],"character_chosen":"THE_SILENT","items_purchased":["Vajra","Bag of Marbles","Caltrops"],"campfire_rested":3,"item_purchase_floors":[20,38,46],"current_hp_per_floor":[58,58,57,57,57,13,12,31,31,31,31,29,29,27,27,3,50,49,49,49,49,49,49,49,49,49,49,47,47,47,47,47,26,56,55,55,45,45,45,45,45,64,64,38,38,38,35,35,54,28,6],"gold":206,"neow_bonus":"ONE_RARE_RELIC","is_prod":false,"is_daily":false,"chose_seed":false,"campfire_upgraded":5,"win_rate":0,"timestamp":1552026977,"path_taken":["M","$","M","$","M","E","M","R","T","M","M","M","R","E","R","BOSS","M","?","$","?","?","R","?","E","T","?","M","E","R","E","R","BOSS","M","M","M","$","M","R","E","R","T","E","?","$","?","E","R","BOSS","BOSS"],"build_version":"2019-01-23","purchased_purges":0,"victory":false,"max_hp_per_floor":[66,66,66,66,66,66,66,66,66,66,66,66,66,66,66,66,66,66,66,66,66,66,66,66,66,66,66,66,66,66,66,66,66,66,66,66,66,66,66,66,66,66,66,66,66,66,66,66,66,66,66],"card_choices":[{"not_picked":["Expertise","Poisoned Stab"],"picked":"All Out Attack","floor":1.0},{"not_picked":["Flying Knee","Cloak And Dagger"],"picked":"Poisoned Stab","floor":3.0},{"not_picked":["PiercingWail","Acrobatics"],"picked":"Quick Slash","floor":5.0},{"not_picked":["Flechettes","Grand Finale"],"picked":"Dagger Throw","floor":6.0},{"not_picked":["Dodge and Roll","Sucker Punch"],"picked":"Dagger Spray","floor":7.0},{"not_picked":["Skewer","Blade Dance"],"picked":"PiercingWail","floor":10.0},{"not_picked":["Masterful Stab","Choke"],"picked":"Deflect","floor":11.0},{"not_picked":["Underhanded Strike","Heel Hook"],"picked":"Backflip","floor":12.0},{"not_picked":["Acrobatics","Quick Slash"],"picked":"Footwork","floor":14.0},{"not_picked":["Unload","Burst"],"picked":"Wraith Form v2","floor":16.0},{"not_picked":["Poisoned Stab","Accuracy","Blade Dance"],"picked":"SKIP","floor":18.0},{"not_picked":["Distraction","Quick Slash","Blade Dance"],"picked":"SKIP","floor":25.0},{"not_picked":["Cloak And Dagger","Flying Knee"],"picked":"Caltrops","floor":27.0},{"not_picked":["Dagger Spray","Dagger Throw+1"],"picked":"Blur+1","floor":28.0},{"not_picked":["Quick Slash","Eviscerate"],"picked":"Escape Plan","floor":29.0},{"not_picked":["Endless Agony","Blur"],"picked":"Backflip+1","floor":31.0},{"not_picked":["Doppelganger","Venomology"],"picked":"Corpse Explosion","floor":33.0},{"not_picked":["Riddle With Holes","Eviscerate"],"picked":"Sucker Punch","floor":35.0},{"not_picked":["Choke","Slice+1"],"picked":"Dagger Spray","floor":36.0},{"not_picked":["Backflip","Sucker Punch"],"picked":"Dagger Spray","floor":37.0},{"not_picked":["Slice+1","Finisher"],"picked":"Blur","floor":39.0},{"not_picked":["Flechettes","Dagger Spray","Blur"],"picked":"SKIP","floor":41.0},{"not_picked":["Flechettes","Dagger Spray","Blur"],"picked":"SKIP","floor":41.0},{"not_picked":["Flying Knee","Dagger Throw+1","Expertise"],"picked":"SKIP","floor":44.0},{"not_picked":["Backflip","Acrobatics","Prepared"],"picked":"Well Laid Plans+1","floor":47.0},{"not_picked":["Corpse Explosion","Underhanded Strike+1","Dagger Spray+1"],"picked":"Backflip","floor":48.0}],"player_experience":700897,"relics_obtained":[{"floor":6.0,"key":"Happy Flower"},{"floor":9.0,"key":"Ornamental Fan"},{"floor":14.0,"key":"Gambling Chip"},{"floor":25.0,"key":"Matryoshka"},{"floor":26.0,"key":"PreservedInsect"},{"floor":26.0,"key":"Calipers"},{"floor":29.0,"key":"Meat on the Bone"},{"floor":31.0,"key":"Turnip"},{"floor":41.0,"key":"Mercury Hourglass"},{"floor":43.0,"key":"Bag of Preparation"},{"floor":44.0,"key":"Question Card"},{"floor":48.0,"key":"The Specimen"}],"event_choices":[{"damage_healed":0.0,"max_hp_gain":0.0,"max_hp_loss":0.0,"gold_gain":0.0,"event_name":"Vampires","player_choice":"Ignored","floor":19.0,"gold_loss":0.0,"damage_taken":0.0},{"cards_removed":["Concentrate"],"damage_healed":0.0,"max_hp_gain":0.0,"max_hp_loss":0.0,"gold_gain":0.0,"event_name":"Back to Basics","player_choice":"Elegance","floor":21.0,"gold_loss":0.0,"damage_taken":0.0},{"damage_healed":0.0,"max_hp_gain":0.0,"max_hp_loss":0.0,"gold_gain":0.0,"event_name":"Drug Dealer","player_choice":"Inject Mutagens","floor":22.0,"gold_loss":0.0,"damage_taken":0.0,"relics_obtained":["MutagenicStrength"]},{"damage_healed":0.0,"max_hp_gain":0.0,"max_hp_loss":0.0,"gold_gain":0.0,"event_name":"Lab","player_choice":"Got Potions","floor":45.0,"gold_loss":0.0,"damage_taken":0.0}],"is_beta":false,"boss_relics":[{"not_picked":["Coffee Dripper","Empty Cage"],"picked":"Pandora\u0027s Box"},{"not_picked":["Calling Bell","Tiny House"],"picked":"Fusion Hammer"}],"items_purged_floors":[],"is_endless":false,"potions_floor_spawned":[1,7,10,14,25,28,29,33,35,37,47],"killed_by":"Awakened One","ascension_level":20}