{"gold_per_floor":[116,130,55,74,88,88,123,123,123,123,152,169,197,213,213,284,284,299,299,309,309,364,364,397,11,11,11,42,42,42,76,76,152,152,168,188,203,203,218,247,259,288,288,302,302,336,370,7,7,7,7,7,7,7,33,33],"floor_reached":57,"playtime":4508,"items_purged":["Strike_R"],"score":3096,"play_id":"f64de045-2818-4b46-88c0-bd814c857341","local_time":"20190226174527","is_ascension_mode":true,"campfire_choices":[{"data":"Bash","floor":6.0,"key":"SMITH"},{"data":"Bludgeon","floor":8.0,"key":"SMITH"},{"floor":10.0,"key":"REST"},{"data":"Clothesline","floor":15.0,"key":"SMITH"},{"data":"Shrug It Off","floor":23.0,"key":"SMITH"},{"data":"Fiend Fire","floor":27.0,"key":"SMITH"},{"floor":29.0,"key":"REST"},{"data":"Carnage","floor":30.0,"key":"SMITH"},{"floor":32.0,"key":"DIG"},{"floor":45.0,"key":"REST"},{"floor":49.0,"key":"RECALL"},{"floor":53.0,"key":"REST"}],"neow_cost":"NONE","seed_source_timestamp":674825486359500,"circlet_count":0,"master_deck":["AscendersBane","Strike_R+1","Defend_R","Defend_R","Defend_R","Defend_R","Bash+1","Dark Embrace","Clothesline+1","Havoc","Headbutt","Combust","Bludgeon+1","Cleave+1","Shrug It Off+1","Corruption","Havoc","Offering","Carnage+1","Entrench","Fiend Fire+1","Pommel Strike+1","Dark Embrace","Iron Wave+1","Sever Soul","Exhume","Inflame","Thunderclap","Clothesline","Bludgeon"],"special_seed":0,"relics":["Burning Blood","Turnip","Incense Burner","Mango","Pen Nib","Snecko Eye","Bronze Scales","PreservedInsect","Gambling Chip","WingedGreaves","Unceasing Top","Shovel","Blood Vial","Runic Dome","Girya","Mercury Hourglass","Centennial Puzzle","Whetstone","Self Forming Clay","Boot"],"potions_floor_usage":[],"damage_taken":[{"damage":4.0,"enemies":"Jaw Worm","floor":1.0,"turns":4.0},{"damage":15.0,"enemies":"Small Slimes","floor":2.0,"turns":4.0},{"damage":6.0,"enemies":"Cultist","floor":4.0,"turns":3.0},{"damage":23.0,"enemies":"Large Slime","floor":5.0,"turns":7.0},{"damage":21.0,"enemies":"Gremlin Nob","floor":7.0,"turns":4.0},{"damage":26.0,"enemies":"3 Sentries","floor":11.0,"turns":7.0},{"damage":15.0,"enemies":"Exordium Wildlife","floor":12.0,"turns":3.0},{"damage":20.0,"enemies":"Lagavulin","floor":13.0,"turns":4.0},{"damage":4.0,"enemies":"Lots of Slimes","floor":14.0,"turns":2.0},{"damage":29.0,"enemies":"Hexaghost","floor":16.0,"turns":9.0},{"damage":6.0,"enemies":"Chosen","floor":18.0,"turns":3.0},{"damage":6.0,"enemies":"2 Thieves","floor":20.0,"turns":3.0},{"damage":10.0,"enemies":"Book of Stabbing","floor":24.0,"turns":2.0},{"damage":28.0,"enemies":"Gremlin Leader","floor":28.0,"turns":3.0},{"damage":6.0,"enemies":"Book of Stabbing","floor":31.0,"turns":1.0},{"damage":43.0,"enemies":"Automaton","floor":33.0,"turns":5.0},{"damage":6.0,"enemies":"3 Darklings","floor":35.0,"turns":2.0},{"damage":13.0,"enemies":"3 Shapes","floor":36.0,"turns":2.0},{"damage":13.0,"enemies":"Jaw Worm Horde","floor":37.0,"turns":2.0},{"damage":16.0,"enemies":"4 Shapes","floor":39.0,"turns":3.0},{"damage":12.0,"enemies":"Reptomancer","floor":40.0,"turns":1.0},{"damage":26.0,"enemies":"Transient","floor":41.0,"turns":6.0},{"damage":0.0,"enemies":"Nemesis","floor":42.0,"turns":1.0},{"damage":4.0,"enemies":"Sphere and 2 Shapes","floor":44.0,"turns":4.0},{"damage":0.0,"enemies":"Reptomancer","floor":46.0,"turns":1.0},{"damage":0.0,"enemies":"Giant Head","floor":47.0,"turns":3.0},{"damage":64.0,"enemies":"Time Eater","floor":50.0,"turns":6.0},{"damage":31.0,"enemies":"Donu and Deca","floor":51.0,"turns":4.0},{"damage":26.0,"enemies":"Shield and Spear","floor":55.0,"turns":5.0},{"damage":64,"enemies":"The Heart","floor":56,"turns":6}],"seed_played":"-7208911787595707601","potions_obtained":[{"floor":1.0,"key":"Block Potion"},{"floor":11.0,"key":"Swift Potion"},{"floor":13.0,"key":"BloodPotion"},{"floor":14.0,"key":"AttackPotion"},{"floor":28.0,"key":"LiquidBronze"},{"floor":41.0,"key":"FairyPotion"},{"floor":46.0,"key":"Block Potion"},{"floor":55.0,"key":"Swift Potion"}],"is_trial":false,"path_per_floor":["M","M","?","M","M","R","E","R","T","R","E","M","E","M","R","B",null,"M","?","M","?","T","R","E","$","T","R","E","R","R","E","R","B",null,"M","M","M","?","M","E","M","E","T","M","R","E","E","$","R","B","B",null,"R","$","E","B",null],"character_chosen":"IRONCLAD","items_purchased":["Gambling Chip","Fire Potion","Self Forming Clay"],"campfire_rested":4,"item_purchase_floors":[25,25,48],"current_hp_per_floor":[70,61,61,61,44,44,29,29,29,51,45,36,22,24,24,9,69,69,69,69,43,43,43,39,39,39,39,17,45,45,45,45,10,73,75,70,65,65,57,53,35,43,43,47,75,83,91,91,91,35,12,74,94,94,74,18],"gold":33,"neow_bonus":"ONE_RANDOM_RARE_CARD","is_prod":false,"is_daily":false,"chose_seed":false,"campfire_upgraded":6,"win_rate":0,"timestamp":1551224727,"path_taken":["M","M","?","M","M","R","E","R","T","R","E","M","E","M","R","BOSS","BOSS","M","?","?","?","?","R","E","$","T","R","E","R","R","E","R","BOSS","M","?","M","?","M","E","M","E","T","M","R","E","E","?","R","BOSS","BOSS","R","$","E","BOSS"],"build_version":"2019-01-23","purchased_purges":1,"victory":true,"max_hp_per_floor":[75,75,75,75,75,75,75,75,75,75,89,89,89,89,89,89,89,89,89,89,94,94,94,94,94,94,94,94,94,94,94,94,94,94,94,94,94,94,94,94,94,94,94,94,94,94,94,94,94,94,94,94,94,94,94,94],"card_choices":[{"not_picked":["Sentinel","Headbutt"],"picked":"Clothesline","floor":1.0},{"not_picked":["Perfected Strike","Clothesline"],"picked":"Havoc","floor":2.0},{"not_picked":["Havoc","Armaments"],"picked":"Headbutt","floor":4.0},{"not_picked":["Twin Strike","Dual Wield"],"picked":"Combust","floor":5.0},{"not_picked":["Corruption","Clash"],"picked":"Bludgeon","floor":7.0},{"not_picked":["Cleave","Armaments","Wild Strike"],"picked":"SKIP","floor":11.0},{"not_picked":["Armaments","Wild Strike"],"picked":"Cleave","floor":11.0},{"not_picked":["Iron Wave","Seeing Red"],"picked":"Shrug It Off","floor":12.0},{"not_picked":["Fire Breathing","Evolve"],"picked":"Corruption","floor":13.0},{"not_picked":["Warcry","Heavy Blade"],"picked":"Havoc","floor":14.0},{"not_picked":["Double Tap","Barricade"],"picked":"Offering","floor":16.0},{"not_picked":["Warcry","Perfected Strike"],"picked":"Carnage","floor":18.0},{"not_picked":["Rage","Twin Strike","Thunderclap"],"picked":"SKIP","floor":20.0},{"not_picked":["Havoc","Shockwave"],"picked":"Fiend Fire","floor":24.0},{"not_picked":["Dark Embrace","True Grit"],"picked":"Pommel Strike+1","floor":28.0},{"not_picked":["Warcry","Pommel Strike","Perfected Strike"],"picked":"SKIP","floor":31.0},{"not_picked":["Limit Break","Berserk"],"picked":"Dark Embrace","floor":33.0},{"not_picked":["Corruption","Clash","Pommel Strike"],"picked":"SKIP","floor":35.0},{"not_picked":["Entrench","Rage","Warcry"],"picked":"SKIP","floor":36.0},{"not_picked":["Reckless Charge+1","Thunderclap"],"picked":"Iron Wave+1","floor":37.0},{"not_picked":["Pommel Strike+1","Armaments"],"picked":"Exhume","floor":39.0},{"not_picked":["Flex","Warcry"],"picked":"Inflame","floor":40.0},{"not_picked":["Rage","Intimidate","Wild Strike+1"],"picked":"SKIP","floor":41.0},{"not_picked":["Sever Soul","Body Slam"],"picked":"Thunderclap","floor":42.0},{"not_picked":["Corruption","Havoc"],"picked":"Clothesline","floor":44.0},{"not_picked":["Brutality","Twin Strike","Cleave"],"picked":"SKIP","floor":46.0},{"not_picked":["Pommel Strike","Berserk"],"picked":"Bludgeon","floor":47.0},{"not_picked":["Evolve","Searing Blow","Fire Breathing"],"picked":"SKIP","floor":55.0}],"player_experience":646130,"relics_obtained":[{"floor":7.0,"key":"Turnip"},{"floor":9.0,"key":"Incense Burner"},{"floor":11.0,"key":"Mango"},{"floor":13.0,"key":"Pen Nib"},{"floor":22.0,"key":"Bronze Scales"},{"floor":24.0,"key":"PreservedInsect"},{"floor":26.0,"key":"WingedGreaves"},{"floor":28.0,"key":"Unceasing Top"},{"floor":31.0,"key":"Shovel"},{"floor":32.0,"key":"Blood Vial"},{"floor":40.0,"key":"Girya"},{"floor":42.0,"key":"Mercury Hourglass"},{"floor":46.0,"key":"Centennial Puzzle"},{"floor":47.0,"key":"Whetstone"},{"floor":55.0,"key":"Boot"}],"event_choices":[{"cards_removed":["Strike_R"],"damage_healed":0.0,"max_hp_gain":0.0,"max_hp_loss":0.0,"gold_gain":0.0,"event_name":"The Cleric","player_choice":"Card Removal","floor":3.0,"gold_loss":75.0,"damage_taken":0.0},{"damage_healed":0.0,"max_hp_gain":0.0,"max_hp_loss":0.0,"gold_gain":0.0,"cards_transformed":["Strike_R"],"event_name":"Transmorgrifier","player_choice":"Transformed","floor":19.0,"gold_loss":0.0,"damage_taken":0.0,"cards_obtained":["Entrench"]},{"damage_healed":0.0,"max_hp_gain":5.0,"max_hp_loss":0.0,"gold_gain":0.0,"event_name":"Forgotten Altar","player_choice":"Shed Blood","floor":21.0,"gold_loss":0.0,"damage_taken":31.0},{"damage_healed":0.0,"max_hp_gain":0.0,"max_hp_loss":0.0,"gold_gain":0.0,"cards_transformed":["Strike_R"],"event_name":"Transmorgrifier","player_choice":"Transformed","floor":38.0,"gold_loss":0.0,"damage_taken":0.0,"cards_obtained":["Sever Soul"]}],"is_beta":false,"boss_relics":[{"not_picked":["Cursed Key","Empty Cage"],"picked":"Snecko Eye"},{"not_picked":["Eternal Feather","Astrolabe"],"picked":"Runic Dome"}],"items_purged_floors":[48],"is_endless":false,"potions_floor_spawned":[1,11,13,14,28,31,36,39,41,42,46,55],"ascension_level":20}