{"gold_per_floor":[115,290,320,335,361,361,42,55,103,138,138,67,67,81,81,186,186,201,201,214,214,233,262,0,15,41,41,57,92,103,103,103,199,199,212,212,112,0,17,17,29,29,29,42,142,142,153,165,165,165,165,165,0,26,26],"floor_reached":55,"playtime":3876,"items_purged":["Doubt","Strike_G+1","Corpse Explosion"],"score":732,"play_id":"589689f0-eb5c-41be-aafa-b8e6cbb4eeb4","local_time":"20190207122713","is_ascension_mode":false,"campfire_choices":[{"data":"Dodge and Roll","floor":6.0,"key":"SMITH"},{"data":"Footwork","floor":11.0,"key":"SMITH"},{"floor":13.0,"key":"RECALL"},{"data":"Blade Dance","floor":15.0,"key":"SMITH"},{"floor":27.0,"key":"REST"},{"data":"Accuracy","floor":32.0,"key":"SMITH"},{"data":"Burst","floor":40.0,"key":"SMITH"},{"data":"Cloak And Dagger","floor":42.0,"key":"SMITH"},{"data":"Neutralize","floor":49.0,"key":"SMITH"},{"data":"Blade Dance","floor":52.0,"key":"SMITH"}],"neow_cost":"NONE","seed_source_timestamp":72498040226111,"circlet_count":0,"master_deck":["Defend_G+1","Defend_G+1","Defend_G+1","Defend_G+1","Strike_G+1","Strike_G+1","Survivor","Neutralize+1","Dodge and Roll+1","Dagger Throw","Blade Dance+1","Footwork+1","Well Laid Plans","Accuracy+1","Burst+1","Backflip","Cloak And Dagger+1","Infinite Blades","Blur","Well Laid Plans+1","Blade Dance+1","Footwork+1","Burst","Cloak And Dagger+1","Footwork+1","Caltrops+1","Footwork","Poisoned Stab+1"],"special_seed":0,"relics":["Ring of the Snake","Tiny Chest","Matryoshka","PreservedInsect","Oddly Smooth Stone","Bronze Scales","Eternal Feather","Happy Flower","Pen Nib","Vajra","Orichalcum","Bag of Marbles","Ninja Scroll","Empty Cage","Regal Pillow","Red Mask","Anchor","Tingsha","Kunai","Sundial"],"potions_floor_usage":[],"damage_taken":[{"damage":5.0,"enemies":"Small Slimes","floor":1.0,"turns":5.0},{"damage":9.0,"enemies":"Jaw Worm","floor":4.0,"turns":4.0},{"damage":0.0,"enemies":"2 Louse","floor":8.0,"turns":2.0},{"damage":21.0,"enemies":"Gremlin Nob","floor":10.0,"turns":4.0},{"damage":2.0,"enemies":"Exordium Thugs","floor":14.0,"turns":5.0},{"damage":6.0,"enemies":"Hexaghost","floor":16.0,"turns":10.0},{"damage":14.0,"enemies":"Spheric Guardian","floor":18.0,"turns":7.0},{"damage":19.0,"enemies":"Chosen","floor":20.0,"turns":7.0},{"damage":3.0,"enemies":"Centurion and Healer","floor":22.0,"turns":6.0},{"damage":8.0,"enemies":"Book of Stabbing","floor":23.0,"turns":6.0},{"damage":8.0,"enemies":"3 Cultists","floor":25.0,"turns":3.0},{"damage":0.0,"enemies":"Cultist and Chosen","floor":28.0,"turns":6.0},{"damage":13.0,"enemies":"Slavers","floor":29.0,"turns":2.0},{"damage":4.0,"enemies":"Shelled Parasite and Fungi","floor":30.0,"turns":4.0},{"damage":2.0,"enemies":"Automaton","floor":33.0,"turns":9.0},{"damage":0.0,"enemies":"Orb Walker","floor":35.0,"turns":4.0},{"damage":1.0,"enemies":"3 Shapes","floor":39.0,"turns":4.0},{"damage":2.0,"enemies":"Maw","floor":41.0,"turns":7.0},{"damage":0.0,"enemies":"3 Darklings","floor":44.0,"turns":6.0},{"damage":0.0,"enemies":"Mind Bloom Boss Battle","floor":45.0,"turns":6.0},{"damage":0.0,"enemies":"Spire Growth","floor":47.0,"turns":4.0},{"damage":22.0,"enemies":"Transient","floor":48.0,"turns":5.0},{"damage":3.0,"enemies":"Time Eater","floor":50.0,"turns":14.0},{"damage":33.0,"enemies":"Shield and Spear","floor":54.0,"turns":9.0},{"damage":56,"enemies":"The Heart","floor":55,"turns":3}],"seed_played":"-5643205703845892695","potions_obtained":[{"floor":4.0,"key":"Strength Potion"},{"floor":8.0,"key":"Energy Potion"},{"floor":23.0,"key":"Swift Potion"},{"floor":25.0,"key":"Swift Potion"},{"floor":28.0,"key":"Regen Potion"},{"floor":29.0,"key":"LiquidBronze"},{"floor":45.0,"key":"Dexterity Potion"},{"floor":47.0,"key":"FearPotion"},{"floor":48.0,"key":"Explosive Potion"},{"floor":54.0,"key":"Explosive Potion"}],"is_trial":false,"path_per_floor":["M","?","?","M","T","R","$","M","T","E","R","$","R","M","R","B",null,"M","?","M","?","M","E","$","M","T","R","M","E","M","?","R","B",null,"M","T","$","?","M","R","M","R","T","M","?","T","M","M","R","B",null,"R","$","E","B"],"character_chosen":"THE_SILENT","items_purchased":["Matryoshka","Well Laid Plans","Infinite Blades","Blur","Vajra","Footwork"],"campfire_rested":1,"item_purchase_floors":[7,12,24,24,24,53],"current_hp_per_floor":[65,65,62,53,53,53,53,53,53,32,32,32,32,30,30,24,70,56,56,37,37,34,26,26,18,18,51,51,47,43,43,58,56,70,70,70,70,70,69,70,68,70,70,70,70,70,70,48,63,60,70,70,70,37,0],"gold":26,"neow_bonus":"ONE_RANDOM_RARE_CARD","is_prod":false,"is_daily":false,"chose_seed":false,"campfire_upgraded":8,"win_rate":0,"timestamp":1549564033,"path_taken":["M","?","?","M","?","R","$","M","T","E","R","$","R","M","R","BOSS","M","?","M","?","?","E","$","M","T","R","M","E","M","?","R","BOSS","M","?","$","?","M","R","M","R","T","M","?","?","M","M","R","BOSS","R","$","E","BOSS"],"build_version":"2019-01-23","purchased_purges":3,"victory":false,"max_hp_per_floor":[70,70,70,70,70,70,70,70,70,70,70,70,70,70,70,70,70,70,70,70,70,70,70,70,70,70,70,70,70,70,70,70,70,70,70,70,70,70,70,70,70,70,70,70,70,70,70,70,70,70,70,70,70,70,70],"card_choices":[{"not_picked":["Deflect","Eviscerate"],"picked":"Dodge and Roll","floor":1.0},{"not_picked":["Expertise","Prepared"],"picked":"Dagger Throw","floor":4.0},{"not_picked":["Poisoned Stab","Crippling Poison"],"picked":"Blade Dance","floor":8.0},{"not_picked":["Dagger Spray","Escape Plan"],"picked":"Footwork","floor":10.0},{"not_picked":["Catalyst","Well Laid Plans"],"picked":"Accuracy","floor":14.0},{"not_picked":["Doppelganger","Unload"],"picked":"Burst","floor":16.0},{"not_picked":["Riddle With Holes+1","Sucker Punch+1"],"picked":"Backflip","floor":18.0},{"not_picked":["Tactician","Distraction","Deadly Poison"],"picked":"SKIP","floor":20.0},{"not_picked":["Blade Dance","Outmaneuver"],"picked":"Cloak And Dagger","floor":22.0},{"not_picked":["Concentrate+1","PiercingWail+1","Acrobatics"],"picked":"SKIP","floor":23.0},{"not_picked":["Heel Hook","Venomology","Bane"],"picked":"SKIP","floor":25.0},{"not_picked":["Cloak And Dagger","Dagger Spray+1"],"picked":"Well Laid Plans+1","floor":28.0},{"not_picked":["Prepared","Reflex"],"picked":"Blade Dance","floor":29.0},{"not_picked":["Backflip","Deflect"],"picked":"Footwork+1","floor":30.0},{"not_picked":["Phantasmal Killer","Venomology"],"picked":"Burst","floor":33.0},{"not_picked":["Acrobatics+1","Leg Sweep+1"],"picked":"Cloak And Dagger+1","floor":35.0},{"not_picked":["Deflect","Slice","Distraction"],"picked":"SKIP","floor":39.0},{"not_picked":["Setup+1","Blade Dance","Endless Agony+1"],"picked":"SKIP","floor":41.0},{"not_picked":["Predator+1","Doppelganger"],"picked":"Footwork+1","floor":44.0},{"not_picked":["Tactician","Backstab+1"],"picked":"Caltrops+1","floor":47.0},{"not_picked":["Deadly Poison+1","Blade Dance+1","All Out Attack+1"],"picked":"SKIP","floor":48.0},{"not_picked":["Acrobatics","Flechettes+1"],"picked":"Poisoned Stab+1","floor":54.0}],"player_experience":729393,"relics_obtained":[{"floor":9.0,"key":"PreservedInsect"},{"floor":9.0,"key":"Oddly Smooth Stone"},{"floor":10.0,"key":"Bronze Scales"},{"floor":21.0,"key":"Happy Flower"},{"floor":23.0,"key":"Pen Nib"},{"floor":26.0,"key":"Orichalcum"},{"floor":26.0,"key":"Bag of Marbles"},{"floor":29.0,"key":"Ninja Scroll"},{"floor":36.0,"key":"Regal Pillow"},{"floor":43.0,"key":"Anchor"},{"floor":45.0,"key":"Tingsha"},{"floor":46.0,"key":"Kunai"},{"floor":54.0,"key":"Sundial"}],"event_choices":[{"damage_healed":0.0,"max_hp_gain":0.0,"max_hp_loss":0.0,"gold_gain":175.0,"event_name":"Liars Game","player_choice":"AGREE","floor":2.0,"gold_loss":0.0,"damage_taken":0.0,"cards_obtained":["Doubt"]},{"damage_healed":0.0,"max_hp_gain":0.0,"max_hp_loss":0.0,"gold_gain":0.0,"event_name":"Scrap Ooze","player_choice":"Success","floor":3.0,"gold_loss":0.0,"damage_taken":3.0,"relics_obtained":["Tiny Chest"]},{"damage_healed":0.0,"max_hp_gain":0.0,"max_hp_loss":0.0,"gold_gain":0.0,"event_name":"Back to Basics","player_choice":"Simplicity","floor":19.0,"gold_loss":0.0,"damage_taken":0.0,"cards_upgraded":["Defend_G","Defend_G","Defend_G","Defend_G","Defend_G","Strike_G","Strike_G","Strike_G","Strike_G","Strike_G"]},{"damage_healed":0.0,"max_hp_gain":0.0,"max_hp_loss":0.0,"gold_gain":0.0,"event_name":"Wheel of Change","player_choice":"Relic","floor":21.0,"gold_loss":0.0,"damage_taken":0.0},{"cards_removed":["Strike_G"],"damage_healed":0.0,"max_hp_gain":0.0,"max_hp_loss":0.0,"gold_gain":0.0,"event_name":"Purifier","player_choice":"Purged","floor":31.0,"gold_loss":0.0,"damage_taken":0.0},{"damage_healed":0.0,"max_hp_gain":0.0,"max_hp_loss":0.0,"gold_gain":0.0,"event_name":"Tomb of Lord Red Mask","player_choice":"Paid","floor":38.0,"gold_loss":112.0,"damage_taken":0.0,"relics_obtained":["Red Mask"]},{"damage_healed":0.0,"max_hp_gain":0.0,"max_hp_loss":0.0,"gold_gain":0.0,"event_name":"MindBloom","player_choice":"Fight","floor":45.0,"gold_loss":0.0,"damage_taken":0.0}],"is_beta":false,"boss_relics":[{"not_picked":["Cursed Key","Runic Dome"],"picked":"Eternal Feather"},{"not_picked":["Tiny House","Runic Pyramid"],"picked":"Empty Cage"}],"items_purged_floors":[7,37,53],"is_endless":false,"potions_floor_spawned":[4,8,23,25,28,29,45,47,48,54],"killed_by":"The Heart","ascension_level":0}