{"gold_per_floor":[114,125,125,138,138,138,173,173,255,284,19,94,110,110,110,215,215,226,226,245,265,276,276,304,304,304,9,22,22,37,37,37,134,134,145,164,180,180,180,180,198,198,198,218,229,11,11,11,11,11,11,11,11,11],"floor_reached":54,"playtime":2752,"items_purged":[],"score":667,"play_id":"63fbc8a4-3557-4c74-8b03-1a81a9e50c57","local_time":"20181229082554","is_ascension_mode":false,"campfire_choices":[{"data":"Fire Breathing","floor":6,"key":"SMITH"},{"data":"Barricade","floor":8,"key":"SMITH"},{"floor":15,"key":"RECALL"},{"floor":23,"key":"DIG"},{"floor":25,"key":"REST"},{"floor":32,"key":"REST"},{"floor":40,"key":"DIG"},{"floor":42,"key":"REST"},{"floor":49,"key":"REST"},{"floor":52,"key":"DIG"}],"neow_cost":"NONE","seed_source_timestamp":2550324209784823,"circlet_count":0,"master_deck":["Strike_R","Strike_R","Strike_R","Strike_R","Strike_R","Defend_R","Defend_R","Defend_R","Bash+1","Pommel Strike","Sword Boomerang","Pommel Strike","Fire Breathing+1","Barricade+1","Perfected Strike","Bandage Up","Feel No Pain","Battle Trance","Feed","Perfected Strike+1","Clash","Disarm","Seeing Red","Burning Pact","Panache","Dramatic Entrance","Feel No Pain","Heavy Blade+1","Ghostly Armor","Necronomicurse","Bludgeon","Fire Breathing+1","Armaments+1","Twin Strike+1","Armaments+1","Flex+1","Parasite","Fire Breathing","Writhe"],"relics":["Burning Blood","Blood Vial","Shovel","Bottled Lightning","Busted Crown","Potion Belt","StoneCalendar","Boot","Ornamental Fan","Necronomicon","Mark of Pain","Pantograph","Bottled Tornado","Ancient Tea Set","Self Forming Clay"],"potions_floor_usage":[7,10,11,16,16,24,24,24,30,35,37,50],"damage_taken":[{"damage":6,"enemies":"Cultist","floor":1,"turns":3},{"damage":6,"enemies":"Jaw Worm","floor":2,"turns":3},{"damage":7,"enemies":"2 Louse","floor":4,"turns":2},{"damage":27,"enemies":"Gremlin Nob","floor":7,"turns":4},{"damage":43,"enemies":"3 Sentries","floor":10,"turns":8},{"damage":7,"enemies":"Exordium Wildlife","floor":13,"turns":2},{"damage":47,"enemies":"Slime Boss","floor":16,"turns":9},{"damage":10,"enemies":"Chosen","floor":18,"turns":3},{"damage":10,"enemies":"Spheric Guardian","floor":20,"turns":3},{"damage":18,"enemies":"Snake Plant","floor":21,"turns":2},{"damage":28,"enemies":"Snecko","floor":22,"turns":6},{"damage":78,"enemies":"Slavers","floor":24,"turns":5},{"damage":20,"enemies":"Cultist and Chosen","floor":28,"turns":5},{"damage":17,"enemies":"Centurion and Healer","floor":30,"turns":5},{"damage":12,"enemies":"Champ","floor":33,"turns":7},{"damage":10,"enemies":"3 Darklings","floor":35,"turns":5},{"damage":4,"enemies":"Orb Walker","floor":36,"turns":2},{"damage":37,"enemies":"Writhing Mass","floor":37,"turns":5},{"damage":48,"enemies":"Spire Growth","floor":41,"turns":5},{"damage":24,"enemies":"Transient","floor":44,"turns":5},{"damage":38,"enemies":"Writhing Mass","floor":45,"turns":6},{"damage":101,"enemies":"Donu and Deca","floor":50,"turns":12},{"damage":101,"enemies":"Shield and Spear","floor":54,"turns":6}],"seed_played":"-5112064617705560254","potions_obtained":[{"floor":2,"key":"EntropicBrew"},{"floor":10,"key":"Strength Potion"},{"floor":20,"key":"Regen Potion"},{"floor":21,"key":"SteroidPotion"},{"floor":22,"key":"BloodPotion"},{"floor":28,"key":"Fire Potion"},{"floor":30,"key":"Fire Potion"},{"floor":36,"key":"Weak Potion"},{"floor":44,"key":"Regen Potion"}],"is_trial":false,"path_per_floor":["M","M","?","M","?","R","E","R","T","E","$","T","M","?","R","B",null,"M","?","M","M","M","R","E","R","T","$","M","?","M","?","R","B",null,"M","M","M","?","?","R","M","R","T","M","M","$","?","?","R","B",null,"R","$","E"],"character_chosen":"IRONCLAD","items_purchased":["Bandage Up","Feel No Pain","Fruit Juice","Panache","Dramatic Entrance","Feel No Pain","Ancient Tea Set","Fire Breathing"],"campfire_rested":4,"item_purchase_floors":[11,11,11,27,27,27,46,46],"current_hp_per_floor":[80,80,80,79,79,79,58,58,58,31,36,36,41,46,46,11,90,86,86,86,78,62,62,19,46,46,46,38,38,33,17,44,44,90,86,90,59,59,59,59,23,49,49,37,11,11,11,33,59,7,87,87,87,0],"gold":11,"neow_bonus":"TRANSFORM_CARD","is_prod":false,"is_daily":false,"chose_seed":false,"campfire_upgraded":2,"win_rate":0,"timestamp":1546071954,"path_taken":["M","?","?","M","?","R","E","R","T","E","$","?","?","?","R","BOSS","M","?","M","M","M","R","E","R","T","$","M","?","M","?","R","BOSS","M","M","M","?","?","R","M","R","T","?","M","$","?","?","R","BOSS","R","$","E"],"build_version":"2018-12-20","purchased_purges":0,"victory":false,"max_hp_per_floor":[80,80,80,80,80,80,80,80,80,80,85,85,85,90,90,90,90,90,90,90,90,90,90,90,90,90,90,90,90,90,90,90,90,90,90,90,90,90,87,87,87,87,87,87,87,87,87,87,87,87,87,87,87,87],"card_choices":[{"not_picked":["Iron Wave","Havoc"],"picked":"Sword Boomerang","floor":1},{"not_picked":["Warcry","Havoc"],"picked":"Pommel Strike","floor":2},{"not_picked":["Sentinel","Clash"],"picked":"Fire Breathing","floor":4},{"not_picked":["Sword Boomerang","Reaper"],"picked":"Barricade","floor":7},{"not_picked":["Flame Barrier","Dual Wield"],"picked":"Perfected Strike","floor":10},{"not_picked":["True Grit","Rupture"],"picked":"Battle Trance","floor":13},{"not_picked":["Immolate","Offering"],"picked":"Feed","floor":16},{"not_picked":[],"picked":"Perfected Strike+1","floor":18},{"not_picked":[],"picked":"Clash","floor":20},{"not_picked":[],"picked":"Disarm","floor":21},{"not_picked":[],"picked":"Seeing Red","floor":22},{"not_picked":[],"picked":"Burning Pact","floor":24},{"not_picked":[],"picked":"Heavy Blade+1","floor":28},{"not_picked":[],"picked":"Ghostly Armor","floor":30},{"not_picked":[],"picked":"Bludgeon","floor":33},{"not_picked":[],"picked":"Fire Breathing+1","floor":35},{"not_picked":[],"picked":"Armaments+1","floor":36},{"not_picked":[],"picked":"Twin Strike+1","floor":37},{"not_picked":[],"picked":"Armaments+1","floor":41},{"not_picked":[],"picked":"Flex+1","floor":44},{"not_picked":["Havoc"],"picked":"SKIP","floor":45}],"player_experience":836818,"relics_obtained":[{"floor":7,"key":"Blood Vial"},{"floor":10,"key":"Shovel"},{"floor":12,"key":"Bottled Lightning"},{"floor":23,"key":"StoneCalendar"},{"floor":24,"key":"Boot"},{"floor":26,"key":"Ornamental Fan"},{"floor":31,"key":"Necronomicon"},{"floor":40,"key":"Pantograph"},{"floor":43,"key":"Bottled Tornado"},{"floor":52,"key":"Self Forming Clay"}],"event_choices":[{"damage_healed":0,"gold_gain":0,"player_choice":"Grow","damage_taken":0,"max_hp_gain":0,"max_hp_loss":0,"event_name":"Living Wall","floor":3,"gold_loss":0,"cards_upgraded":["Bash"]},{"damage_healed":0,"gold_gain":0,"player_choice":"Leave","damage_taken":0,"max_hp_gain":0,"max_hp_loss":0,"event_name":"The Cleric","floor":5,"gold_loss":0},{"damage_healed":0,"gold_gain":0,"player_choice":"Donut","damage_taken":0,"max_hp_gain":5,"max_hp_loss":0,"event_name":"Big Fish","floor":14,"gold_loss":0},{"damage_healed":0,"gold_gain":0,"player_choice":"Opened","damage_taken":0,"relics_obtained":["Potion Belt"],"max_hp_gain":0,"max_hp_loss":0,"event_name":"The Mausoleum","floor":19,"gold_loss":0,"cards_obtained":["Writhe"]},{"damage_healed":0,"gold_gain":0,"player_choice":"Ignored","damage_taken":0,"max_hp_gain":0,"max_hp_loss":0,"event_name":"Beggar","floor":29,"gold_loss":0},{"damage_healed":0,"gold_gain":0,"player_choice":"Obtained Book","damage_taken":16,"max_hp_gain":0,"max_hp_loss":0,"event_name":"Cursed Tome","floor":31,"gold_loss":0},{"damage_healed":0,"gold_gain":0,"player_choice":"Ignored","damage_taken":0,"max_hp_gain":0,"max_hp_loss":0,"event_name":"Tomb of Lord Red Mask","floor":38,"gold_loss":0},{"cards_removed":["Parasite","Writhe"],"damage_healed":0,"gold_gain":0,"player_choice":"Removed Curses","damage_taken":0,"max_hp_gain":0,"max_hp_loss":0,"event_name":"Fountain of Cleansing","floor":39,"gold_loss":0},{"damage_healed":0,"gold_gain":0,"player_choice":"Ignored","damage_taken":0,"max_hp_gain":0,"max_hp_loss":0,"event_name":"Mysterious Sphere","floor":47,"gold_loss":0},{"damage_healed":22,"gold_gain":0,"player_choice":"Writhe","damage_taken":0,"max_hp_gain":0,"max_hp_loss":0,"event_name":"Winding Halls","floor":48,"gold_loss":0,"cards_obtained":["Writhe"]}],"is_beta":false,"boss_relics":[{"not_picked":["Runic Cube","Cursed Key"],"picked":"Busted Crown"},{"not_picked":["Sozu","Empty Cage"],"picked":"Mark of Pain"}],"items_purged_floors":[],"is_endless":false,"potions_floor_spawned":[2,10,20,21,22,28,30,36,44],"killed_by":"Shield and Spear","ascension_level":0}