{"gold_per_floor":[118,136,156,172,247,247,277,277,323,341,352,352,352,369,369,474,474,486,504,520,520,520],"floor_reached":22,"playtime":1459,"items_purged":[],"score":209,"play_id":"227052c8-361d-47a7-8d64-a3ed0dbde9ef","local_time":"20180817203444","is_ascension_mode":true,"campfire_choices":[{"floor":6,"key":"REST"},{"data":"Dagger Spray","floor":8,"key":"SMITH"},{"data":"Cloak And Dagger","floor":13,"key":"SMITH"},{"data":"Venomology","floor":15,"key":"SMITH"}],"neow_cost":"NONE","seed_source_timestamp":4228473883754371,"circlet_count":0,"master_deck":["Defend_G","Defend_G","Defend_G","Defend_G","Defend_G","Strike_G","Strike_G","Strike_G","Strike_G","Strike_G","Survivor","Neutralize","Deflect","Dagger Spray+1","Infinite Blades","Blur","Bouncing Flask","Blade Dance","Cloak And Dagger+1","Venomology+1","Burst","Finisher+1","Outmaneuver+1","Noxious Fumes+1"],"relics":["Ring of the Snake","Ninja Scroll","Art of War","Cursed Key"],"potions_floor_usage":[16,18,18,22,22],"damage_taken":[{"damage":2,"enemies":"2 Louse","floor":1,"turns":4},{"damage":0,"enemies":"Small Slimes","floor":2,"turns":5},{"damage":2,"enemies":"Jaw Worm","floor":3,"turns":5},{"damage":9,"enemies":"2 Fungi Beasts","floor":4,"turns":3},{"damage":15,"enemies":"3 Sentries","floor":7,"turns":9},{"damage":0,"enemies":"Blue Slaver","floor":10,"turns":3},{"damage":0,"enemies":"Lots of Slimes","floor":11,"turns":1},{"damage":0,"enemies":"2 Fungi Beasts","floor":14,"turns":3},{"damage":44,"enemies":"The Guardian","floor":16,"turns":10},{"damage":0,"enemies":"2 Thieves","floor":18,"turns":4},{"damage":13,"enemies":"Shell Parasite","floor":19,"turns":4},{"damage":20,"enemies":"Sentry and Sphere","floor":20,"turns":5},{"damage":52,"floor":22,"turns":5}],"seed_played":"8966692632679077109","potions_obtained":[{"floor":1,"key":"Poison Potion"},{"floor":7,"key":"GamblersBrew"},{"floor":10,"key":"Dexterity Potion"},{"floor":14,"key":"Fire Potion"},{"floor":18,"key":"GhostInAJar"}],"is_trial":false,"path_per_floor":["M","M","M","M","?","R","E","R","T","M","M","?","R","M","R","B",null,"M","M","M","?"],"character_chosen":"THE_SILENT","items_purchased":[],"campfire_rested":1,"item_purchase_floors":[],"current_hp_per_floor":[75,75,73,64,53,76,61,61,61,61,61,66,66,66,66,22,82,82,69,49,49,0],"gold":520,"neow_bonus":"TEN_PERCENT_HP_BONUS","is_prod":false,"is_daily":false,"chose_seed":false,"campfire_upgraded":3,"win_rate":0,"timestamp":1534534484,"path_taken":["M","M","M","M","?","R","E","R","T","M","M","?","R","M","R","BOSS","M","M","M","?","?"],"build_version":"2018-08-16","purchased_purges":0,"victory":false,"max_hp_per_floor":[77,77,77,77,77,77,77,77,77,77,77,82,82,82,82,82,82,82,82,82,82,82],"card_choices":[{"not_picked":["Heel Hook","Dodge and Roll"],"picked":"Deflect","floor":1},{"not_picked":["Quick Slash","Distraction"],"picked":"Dagger Spray","floor":2},{"not_picked":["Bane","Dagger Throw"],"picked":"Infinite Blades","floor":3},{"not_picked":["Quick Slash","Underhanded Strike"],"picked":"Blur","floor":4},{"not_picked":["Bane","Dagger Spray"],"picked":"Bouncing Flask","floor":7},{"not_picked":["Slice","Cloak And Dagger"],"picked":"Blade Dance","floor":10},{"not_picked":["Prepared","Heel Hook"],"picked":"Cloak And Dagger","floor":11},{"not_picked":["Acrobatics","Deadly Poison"],"picked":"Venomology","floor":14},{"not_picked":["Bullet Time","Die Die Die"],"picked":"Burst","floor":16},{"not_picked":["Dagger Spray+1","Endless Agony"],"picked":"Finisher+1","floor":18},{"not_picked":["Flechettes","Expertise"],"picked":"Outmaneuver+1","floor":19},{"not_picked":["Deflect","Outmaneuver+1"],"picked":"Noxious Fumes","floor":20}],"player_experience":394271,"relics_obtained":[{"floor":7,"key":"Ninja Scroll"},{"floor":9,"key":"Art of War"}],"event_choices":[{"event_name":"World of Goop","player_choice":"Gather Gold","floor":5,"damage_taken":0},{"event_name":"Big Fish","player_choice":"Donut","floor":12,"damage_taken":0},{"event_name":"Accursed Blacksmith","player_choice":"Forge","floor":21,"damage_taken":0},{"event_name":"Masked Bandits","player_choice":"Fought Bandits","floor":22,"damage_taken":0}],"is_beta":false,"boss_relics":[{"not_picked":["Velvet Choker","Runic Dome"],"picked":"Cursed Key"}],"items_purged_floors":[],"is_endless":false,"potions_floor_spawned":[1,7,10,14,18],"ascension_level":2}