{"gold_per_floor":[114,129,144,159,174,204,204,30,30,0,0,15,30,45,45,145,145,130,145,76,76,91,91,121,121,121,51,51,66,81,96,96,196,196,211,226,241,241,256,256,256,256,331,346,361,361,376,66,66,66],"floor_reached":51,"playtime":6150,"items_purged":["Decay"],"score":757,"play_id":"c7ad7be8-e664-4d28-9cf7-a62f5e0925e2","local_time":"20180819043224","daily_mods":["Shiny","Uncertain Future","Binary"],"is_ascension_mode":false,"campfire_choices":[{"floor":7,"key":"REST"},{"floor":11,"key":"REST"},{"data":"Night Terror","floor":15,"key":"SMITH"},{"data":"Cloak And Dagger","floor":23,"key":"SMITH"},{"data":"After Image","floor":25,"key":"SMITH"},{"floor":32,"key":"REST"},{"data":"Burst","floor":40,"key":"SMITH"},{"data":"Infinite Blades","floor":49,"key":"SMITH"}],"neow_cost":"","seed_source_timestamp":4336151487983842,"circlet_count":0,"master_deck":["Venomology+1","Corpse Explosion+1","Malaise+1","Phantasmal Killer+1","Die Die Die+1","Adrenaline+1","Envenom+1","Doppelganger+1","Burst+1","Wraith Form v2+1","Tools of the Trade+1","Night Terror+1","Unload+1","After Image+1","Bullet Time+1","Storm of Steel+1","Glass Knife+1","A Thousand Cuts+1","Grand Finale+1","Outmaneuver+1","Dodge and Roll+1","Cloak And Dagger+1","Bouncing Flask+1","Cloak And Dagger+1","Leg Sweep+1","Cloak And Dagger+1","Accuracy+1","Acrobatics+1","Deadly Poison+1","Die Die Die+1","Choke+1","PiercingWail+1","Footwork+1","Slice+1","Tools of the Trade+1","Cloak And Dagger+1","Calculated Gamble+1","Well Laid Plans+1","Accuracy+1","Cloak And Dagger+1","Concentrate+1","Reflex+1","Corpse Explosion+1","Bane+1","Slice+1","Skewer+1","Setup+1","Deadly Poison+1","Backflip+1","Tactician+1","Infinite Blades+1","Enlightenment","Blade Dance"],"special_seed":17762,"relics":["Ring of the Snake","Orichalcum","Ancient Tea Set","Tough Bandages","WristBlade","War Paint","Turnip","Coffee Dripper","Mark of the Bloom","Gremlin Horn"],"potions_floor_usage":[2,3,6,12,16,19,22,22,24,29,31,33,39,39,45,45,46,50],"damage_taken":[{"damage":6,"enemies":"Cultist","floor":1,"turns":3},{"damage":0,"enemies":"Small Slimes","floor":2,"turns":2},{"damage":3,"enemies":"Jaw Worm","floor":3,"turns":3},{"damage":11,"enemies":"Lots of Slimes","floor":4,"turns":2},{"damage":7,"enemies":"Blue Slaver","floor":5,"turns":5},{"damage":27,"enemies":"Gremlin Nob","floor":6,"turns":7},{"damage":0,"enemies":"Exordium Thugs","floor":12,"turns":6},{"damage":0,"enemies":"3 Louse","floor":13,"turns":1},{"damage":0,"enemies":"Large Slime","floor":14,"turns":3},{"damage":22,"enemies":"The Guardian","floor":16,"turns":10},{"damage":8,"enemies":"2 Thieves","floor":18,"turns":4},{"damage":4,"enemies":"3 Byrds","floor":19,"turns":2},{"damage":0,"enemies":"Snake Plant","floor":22,"turns":4},{"damage":8,"enemies":"Book of Stabbing","floor":24,"turns":5},{"damage":0,"enemies":"Centurion and Healer","floor":29,"turns":6},{"damage":6,"enemies":"Snecko","floor":30,"turns":3},{"damage":7,"enemies":"Snake Plant","floor":31,"turns":4},{"damage":4,"enemies":"Automaton","floor":33,"turns":10},{"damage":5,"enemies":"3 Shapes","floor":35,"turns":7},{"damage":6,"enemies":"3 Darklings","floor":36,"turns":3},{"damage":0,"enemies":"Maw","floor":37,"turns":8},{"damage":7,"enemies":"Transient","floor":39,"turns":5},{"damage":0,"enemies":"4 Shapes","floor":44,"turns":3},{"damage":0,"enemies":"Maw","floor":45,"turns":5},{"damage":0,"enemies":"2 Orb Walkers","floor":46,"turns":1},{"damage":0,"enemies":"3 Darklings","floor":47,"turns":4},{"damage":13,"enemies":"Donu and Deca","floor":50,"turns":4}],"seed_played":"-5091411404733603740","potions_obtained":[{"floor":1,"key":"Explosive Potion"},{"floor":5,"key":"Swift Potion"},{"floor":6,"key":"LiquidBronze"},{"floor":13,"key":"SteroidPotion"},{"floor":22,"key":"FearPotion"},{"floor":29,"key":"PowerPotion"},{"floor":33,"key":"Fire Potion"},{"floor":37,"key":"SmokeBomb"},{"floor":44,"key":"Weak Potion"},{"floor":45,"key":"Fruit Juice"}],"is_trial":false,"path_per_floor":["M","M","M","M","M","E","R","$","T","?","R","M","M","M","R","B",null,"M","M","$","?","M","R","E","R","T","$","?","M","M","M","R","B",null,"M","M","M","?","M","R","?","R","T","M","M","E","M","$","R","B"],"character_chosen":"THE_SILENT","items_purchased":["Ancient Tea Set","Cloak And Dagger","Footwork","Well Laid Plans","Infinite Blades","Enlightenment","Blade Dance"],"campfire_rested":3,"item_purchase_floors":[8,8,20,27,48,48,48],"current_hp_per_floor":[64,64,61,50,43,16,37,37,37,37,58,58,58,58,58,36,70,62,58,58,58,70,70,62,62,62,62,62,62,56,49,70,66,70,65,59,59,59,52,52,52,52,52,52,52,52,52,52,52,39],"gold":66,"neow_bonus":"","is_prod":false,"is_daily":true,"chose_seed":false,"campfire_upgraded":5,"win_rate":0,"timestamp":1534649544,"path_taken":["M","?","M","M","M","E","R","$","T","?","R","M","?","M","R","BOSS","M","M","$","?","M","R","E","R","T","?","?","M","M","M","R","BOSS","M","M","M","?","M","R","?","R","T","M","?","E","M","$","R","BOSS"],"build_version":"2018-08-16","purchased_purges":1,"victory":true,"max_hp_per_floor":[70,70,70,70,70,70,70,70,70,70,70,70,70,70,70,70,70,70,70,70,70,70,70,70,70,70,70,70,70,70,70,70,70,70,70,70,70,70,70,70,70,70,70,70,75,75,75,75,75,75],"card_choices":[{"not_picked":["Backflip"],"picked":"Outmaneuver","floor":1},{"not_picked":["Leg Sweep"],"picked":"Dodge and Roll","floor":2},{"not_picked":["Poisoned Stab"],"picked":"Cloak And Dagger","floor":3},{"not_picked":["Tools of the Trade"],"picked":"Bouncing Flask","floor":4},{"not_picked":["Outmaneuver"],"picked":"Cloak And Dagger","floor":5},{"not_picked":["Phantasmal Killer"],"picked":"Leg Sweep","floor":6},{"not_picked":["Dagger Throw"],"picked":"Accuracy","floor":12},{"not_picked":["Eviscerate"],"picked":"Acrobatics","floor":13},{"not_picked":["Masterful Stab"],"picked":"Deadly Poison","floor":14},{"not_picked":["Tools of the Trade"],"picked":"Die Die Die","floor":16},{"not_picked":["Quick Slash"],"picked":"Choke","floor":18},{"not_picked":["Quick Slash"],"picked":"PiercingWail","floor":19},{"not_picked":["Endless Agony"],"picked":"Cloak And Dagger","floor":22},{"not_picked":["Deflect"],"picked":"Calculated Gamble","floor":24},{"not_picked":["Escape Plan"],"picked":"Cloak And Dagger","floor":29},{"not_picked":["Poisoned Stab+1"],"picked":"Concentrate","floor":30},{"not_picked":["Slice"],"picked":"Reflex","floor":31},{"not_picked":["Grand Finale"],"picked":"Corpse Explosion","floor":33},{"not_picked":["Choke+1"],"picked":"Bane+1","floor":35},{"not_picked":["Masterful Stab"],"picked":"Slice+1","floor":36},{"not_picked":["Endless Agony"],"picked":"Skewer","floor":37},{"not_picked":["Masterful Stab+1"],"picked":"Setup+1","floor":39},{"not_picked":["Poisoned Stab+1"],"picked":"Deadly Poison+1","floor":44},{"not_picked":["Deflect+1"],"picked":"Backflip+1","floor":45},{"not_picked":["Prepared+1"],"picked":"Tactician+1","floor":47}],"player_experience":411008,"relics_obtained":[{"floor":6,"key":"Orichalcum"},{"floor":9,"key":"Tough Bandages"},{"floor":24,"key":"War Paint"},{"floor":26,"key":"Turnip"},{"floor":43,"key":"Gremlin Horn"}],"event_choices":[{"event_name":"World of Goop","player_choice":"Left","floor":10,"damage_taken":0},{"event_name":"Match and Keep!","player_choice":"3 cards matched","floor":21,"damage_taken":0},{"event_name":"The Library","player_choice":"Read","floor":28,"damage_taken":0},{"event_name":"Tomb of Lord Red Mask","player_choice":"Ignored","floor":38,"damage_taken":0},{"event_name":"MindBloom","player_choice":"Upgrade","floor":41,"damage_taken":0}],"is_beta":false,"boss_relics":[{"not_picked":["Runic Pyramid","Philosopher\u0027s Stone"],"picked":"WristBlade"},{"not_picked":["Runic Dome","Astrolabe"],"picked":"Coffee Dripper"}],"items_purged_floors":[48],"is_endless":false,"potions_floor_spawned":[1,5,6,13,14,18,22,29,33,36,37,44,45],"ascension_level":0}