{"gold_per_floor":[114,134,57,76,76,76,94,114,114,131,131,131,164,182,182,283,283,302,321,321],"floor_reached":20,"playtime":1081,"items_purged":[],"score":178,"play_id":"06604fce-ab05-4359-b905-103d0111d47b","local_time":"20190319044526","is_ascension_mode":false,"campfire_choices":[{"data":"Noxious Fumes","floor":6,"key":"SMITH"},{"floor":11,"key":"RECALL"},{"floor":15,"key":"REST"}],"neow_cost":"NONE","seed_source_timestamp":509028856404515,"circlet_count":0,"master_deck":["Defend_G","Defend_G","Defend_G","Defend_G","Strike_G+1","Strike_G","Strike_G","Strike_G","Survivor","Neutralize","Noxious Fumes+1","Bane","Dagger Throw+1","Die Die Die","Adrenaline","Poisoned Stab","Burst","Bouncing Flask"],"relics":["Empty Cage","NlothsMask","Boot","HoveringKite"],"potions_floor_usage":[4,7,13,20],"damage_taken":[{"damage":1,"enemies":"2 Louse","floor":1,"turns":3},{"damage":1,"enemies":"Cultist","floor":2,"turns":5},{"damage":5,"enemies":"Small Slimes","floor":4,"turns":4},{"damage":7,"enemies":"3 Louse","floor":7,"turns":3},{"damage":6,"enemies":"Blue Slaver","floor":8,"turns":4},{"damage":0,"enemies":"Large Slime","floor":10,"turns":5},{"damage":8,"enemies":"Gremlin Nob","floor":13,"turns":3},{"damage":3,"enemies":"Lots of Slimes","floor":14,"turns":2},{"damage":28,"enemies":"The Guardian","floor":16,"turns":11},{"damage":5,"enemies":"Shell Parasite","floor":18,"turns":6},{"damage":47,"enemies":"3 Byrds","floor":19,"turns":5},{"damage":28,"enemies":"Shelled Parasite and Fungi","floor":20,"turns":2}],"seed_played":"1515544665523774419","potions_obtained":[{"floor":2,"key":"SpeedPotion"},{"floor":4,"key":"SpeedPotion"},{"floor":7,"key":"Poison Potion"},{"floor":19,"key":"Strength Potion"}],"is_trial":false,"path_per_floor":["M","M","$","M","?","R","M","M","T","M","R","?","E","M","R","B",null,"M","M","M"],"character_chosen":"THE_SILENT","items_purchased":["Noxious Fumes"],"campfire_rested":1,"item_purchase_floors":[3],"current_hp_per_floor":[69,68,68,63,63,63,56,50,50,50,50,36,28,25,46,18,70,65,18,0],"gold":321,"neow_bonus":"BOSS_RELIC","is_prod":false,"is_daily":false,"chose_seed":false,"campfire_upgraded":1,"win_rate":0,"timestamp":1552979726,"path_taken":["M","M","$","M","?","R","M","M","T","?","R","?","E","M","R","BOSS","M","M","M"],"build_version":"2019-03-15","purchased_purges":0,"victory":false,"max_hp_per_floor":[70,70,70,70,70,70,70,70,70,70,70,70,70,70,70,70,70,70,70,70],"card_choices":[{"not_picked":["Quick Slash","Prepared","Outmaneuver"],"picked":"SKIP","floor":1},{"not_picked":["Backflip","Deflect","Sucker Punch"],"picked":"SKIP","floor":2},{"not_picked":["Prepared","Catalyst"],"picked":"Bane","floor":4},{"not_picked":["Quick Slash","Acrobatics"],"picked":"Dagger Throw","floor":7},{"not_picked":["Distraction","Riddle With Holes"],"picked":"Die Die Die","floor":8},{"not_picked":["Cloak And Dagger","Slice","Quick Slash"],"picked":"SKIP","floor":10},{"not_picked":["Well Laid Plans","Noxious Fumes"],"picked":"Adrenaline","floor":13},{"not_picked":["Flying Knee","Sucker Punch"],"picked":"Poisoned Stab","floor":14},{"not_picked":["Venomology","A Thousand Cuts"],"picked":"Burst","floor":16},{"not_picked":["Bane","Cloak And Dagger"],"picked":"Bouncing Flask","floor":18},{"not_picked":["Outmaneuver","Deadly Poison","Poisoned Stab"],"picked":"SKIP","floor":19}],"player_experience":732819,"relics_obtained":[{"floor":13,"key":"Boot"}],"event_choices":[{"damage_healed":0,"gold_gain":0,"player_choice":"Trade","damage_taken":0,"relics_obtained":["NlothsMask"],"max_hp_gain":0,"max_hp_loss":0,"event_name":"FaceTrader","floor":5,"gold_loss":0},{"damage_healed":0,"gold_gain":0,"player_choice":"Entered Light","damage_taken":14,"max_hp_gain":0,"max_hp_loss":0,"event_name":"Shining Light","floor":12,"gold_loss":0,"cards_upgraded":["Strike_G","Dagger Throw"]}],"is_beta":true,"boss_relics":[{"not_picked":["Pandora\u0027s Box","Snecko Eye"],"picked":"HoveringKite"}],"items_purged_floors":[],"is_endless":false,"potions_floor_spawned":[2,4,7,19],"killed_by":"Shelled Parasite and Fungi","ascension_level":0}