{"gold_per_floor":[213,233,154,154,174,174,174,174,174,191,191,206,206,226,226,324,324,335,335,335,29,29,29,44,64,135,135,150,163,175,65,65,163,163,178,189,209,140,140],"floor_reached":39,"playtime":2238,"items_purged":[],"score":398,"play_id":"7fdb6309-4a8a-42ee-a192-ad9164af438b","local_time":"20180917144105","is_ascension_mode":false,"campfire_choices":[{"data":"Caltrops","floor":6,"key":"SMITH"},{"data":"Cloak And Dagger","floor":8,"key":"SMITH"},{"data":"Infinite Blades","floor":11,"key":"SMITH"},{"floor":13,"key":"REST"},{"floor":15,"key":"REST"},{"data":"Caltrops","floor":23,"key":"SMITH"},{"floor":27,"key":"REST"},{"floor":32,"key":"REST"}],"neow_cost":"NONE","seed_source_timestamp":129321925327115,"circlet_count":0,"master_deck":["Defend_G","Defend_G","Defend_G","Defend_G","Defend_G","Strike_G","Strike_G","Strike_G","Strike_G+1","Strike_G","Survivor","Neutralize","Cloak And Dagger+1","Riddle With Holes","Caltrops+1","Quick Slash+1","Infinite Blades+1","Deadly Poison","Dagger Spray","Adrenaline","Caltrops+1","Accuracy","Bouncing Flask","Distraction","Blade Dance","Expertise+1","Blade Dance+1","Catalyst","Caltrops","Bouncing Flask","Night Terror","Deflect","Backflip","Bane+1","Infinite Blades"],"relics":["Ring of the Snake","Ninja Scroll","Odd Mushroom","Sozu","Bronze Scales","Mercury Hourglass"],"potions_floor_usage":[33],"damage_taken":[{"damage":0,"enemies":"2 Louse","floor":1,"turns":3},{"damage":0,"enemies":"Cultist","floor":2,"turns":5},{"damage":0,"enemies":"Small Slimes","floor":5,"turns":3},{"damage":4,"enemies":"3 Louse","floor":10,"turns":2},{"damage":11,"enemies":"Large Slime","floor":12,"turns":5},{"damage":14,"enemies":"The Mushroom Lair","floor":14,"turns":3},{"damage":31,"enemies":"The Guardian","floor":16,"turns":12},{"damage":0,"enemies":"Chosen","floor":18,"turns":4},{"damage":14,"enemies":"2 Thieves","floor":24,"turns":3},{"damage":5,"enemies":"3 Cultists","floor":25,"turns":4},{"damage":15,"enemies":"Centurion and Healer","floor":28,"turns":5},{"damage":10,"enemies":"Chosen and Byrds","floor":29,"turns":4},{"damage":17,"enemies":"Snake Plant","floor":30,"turns":3},{"damage":30,"enemies":"Champ","floor":33,"turns":9},{"damage":13,"enemies":"Orb Walker","floor":35,"turns":3},{"damage":5,"enemies":"3 Shapes","floor":36,"turns":6},{"damage":56,"enemies":"Spire Growth","floor":37,"turns":5},{"damage":5,"enemies":"Sphere and 2 Shapes","floor":39,"turns":2}],"seed_played":"-4588638895228201850","potions_obtained":[{"floor":10,"key":"GhostInAJar"},{"floor":12,"key":"EntropicBrew"},{"floor":14,"key":"GamblersBrew"}],"is_trial":false,"path_per_floor":["M","M","$","?","M","R","?","R","T","M","R","M","R","?","R","B",null,"M","?","?","$","?","R","M","M","T","R","M","M","M","$","R","B",null,"M","M","M","$"],"character_chosen":"THE_SILENT","items_purchased":["Caltrops","Accuracy","Bronze Scales","Bouncing Flask","Caltrops","Bouncing Flask","Infinite Blades"],"campfire_rested":4,"item_purchase_floors":[3,21,21,21,31,31,38],"current_hp_per_floor":[70,70,70,70,70,70,56,56,56,52,52,41,62,48,69,38,70,70,57,57,57,57,57,43,38,38,60,45,35,18,18,40,10,75,62,57,1,1,0],"gold":140,"neow_bonus":"HUNDRED_GOLD","is_prod":false,"is_daily":false,"chose_seed":false,"campfire_upgraded":4,"win_rate":0,"timestamp":1537191665,"path_taken":["M","M","$","?","M","R","?","R","T","M","R","M","R","?","R","BOSS","M","?","?","$","?","R","M","M","T","R","M","M","?","$","R","BOSS","M","M","M","$","M"],"build_version":"2018-09-06","purchased_purges":0,"victory":false,"max_hp_per_floor":[70,70,70,70,70,70,70,70,70,70,70,70,70,70,70,70,70,70,75,75,75,75,75,75,75,75,75,75,75,75,75,75,75,75,75,75,75,75,75],"card_choices":[{"not_picked":["Underhanded Strike","Dagger Throw"],"picked":"Cloak And Dagger","floor":1},{"not_picked":["Bane","Flying Knee"],"picked":"Riddle With Holes","floor":2},{"not_picked":["Dagger Throw","Dodge and Roll"],"picked":"Quick Slash","floor":5},{"not_picked":["All Out Attack","Dagger Throw"],"picked":"Infinite Blades","floor":10},{"not_picked":["All Out Attack","Deflect"],"picked":"Deadly Poison","floor":12},{"not_picked":["Deadly Poison","Backflip"],"picked":"Dagger Spray","floor":14},{"not_picked":["Unload","Phantasmal Killer"],"picked":"Adrenaline","floor":16},{"not_picked":["Flying Knee","Backflip+1"],"picked":"Caltrops","floor":18},{"not_picked":["Expertise+1","Acrobatics"],"picked":"Distraction","floor":24},{"not_picked":["PiercingWail","Deflect"],"picked":"Blade Dance","floor":25},{"not_picked":["Reflex","Acrobatics"],"picked":"Expertise+1","floor":28},{"not_picked":["Bane+1","Underhanded Strike"],"picked":"Blade Dance+1","floor":29},{"not_picked":["Bullet Time","Acrobatics"],"picked":"Catalyst","floor":30},{"not_picked":["Venomology","Adrenaline"],"picked":"Night Terror","floor":33},{"not_picked":["Reflex+1","Sucker Punch+1"],"picked":"Deflect","floor":35},{"not_picked":["Reflex","Bane+1"],"picked":"Backflip","floor":36},{"not_picked":["Blur","Escape Plan"],"picked":"Bane+1","floor":37}],"player_experience":536657,"relics_obtained":[{"floor":9,"key":"Ninja Scroll"},{"floor":14,"key":"Odd Mushroom"},{"floor":26,"key":"Mercury Hourglass"}],"event_choices":[{"event_name":"Golden Wing","player_choice":"Ignored","floor":4,"damage_taken":0},{"event_name":"Shining Light","player_choice":"Entered Light","floor":7,"damage_taken":0},{"event_name":"Mushrooms","player_choice":"Fought Mushrooms","floor":14,"damage_taken":0},{"event_name":"Forgotten Altar","player_choice":"Shed Blood","floor":19,"damage_taken":0},{"event_name":"Vampires","player_choice":"Ignored","floor":20,"damage_taken":0},{"event_name":"N\u0027loth","player_choice":"Ignored","floor":22,"damage_taken":0}],"is_beta":false,"boss_relics":[{"not_picked":["Ectoplasm","Black Star"],"picked":"Sozu"},{"not_picked":["Velvet Choker","Ring of the Serpent","Empty Cage"]}],"items_purged_floors":[],"is_endless":false,"potions_floor_spawned":[10,12,14,28,30,33,35,36],"killed_by":"Sphere and 2 Shapes","ascension_level":0}