{"gold_per_floor":[209,81,99,113,130,130,145,145,145,145,145,168,51,64,64,166,166,185,17,35,35,46,46,78,78,78,78,51,66,66,83,83,83],"floor_reached":33,"playtime":1762,"items_purged":[],"score":308,"play_id":"319d646f-0981-4ac4-b37e-037afcd03759","local_time":"20180831171340","is_ascension_mode":true,"campfire_choices":[{"data":"Armaments","floor":6,"key":"SMITH"},{"data":"Flame Barrier","floor":8,"key":"SMITH"},{"data":"Inflame","floor":10,"key":"SMITH"},{"data":"Heavy Blade","floor":15,"key":"SMITH"},{"data":"Whirlwind","floor":23,"key":"SMITH"},{"data":"Fire Breathing","floor":25,"key":"SMITH"},{"data":"Double Tap","floor":27,"key":"SMITH"},{"floor":30,"key":"REST"},{"data":"Heavy Blade","floor":32,"key":"SMITH"}],"neow_cost":"NONE","seed_source_timestamp":28662265289872,"circlet_count":0,"master_deck":["Strike_R","Strike_R","Strike_R","Strike_R","Strike_R","Defend_R","Defend_R","Defend_R","Defend_R","Bash","Armaments+1","Inflame+1","Shrug It Off","Iron Wave","Flame Barrier+1","Shockwave+1","Heavy Blade+1","Fire Breathing+1","Cleave","Double Tap+1","Cleave","Metallicize","Whirlwind+1","Iron Wave+1","Sword Boomerang+1","Inflame","Ghostly Armor","Heavy Blade+1"],"relics":["Black Blood","The Courier","Odd Mushroom","Bronze Scales","Bag of Marbles","Calipers","Mummified Hand"],"potions_floor_usage":[14,16,16,22,22,24,33],"damage_taken":[{"damage":1,"enemies":"Cultist","floor":1,"turns":3},{"damage":2,"enemies":"2 Louse","floor":3,"turns":5},{"damage":1,"enemies":"Small Slimes","floor":4,"turns":5},{"damage":10,"enemies":"Looter","floor":5,"turns":5},{"damage":12,"enemies":"Large Slime","floor":7,"turns":7},{"damage":19,"enemies":"The Mushroom Lair","floor":12,"turns":5},{"damage":6,"enemies":"Exordium Thugs","floor":14,"turns":4},{"damage":53,"enemies":"Slime Boss","floor":16,"turns":11},{"damage":22,"enemies":"Spheric Guardian","floor":18,"turns":5},{"damage":20,"enemies":"Shell Parasite","floor":20,"turns":5},{"damage":1,"enemies":"Cultist and Chosen","floor":22,"turns":4},{"damage":17,"enemies":"Book of Stabbing","floor":24,"turns":6},{"damage":28,"enemies":"Shelled Parasite and Fungi","floor":29,"turns":4},{"damage":1,"enemies":"3 Cultists","floor":31,"turns":3},{"damage":81,"enemies":"Champ","floor":33,"turns":11}],"seed_played":"-472906047031200437","potions_obtained":[{"floor":1,"key":"GamblersBrew"},{"floor":3,"key":"SpeedPotion"},{"floor":14,"key":"Block Potion"},{"floor":16,"key":"Energy Potion"},{"floor":18,"key":"Energy Potion"},{"floor":20,"key":"Energy Potion"},{"floor":31,"key":"Ancient Potion"}],"is_trial":false,"path_per_floor":["M","$","M","M","M","R","M","R","T","R","?","?","$","M","R","B",null,"M","$","M","?","M","R","E","R","T","R","$","M","R","M","R"],"character_chosen":"IRONCLAD","items_purchased":["Inflame","Shrug It Off","Bronze Scales","Bag of Marbles","Metallicize","Inflame"],"campfire_rested":1,"item_purchase_floors":[2,2,13,19,19,28],"current_hp_per_floor":[80,80,80,80,76,76,70,70,70,70,70,57,57,57,57,10,80,68,68,58,58,67,67,60,60,60,60,60,42,66,75,75,0],"gold":83,"neow_bonus":"HUNDRED_GOLD","is_prod":false,"is_daily":false,"chose_seed":false,"campfire_upgraded":8,"win_rate":0,"timestamp":1535732020,"path_taken":["M","$","M","?","M","R","M","R","T","R","?","?","?","M","R","BOSS","M","$","M","?","M","R","E","R","T","R","$","M","R","M","R","BOSS"],"build_version":"2018-08-30","purchased_purges":0,"victory":false,"max_hp_per_floor":[80,80,80,80,80,80,80,80,80,80,80,80,80,80,80,80,80,80,80,80,80,80,80,80,80,80,80,80,80,80,80,80,80],"card_choices":[{"not_picked":["Rupture","Burning Pact"],"picked":"Armaments","floor":1},{"not_picked":["Shrug It Off","True Grit"],"picked":"Iron Wave","floor":3},{"not_picked":["Evolve","Corruption"],"picked":"Flame Barrier","floor":4},{"not_picked":["Twin Strike","Rage"],"picked":"Shockwave","floor":5},{"not_picked":["Headbutt","Armaments"],"picked":"Heavy Blade","floor":7},{"not_picked":["Twin Strike","Bludgeon"],"picked":"Fire Breathing","floor":12},{"not_picked":["Shrug It Off","Body Slam"],"picked":"Cleave","floor":14},{"not_picked":["Fiend Fire","Offering"],"picked":"Double Tap","floor":16},{"not_picked":["Body Slam","Clash"],"picked":"Cleave","floor":18},{"not_picked":["Shrug It Off","Armaments"],"picked":"Whirlwind","floor":20},{"not_picked":["Dark Embrace","Twin Strike+1"],"picked":"Iron Wave+1","floor":22},{"not_picked":["Bloodletting","Havoc"],"picked":"Sword Boomerang+1","floor":24},{"not_picked":["Sword Boomerang+1","Burning Pact"],"picked":"Ghostly Armor","floor":29},{"not_picked":["Hemokinesis+1","Searing Blow+1"],"picked":"Heavy Blade","floor":31}],"player_experience":474469,"relics_obtained":[{"floor":9,"key":"The Courier"},{"floor":12,"key":"Odd Mushroom"},{"floor":24,"key":"Calipers"},{"floor":26,"key":"Mummified Hand"}],"event_choices":[{"event_name":"Living Wall","player_choice":"Grow","floor":11,"damage_taken":0},{"event_name":"Mushrooms","player_choice":"Fought Mushrooms","floor":12,"damage_taken":0},{"event_name":"Purifier","player_choice":"Skipped","floor":21,"damage_taken":0}],"is_beta":false,"boss_relics":[{"not_picked":["Empty Cage","Philosopher\u0027s Stone"],"picked":"Black Blood"}],"items_purged_floors":[],"is_endless":false,"potions_floor_spawned":[1,3,14,16,18,20,31],"killed_by":"Champ","ascension_level":4}