{"gold_per_floor":[115,126,126,126,200,233,64,64,132,132,147,157,157,175,175,275,275,285,285,297,297,316,316,316,329,329,129,141,19,44,60,60,60],"floor_reached":33,"playtime":1579,"items_purged":["Pain"],"score":267,"play_id":"d59ca5fe-61c5-42ed-a612-6453c6f37437","local_time":"20190320235429","is_ascension_mode":false,"campfire_choices":[{"floor":8,"key":"REST"},{"floor":10,"key":"REST"},{"data":"Apotheosis","floor":13,"key":"SMITH"},{"data":"Shrug It Off","floor":15,"key":"SMITH"},{"floor":23,"key":"RECALL"},{"floor":32,"key":"REST"}],"neow_cost":"PERCENT_DAMAGE","seed_source_timestamp":663869409607028,"circlet_count":0,"master_deck":["Strike_R","Strike_R","Strike_R","Strike_R","Strike_R","Defend_R","Defend_R","Defend_R","Defend_R","Bash","Demon Form","Uppercut+1","Power Through","Apotheosis+1","Shrug It Off+1","Battle Trance+1","True Grit","Disarm","Shockwave","Carnage+1"],"relics":["Burning Blood","Molten Egg 2","Sozu","WarpedTongs","The Courier","MutagenicStrength","Mercury Hourglass","Art of War","Bottled Flame"],"potions_floor_usage":[6,14,20],"damage_taken":[{"damage":2,"enemies":"2 Louse","floor":1,"turns":3},{"damage":5,"enemies":"Small Slimes","floor":2,"turns":4},{"damage":47,"enemies":"3 Sentries","floor":6,"turns":9},{"damage":6,"enemies":"Jaw Worm","floor":11,"turns":4},{"damage":3,"enemies":"Blue Slaver","floor":12,"turns":5},{"damage":0,"enemies":"Gremlin Gang","floor":14,"turns":3},{"damage":24,"enemies":"Hexaghost","floor":16,"turns":9},{"damage":9,"enemies":"Shell Parasite","floor":18,"turns":5},{"damage":13,"enemies":"Chosen","floor":20,"turns":4},{"damage":19,"enemies":"Snecko","floor":22,"turns":7},{"damage":16,"enemies":"Centurion and Healer","floor":25,"turns":7},{"damage":11,"enemies":"3 Cultists","floor":28,"turns":5},{"damage":27,"enemies":"Slavers","floor":30,"turns":7},{"damage":5,"enemies":"Snecko","floor":31,"turns":4},{"damage":60,"enemies":"Collector","floor":33,"turns":7}],"seed_played":"9207318931399397493","potions_obtained":[{"floor":1,"key":"LiquidBronze"},{"floor":12,"key":"Explosive Potion"},{"floor":16,"key":"Energy Potion"}],"is_trial":false,"path_per_floor":["M","M","?","?","?","E","$","R","T","R","M","M","R","M","R","B",null,"M","?","M","T","M","R","?","M","T","$","M","$","E","M","R","B"],"character_chosen":"IRONCLAD","items_purchased":["Apotheosis","Art of War","True Grit","Disarm","Shockwave"],"campfire_rested":3,"item_purchase_floors":[7,27,27,29,29],"current_hp_per_floor":[60,61,61,61,61,20,20,44,44,68,68,71,71,77,77,59,80,77,77,70,70,57,57,57,47,47,47,42,42,21,22,46,0],"gold":60,"neow_bonus":"THREE_RARE_CARDS","is_prod":false,"is_daily":false,"chose_seed":false,"campfire_upgraded":2,"win_rate":0,"timestamp":1553135069,"path_taken":["M","M","?","?","?","E","?","R","T","R","M","M","R","M","R","BOSS","M","?","?","?","M","R","?","M","T","$","M","$","E","M","R","BOSS"],"build_version":"2019-03-15","purchased_purges":1,"victory":false,"max_hp_per_floor":[80,80,80,80,80,80,80,80,80,80,80,80,80,80,80,80,80,80,80,80,80,80,80,80,80,80,80,80,80,80,80,80,80],"card_choices":[{"not_picked":["Impervious","Limit Break"],"picked":"Demon Form","floor":0},{"not_picked":["Rupture","Headbutt","Perfected Strike"],"picked":"SKIP","floor":1},{"not_picked":["Sword Boomerang","Clothesline"],"picked":"Uppercut","floor":2},{"not_picked":["Armaments","Burning Pact"],"picked":"Power Through","floor":6},{"not_picked":["Wild Strike+1","Havoc","Perfected Strike+1"],"picked":"SKIP","floor":11},{"not_picked":["Clash+1","Body Slam+1","Warcry"],"picked":"SKIP","floor":12},{"not_picked":["Immolate+1","Perfected Strike+1"],"picked":"Shrug It Off","floor":14},{"not_picked":["Sword Boomerang+1","Iron Wave+1","Power Through+1"],"picked":"SKIP","floor":18},{"not_picked":["Sentinel+1","Twin Strike+1"],"picked":"Battle Trance+1","floor":20},{"not_picked":["Warcry","Reckless Charge+1","Headbutt+1"],"picked":"SKIP","floor":22},{"not_picked":["Uppercut+1","Body Slam+1","Sever Soul+1"],"picked":"SKIP","floor":25},{"not_picked":["Twin Strike+1","Warcry","Perfected Strike+1"],"picked":"SKIP","floor":28},{"not_picked":["Juggernaut","Sword Boomerang+1"],"picked":"Carnage+1","floor":30},{"not_picked":["Shrug It Off","Iron Wave+1","Cleave+1"],"picked":"SKIP","floor":31}],"player_experience":739696,"relics_obtained":[{"floor":6,"key":"Molten Egg 2"},{"floor":21,"key":"The Courier"},{"floor":26,"key":"Mercury Hourglass"},{"floor":30,"key":"Bottled Flame"}],"event_choices":[{"damage_healed":0,"gold_gain":0,"player_choice":"Grow","damage_taken":0,"max_hp_gain":0,"max_hp_loss":0,"event_name":"Living Wall","floor":3,"gold_loss":0,"cards_upgraded":["Uppercut"]},{"damage_healed":0,"gold_gain":0,"player_choice":"Ignored","damage_taken":0,"max_hp_gain":0,"max_hp_loss":0,"event_name":"Shining Light","floor":4,"gold_loss":0},{"damage_healed":0,"gold_gain":74,"player_choice":"Gained Gold","damage_taken":0,"max_hp_gain":0,"max_hp_loss":0,"event_name":"Golden Wing","floor":5,"gold_loss":0},{"damage_healed":0,"gold_gain":0,"player_choice":"Rummage","damage_taken":0,"relics_obtained":["WarpedTongs"],"max_hp_gain":0,"max_hp_loss":0,"event_name":"Accursed Blacksmith","floor":19,"gold_loss":0,"cards_obtained":["Pain"]},{"damage_healed":0,"gold_gain":0,"player_choice":"Inject Mutagens","damage_taken":0,"relics_obtained":["MutagenicStrength"],"max_hp_gain":0,"max_hp_loss":0,"event_name":"Drug Dealer","floor":24,"gold_loss":0}],"is_beta":true,"boss_relics":[{"not_picked":["Black Blood","Mark of Pain"],"picked":"Sozu"}],"items_purged_floors":[27],"is_endless":false,"potions_floor_spawned":[1,12,16,25,28,30,31],"killed_by":"Collector","ascension_level":0}