{"gold_per_floor":[109,109,136,136,61,61,72,404,404,404,159,169,169,184,184,288,288,303,233,252,268,268,268,268,285,285,305,305],"floor_reached":28,"playtime":1082,"items_purged":[],"score":218,"play_id":"554ad3bb-7d2a-4803-bf38-c4a887d4ebee","local_time":"20181121152611","is_ascension_mode":false,"campfire_choices":[{"data":"Defragment","floor":6,"key":"SMITH"},{"data":"Storm","floor":13,"key":"SMITH"},{"data":"Self Repair","floor":15,"key":"SMITH"},{"data":"Storm","floor":23,"key":"SMITH"}],"neow_cost":"NONE","seed_source_timestamp":783318462536885,"circlet_count":0,"master_deck":["Zap","Dualcast+1","Aggregate","Defragment+1","Cold Snap","Conserve Battery","Storm+1","Hologram","Self Repair+1","Force Field","Creative AI","Leap","Conserve Battery","Redo","Barrage","Ball Lightning","Redo","Storm+1","Reprogram","Auto Shields","Static Discharge","Coolheaded+1","Tempest+1","Hologram","Steam+1"],"relics":["Cracked Core","Art of War","Potion Belt","Dream Catcher","Old Coin","Bottled Tornado","Strawberry","Pandora\u0027s Box","Cables"],"potions_floor_usage":[27,28,28,28],"damage_taken":[{"damage":1,"enemies":"Cultist","floor":1,"turns":3},{"damage":11,"enemies":"Jaw Worm","floor":7,"turns":2},{"damage":8,"enemies":"Lagavulin","floor":8,"turns":8},{"damage":0,"enemies":"Small Slimes","floor":12,"turns":3},{"damage":0,"enemies":"2 Fungi Beasts","floor":14,"turns":2},{"damage":52,"enemies":"Slime Boss","floor":16,"turns":12},{"damage":3,"enemies":"Chosen","floor":18,"turns":3},{"damage":0,"enemies":"Spheric Guardian","floor":20,"turns":3},{"damage":12,"enemies":"Snake Plant","floor":21,"turns":3},{"damage":20,"enemies":"Colosseum Slavers","floor":24,"turns":3},{"damage":36,"enemies":"Shelled Parasite and Fungi","floor":25,"turns":3},{"damage":13,"enemies":"Centurion and Healer","floor":27,"turns":3},{"damage":12,"enemies":"Slavers","floor":28,"turns":1}],"seed_played":"1696851594529404312","potions_obtained":[{"floor":8,"key":"SkillPotion"},{"floor":14,"key":"GamblersBrew"},{"floor":20,"key":"LiquidBronze"},{"floor":27,"key":"Swift Potion"}],"is_trial":false,"path_per_floor":["M","T","T","?","$","R","M","E","T","?","$","M","R","M","R","B",null,"M","$","M","M","?","R","?","M","T","M","E"],"character_chosen":"DEFECT","items_purchased":["Defragment","Storm","Hologram","Strawberry","Static Discharge"],"campfire_rested":0,"item_purchase_floors":[5,11,11,11,19],"current_hp_per_floor":[74,74,74,59,59,59,48,40,40,40,47,47,47,54,54,12,82,82,82,82,70,70,70,60,24,24,11,0],"gold":305,"neow_bonus":"RANDOM_COMMON_RELIC","is_prod":false,"is_daily":false,"chose_seed":false,"campfire_upgraded":4,"win_rate":0,"timestamp":1542813971,"path_taken":["M","?","?","?","$","R","M","E","T","?","$","M","R","M","R","BOSS","M","$","M","M","?","R","?","M","T","M","E"],"build_version":"2018-11-15","purchased_purges":0,"victory":false,"max_hp_per_floor":[75,75,75,75,75,75,75,75,75,75,82,82,82,82,82,82,82,82,82,82,82,82,82,82,82,82,82,82],"card_choices":[{"not_picked":["Leap","Stack"],"picked":"Aggregate","floor":1},{"not_picked":["Leap","Gash"],"picked":"Cold Snap","floor":7},{"not_picked":["Glacier","Biased Cognition"],"picked":"Conserve Battery","floor":8},{"not_picked":["Blizzard","Auto Shields"],"picked":"Self Repair","floor":12},{"not_picked":["Coolheaded","Streamline"],"picked":"Force Field","floor":14},{"not_picked":["Thunder Strike","Rainbow"],"picked":"Creative AI","floor":16},{"not_picked":["Stack","Rebound+1"],"picked":"Auto Shields","floor":18},{"not_picked":["Redo","Ball Lightning"],"picked":"Coolheaded+1","floor":20},{"not_picked":["Barrage","Undo"],"picked":"Tempest+1","floor":21},{"not_picked":["Sweeping Beam","Rebound"],"picked":"Hologram","floor":25},{"not_picked":["Stack+1","Conserve Battery"],"picked":"Steam+1","floor":27}],"player_experience":740927,"relics_obtained":[{"floor":2,"key":"Potion Belt"},{"floor":3,"key":"Dream Catcher"},{"floor":8,"key":"Old Coin"},{"floor":9,"key":"Bottled Tornado"},{"floor":26,"key":"Cables"}],"event_choices":[{"damage_healed":0,"gold_gain":0,"player_choice":"Entered Light","damage_taken":15,"max_hp_gain":0,"max_hp_loss":0,"event_name":"Shining Light","floor":4,"gold_loss":0,"cards_upgraded":["Defend_B","Dualcast"]},{"damage_healed":0,"gold_gain":0,"player_choice":"Ignored","damage_taken":0,"max_hp_gain":0,"max_hp_loss":0,"event_name":"Golden Wing","floor":10,"gold_loss":0},{"damage_healed":0,"gold_gain":0,"player_choice":"Ignored","damage_taken":0,"max_hp_gain":0,"max_hp_loss":0,"event_name":"Ghosts","floor":22,"gold_loss":0},{"damage_healed":0,"gold_gain":0,"player_choice":"Fight","damage_taken":0,"max_hp_gain":0,"max_hp_loss":0,"event_name":"Colosseum","floor":24,"gold_loss":0},{"damage_healed":0,"gold_gain":0,"player_choice":"Fled From Nobs","damage_taken":0,"max_hp_gain":0,"max_hp_loss":0,"event_name":"Colosseum","floor":24,"gold_loss":0}],"is_beta":false,"boss_relics":[{"not_picked":["Nuclear Battery","Runic Pyramid"],"picked":"Pandora\u0027s Box"}],"items_purged_floors":[],"is_endless":false,"potions_floor_spawned":[8,14,20,24,27],"killed_by":"Slavers","ascension_level":0}