{"gold_per_floor":[111,286,306,306,317,317,317,375,413,425,447,459,498,525,537,549],"floor_reached":16,"playtime":354,"items_purged":[],"score":125,"play_id":"bfa64926-47d1-4c46-bebe-0e307f10e7fd","local_time":"20190327182922","is_ascension_mode":false,"campfire_choices":[{"data":"Bash","floor":6.0,"key":"SMITH"},{"data":"Disarm","floor":10,"key":"SMITH"},{"data":"Intimidate","floor":15,"key":"SMITH"}],"neow_cost":"NONE","seed_source_timestamp":5886105746918,"circlet_count":0,"master_deck":["Strike_R","Strike_R","Strike_R","Strike_R+1","Strike_R","Defend_R","Defend_R","Defend_R","Defend_R","Bash+1","Cleave+1","Iron Wave","Disarm+1","Feed","Intimidate+1"],"special_seed":0,"relics":["Burning Blood","NeowsBlessing","Meat on the Bone","MawBank","Whetstone","Bird Faced Urn","Art of War"],"potions_floor_usage":[13,16],"damage_taken":[{"damage":0.0,"enemies":"2 Louse","floor":1.0,"turns":1.0},{"damage":0.0,"enemies":"Jaw Worm","floor":3.0,"turns":1.0},{"damage":0.0,"enemies":"Small Slimes","floor":5.0,"turns":1.0},{"damage":28,"enemies":"3 Sentries","floor":8,"turns":8},{"damage":14,"enemies":"Exordium Thugs","floor":11,"turns":5},{"damage":0,"enemies":"Lagavulin","floor":13,"turns":7},{"damage":18,"enemies":"Red Slaver","floor":14,"turns":5},{"damage":62,"enemies":"Slime Boss","floor":16,"turns":12}],"seed_played":"2661620625613642462","potions_obtained":[{"floor":1.0,"key":"BloodPotion"},{"floor":5.0,"key":"PowerPotion"},{"floor":8,"key":"EntropicBrew"},{"floor":13,"key":"Dexterity Potion"}],"is_trial":false,"path_per_floor":["M","?","M","T","M","R","?","?","T","R","M","T","E","M","R","B"],"character_chosen":"IRONCLAD","items_purchased":[],"campfire_rested":0,"item_purchase_floors":[],"current_hp_per_floor":[80,80,80,80,80,80,80,58,58,58,50,50,58,49,49,0],"gold":549,"neow_bonus":"THREE_ENEMY_KILL","is_prod":false,"is_daily":false,"chose_seed":false,"campfire_upgraded":3,"win_rate":0,"timestamp":1553732962,"path_taken":["M","?","M","?","M","R","?","?","T","R","M","?","E","M","R","BOSS"],"build_version":"2019-01-23","purchased_purges":0,"victory":false,"max_hp_per_floor":[80,80,80,80,80,80,80,80,80,80,80,80,80,83,83,83],"card_choices":[{"not_picked":["Clash","Reckless Charge","Power Through"],"picked":"SKIP","floor":1.0},{"not_picked":["Warcry","True Grit"],"picked":"Cleave","floor":3.0},{"not_picked":["Shrug It Off","Warcry"],"picked":"Iron Wave","floor":5.0},{"not_picked":["Bloodletting","Anger"],"picked":"Disarm","floor":8},{"not_picked":["Burning Pact","Armaments","Pommel Strike"],"picked":"SKIP","floor":11},{"not_picked":["Reckless Charge","Warcry"],"picked":"Feed","floor":13},{"not_picked":["Body Slam","Havoc"],"picked":"Intimidate","floor":14}],"player_experience":1132121,"relics_obtained":[{"floor":4.0,"key":"Meat on the Bone"},{"floor":8,"key":"MawBank"},{"floor":9,"key":"Whetstone"},{"floor":12,"key":"Bird Faced Urn"},{"floor":13,"key":"Art of War"}],"event_choices":[{"damage_healed":0.0,"max_hp_gain":0.0,"max_hp_loss":0.0,"gold_gain":175.0,"event_name":"Liars Game","player_choice":"AGREE","floor":2.0,"gold_loss":0.0,"damage_taken":0.0,"cards_obtained":["Doubt"]},{"cards_removed":["Doubt"],"damage_healed":0.0,"max_hp_gain":0.0,"max_hp_loss":0.0,"gold_gain":0.0,"event_name":"Living Wall","player_choice":"Forget","floor":7.0,"gold_loss":0.0,"damage_taken":0.0},{"damage_healed":0,"gold_gain":30,"player_choice":"Searched \u00273\u0027 times","damage_taken":0,"max_hp_gain":0,"max_hp_loss":0,"event_name":"Dead Adventurer","floor":8,"gold_loss":0}],"is_beta":false,"boss_relics":[],"items_purged_floors":[],"is_endless":false,"potions_floor_spawned":[1,5,8,13],"killed_by":"Slime Boss","ascension_level":0}