{"gold_per_floor":[111,111,128,140,155,155,170,170,196,196,271,11,22,34,34,129,129,142,103,120,120,133,133,133,150,150,161,161,179,24,24,24,24],"floor_reached":33,"playtime":1907,"items_purged":[],"score":241,"play_id":"8f6fbdf2-dc37-4562-865e-f518ca5032a8","local_time":"20181206004331","is_ascension_mode":false,"campfire_choices":[{"data":"Dual Wield","floor":6,"key":"SMITH"},{"data":"Sword Boomerang","floor":8,"key":"SMITH"},{"data":"Sword Boomerang","floor":10,"key":"SMITH"},{"data":"Metallicize","floor":15,"key":"SMITH"},{"floor":23,"key":"REST"},{"floor":28,"key":"REST"},{"data":"Limit Break","floor":32,"key":"SMITH"}],"neow_cost":"NONE","seed_source_timestamp":536221462326358,"circlet_count":0,"master_deck":["Strike_R+1","Strike_R+1","Strike_R+1","Strike_R+1","Strike_R+1","Defend_R+1","Defend_R+1","Defend_R+1","Defend_R+1","Bash","Sword Boomerang+1","Spot Weakness","Twin Strike","Sword Boomerang+1","Dual Wield+1","Metallicize+1","Pummel","Offering","Limit Break+1","Shrug It Off","Shrug It Off","Body Slam","Thunderclap","Heavy Blade","Cleave","Combust","Sword Boomerang","Headbutt","Burning Pact","Flame Barrier","Disarm+1","Limit Break"],"relics":["Burning Blood","Lantern","Bottled Lightning","Orrery","MutagenicStrength","Darkstone Periapt"],"potions_floor_usage":[14,22,25,29,33,33],"damage_taken":[{"damage":14,"enemies":"Small Slimes","floor":1,"turns":6},{"damage":1,"enemies":"Cultist","floor":3,"turns":3},{"damage":1,"enemies":"Jaw Worm","floor":4,"turns":3},{"damage":9,"enemies":"Blue Slaver","floor":5,"turns":4},{"damage":10,"enemies":"Looter","floor":7,"turns":2},{"damage":16,"enemies":"Exordium Wildlife","floor":13,"turns":2},{"damage":13,"enemies":"Red Slaver","floor":14,"turns":2},{"damage":33,"enemies":"Hexaghost","floor":16,"turns":9},{"damage":26,"enemies":"Spheric Guardian","floor":18,"turns":7},{"damage":10,"enemies":"3 Byrds","floor":20,"turns":4},{"damage":40,"enemies":"Centurion and Healer","floor":22,"turns":18},{"damage":10,"enemies":"Shelled Parasite and Fungi","floor":25,"turns":2},{"damage":14,"enemies":"Sentry and Sphere","floor":27,"turns":5},{"damage":0,"enemies":"Chosen and Byrds","floor":29,"turns":4},{"damage":8,"enemies":"Colosseum Slavers","floor":31,"turns":3},{"damage":63,"enemies":"Automaton","floor":33,"turns":6}],"seed_played":"152106487024330980","potions_obtained":[{"floor":3,"key":"BloodPotion"},{"floor":4,"key":"SteroidPotion"},{"floor":7,"key":"GamblersBrew"},{"floor":16,"key":"SteroidPotion"},{"floor":25,"key":"AttackPotion"},{"floor":27,"key":"PowerPotion"}],"is_trial":false,"path_per_floor":["M","?","M","M","M","R","M","R","T","R","?","$","M","M","R","B",null,"M","$","M","?","M","R","?","M","T","M","R","M","$","?","R","B"],"character_chosen":"IRONCLAD","items_purchased":["Bottled Lightning","Combust","Limit Break"],"campfire_rested":2,"item_purchase_floors":[12,19,30],"current_hp_per_floor":[72,72,77,80,77,77,73,73,73,73,62,62,52,53,53,26,80,60,60,56,56,22,46,46,42,42,34,58,64,64,62,62,0],"gold":24,"neow_bonus":"ONE_RANDOM_RARE_CARD","is_prod":false,"is_daily":false,"chose_seed":false,"campfire_upgraded":5,"win_rate":0,"timestamp":1544057011,"path_taken":["M","?","M","M","?","R","?","R","T","R","?","$","M","M","R","BOSS","M","$","M","?","M","R","?","M","T","M","R","M","?","?","R","BOSS"],"build_version":"2018-11-15","purchased_purges":0,"victory":false,"max_hp_per_floor":[80,80,80,80,80,80,80,80,80,80,80,80,80,80,80,80,80,80,80,80,80,80,80,80,80,80,80,80,80,80,80,80,80],"card_choices":[{"not_picked":["Wild Strike","Whirlwind"],"picked":"Sword Boomerang","floor":1},{"not_picked":["Rampage","Clothesline"],"picked":"Twin Strike","floor":3},{"not_picked":["Shrug It Off","Dual Wield"],"picked":"Sword Boomerang","floor":4},{"not_picked":["Wild Strike","Iron Wave"],"picked":"Dual Wield","floor":5},{"not_picked":["Sword Boomerang","True Grit"],"picked":"Metallicize","floor":7},{"not_picked":["Flame Barrier","Whirlwind"],"picked":"Pummel","floor":13},{"not_picked":["Rupture","Wild Strike"],"picked":"Offering","floor":14},{"not_picked":["Immolate","Offering"],"picked":"Limit Break","floor":16},{"not_picked":["Bloodletting","Headbutt"],"picked":"Shrug It Off","floor":17},{"not_picked":["Cleave","Intimidate"],"picked":"Shrug It Off","floor":17},{"not_picked":["True Grit","Searing Blow"],"picked":"Body Slam","floor":17},{"not_picked":["Clothesline","Perfected Strike"],"picked":"Thunderclap","floor":17},{"not_picked":["Flex","Entrench"],"picked":"Heavy Blade","floor":17},{"not_picked":["Searing Blow","Headbutt"],"picked":"Cleave","floor":18},{"not_picked":["Ghostly Armor","Cleave"],"picked":"Sword Boomerang","floor":20},{"not_picked":["True Grit+1","Cleave"],"picked":"Headbutt","floor":22},{"not_picked":["Intimidate+1","True Grit"],"picked":"Burning Pact","floor":25},{"not_picked":["Pommel Strike","Body Slam"],"picked":"Flame Barrier","floor":27},{"not_picked":["Clash","Flame Barrier"],"picked":"Disarm+1","floor":29}],"player_experience":781352,"relics_obtained":[{"floor":9,"key":"Lantern"},{"floor":26,"key":"Darkstone Periapt"}],"event_choices":[{"damage_healed":0,"gold_gain":0,"cards_transformed":["Brutality"],"player_choice":"Transformed","damage_taken":0,"max_hp_gain":0,"max_hp_loss":0,"event_name":"Transmorgrifier","floor":2,"gold_loss":0,"cards_obtained":["Spot Weakness"]},{"damage_healed":0,"gold_gain":75,"player_choice":"Gather Gold","damage_taken":11,"max_hp_gain":0,"max_hp_loss":0,"event_name":"World of Goop","floor":11,"gold_loss":0},{"damage_healed":0,"gold_gain":0,"player_choice":"Simplicity","damage_taken":0,"max_hp_gain":0,"max_hp_loss":0,"event_name":"Back to Basics","floor":21,"gold_loss":0,"cards_upgraded":["Strike_R","Strike_R","Strike_R","Strike_R","Strike_R","Defend_R","Defend_R","Defend_R","Defend_R"]},{"damage_healed":0,"gold_gain":0,"player_choice":"Inject Mutagens","damage_taken":0,"relics_obtained":["MutagenicStrength"],"max_hp_gain":0,"max_hp_loss":0,"event_name":"Drug Dealer","floor":24,"gold_loss":0},{"damage_healed":0,"gold_gain":0,"player_choice":"Fight","damage_taken":0,"max_hp_gain":0,"max_hp_loss":0,"event_name":"Colosseum","floor":31,"gold_loss":0},{"damage_healed":0,"gold_gain":0,"player_choice":"Fled From Nobs","damage_taken":0,"max_hp_gain":0,"max_hp_loss":0,"event_name":"Colosseum","floor":31,"gold_loss":0}],"is_beta":false,"boss_relics":[{"not_picked":["Fusion Hammer","Empty Cage"],"picked":"Orrery"}],"items_purged_floors":[],"is_endless":false,"potions_floor_spawned":[3,4,7,16,18,20,25,27],"killed_by":"Automaton","ascension_level":0}