{"gold_per_floor":[111,126,91,91,91,125,125,125,125,125,139,165,84,100,100,197,197,209,184,195,195,209,240,240,14,37,37,52,82,82,95,95,194,194,210,98,98,117,135,135,145,145,145,160,160,160,170,195,195,195,195,195,66,91,91],"floor_reached":56,"playtime":4273,"items_purged":[],"score":1252,"play_id":"b3a4ca5f-ff2d-4237-b137-3e4cdf73ff2f","local_time":"20190319053156","is_ascension_mode":false,"campfire_choices":[{"floor":8,"key":"RECALL"},{"data":"Double Tap","floor":10,"key":"SMITH"},{"data":"Dual Wield","floor":15,"key":"SMITH"},{"floor":24,"key":"REST"},{"data":"Heavy Blade","floor":27,"key":"SMITH"},{"data":"Demon Form","floor":32,"key":"SMITH"},{"data":"Infernal Blade","floor":40,"key":"SMITH"},{"data":"Metallicize","floor":42,"key":"SMITH"},{"data":"Heavy Blade","floor":46,"key":"SMITH"},{"data":"Armaments","floor":49,"key":"SMITH"},{"data":"Inflame","floor":52,"key":"SMITH"}],"neow_cost":"NONE","seed_source_timestamp":1092017755480708,"circlet_count":0,"master_deck":["Strike_R","Strike_R","Strike_R","Defend_R","Defend_R","Defend_R","Defend_R","Bash+1","Dropkick","Shockwave","Double Tap+1","Warcry","Dual Wield+1","Feed+1","Disarm","Demon Form+1","Whirlwind+1","Iron Wave","Heavy Blade+1","Flex+1","Inflame+1","Dual Wield+1","Fiend Fire","Infernal Blade+1","Metallicize+1","Armaments+1","Heavy Blade+1","Battle Trance","Feel No Pain+1"],"relics":["Burning Blood","Red Skull","FossilizedHelix","Orichalcum","Ancient Tea Set","Anchor","Runic Pyramid","Happy Flower","Membership Card","Self Forming Clay","Gambling Chip","Cursed Key","Vajra","Whetstone","Bottled Tornado","Turnip"],"potions_floor_usage":[6,20,22,28,28,29,33,55],"damage_taken":[{"damage":19,"enemies":"Jaw Worm","floor":1,"turns":4},{"damage":12,"enemies":"Small Slimes","floor":2,"turns":3},{"damage":44,"enemies":"3 Sentries","floor":6,"turns":10},{"damage":0,"enemies":"2 Louse","floor":11,"turns":1},{"damage":0,"enemies":"Lagavulin","floor":12,"turns":6},{"damage":1,"enemies":"Gremlin Gang","floor":14,"turns":4},{"damage":38,"enemies":"Hexaghost","floor":16,"turns":11},{"damage":27,"enemies":"3 Byrds","floor":18,"turns":9},{"damage":22,"enemies":"2 Thieves","floor":19,"turns":5},{"damage":4,"enemies":"Centurion and Healer","floor":20,"turns":5},{"damage":18,"enemies":"Shelled Parasite and Fungi","floor":22,"turns":8},{"damage":34,"enemies":"Gremlin Leader","floor":23,"turns":5},{"damage":0,"enemies":"Snecko","floor":28,"turns":6},{"damage":42,"enemies":"Slavers","floor":29,"turns":8},{"damage":3,"enemies":"3 Cultists","floor":31,"turns":3},{"damage":12,"enemies":"Champ","floor":33,"turns":8},{"damage":0,"enemies":"3 Darklings","floor":35,"turns":2},{"damage":0,"enemies":"3 Shapes","floor":38,"turns":4},{"damage":3,"enemies":"Jaw Worm Horde","floor":39,"turns":4},{"damage":0,"enemies":"Maw","floor":41,"turns":6},{"damage":0,"enemies":"4 Shapes","floor":44,"turns":6},{"damage":8,"enemies":"Spire Growth","floor":47,"turns":5},{"damage":4,"enemies":"Nemesis","floor":48,"turns":5},{"damage":56,"enemies":"Donu and Deca","floor":50,"turns":6},{"damage":25,"enemies":"Shield and Spear","floor":54,"turns":5},{"damage":71,"enemies":"The Heart","floor":55,"turns":9}],"seed_played":"263204304813293061","potions_obtained":[{"floor":1,"key":"Regen Potion"},{"floor":6,"key":"BloodPotion"},{"floor":19,"key":"SkillPotion"},{"floor":22,"key":"Poison Potion"},{"floor":28,"key":"Block Potion"},{"floor":29,"key":"Strength Potion"},{"floor":31,"key":"AttackPotion"},{"floor":33,"key":"FairyPotion"},{"floor":35,"key":"LiquidBronze"},{"floor":39,"key":"Weak Potion"},{"floor":48,"key":"Regen Potion"}],"is_trial":false,"path_per_floor":["M","M","?","$","?","E","?","R","T","R","M","E","$","M","R","B",null,"M","M","M","?","M","E","R","$","T","R","M","E","T","M","R","B",null,"M","$","?","M","M","R","M","R","T","M","?","R","M","E","R","B",null,"R","$","E","B",null],"character_chosen":"IRONCLAD","items_purchased":["Feed","Membership Card","SkillPotion","Metallicize","Vajra","Bottled Tornado"],"campfire_rested":1,"item_purchase_floors":[13,25,25,36,36,53],"current_hp_per_floor":[67,61,80,80,73,50,50,50,50,50,56,62,62,73,73,41,86,68,55,63,54,54,29,60,60,60,60,69,42,42,45,45,42,119,119,119,119,128,134,134,137,137,137,143,143,143,144,150,150,104,154,154,154,135,85],"gold":91,"neow_bonus":"RANDOM_COMMON_RELIC","is_prod":false,"is_daily":false,"chose_seed":false,"campfire_upgraded":9,"win_rate":0,"timestamp":1552973516,"path_taken":["M","M","?","$","?","E","?","R","T","R","M","E","$","?","R","BOSS","M","M","M","?","M","E","R","$","T","R","?","E","?","M","R","BOSS","M","$","?","M","M","R","M","R","T","M","?","R","M","E","R","BOSS","R","$","E","BOSS"],"build_version":"2019-01-23","purchased_purges":0,"victory":true,"max_hp_per_floor":[80,80,80,80,80,80,80,80,80,80,80,80,80,86,86,86,86,89,92,98,98,101,104,104,104,104,104,107,116,116,116,116,119,119,119,119,119,128,134,134,137,137,137,143,143,143,146,150,150,154,154,154,154,154,154],"card_choices":[{"not_picked":["Perfected Strike","Havoc"],"picked":"Dropkick","floor":1},{"not_picked":["Body Slam","Shrug It Off"],"picked":"Shockwave","floor":2},{"not_picked":["Sword Boomerang","Twin Strike"],"picked":"Double Tap","floor":6},{"not_picked":["Wild Strike","Perfected Strike"],"picked":"Warcry","floor":11},{"not_picked":["Cleave","Body Slam"],"picked":"Dual Wield","floor":12},{"not_picked":["Pommel Strike","Iron Wave"],"picked":"Disarm","floor":14},{"not_picked":["Reaper","Immolate"],"picked":"Demon Form","floor":16},{"not_picked":["Headbutt","Dual Wield"],"picked":"Whirlwind+1","floor":18},{"not_picked":["Anger","True Grit+1"],"picked":"Iron Wave","floor":19},{"not_picked":["Thunderclap","Dark Embrace"],"picked":"Heavy Blade","floor":20},{"not_picked":["Cleave","Shrug It Off"],"picked":"Flex+1","floor":22},{"not_picked":["Perfected Strike+1","Anger","Wild Strike"],"picked":"SKIP","floor":23},{"not_picked":["Anger","Dark Embrace","Havoc"],"picked":"SKIP","floor":28},{"not_picked":["Iron Wave","Wild Strike"],"picked":"Inflame","floor":29},{"not_picked":["Warcry","Wild Strike"],"picked":"Dual Wield+1","floor":31},{"not_picked":["Juggernaut","Dark Embrace"],"picked":"Fiend Fire","floor":33},{"not_picked":["Anger","Perfected Strike+1"],"picked":"Infernal Blade","floor":35},{"not_picked":["Anger+1","Pommel Strike"],"picked":"Armaments","floor":38},{"not_picked":["Carnage+1","Second Wind","Pommel Strike"],"picked":"SKIP","floor":39},{"not_picked":["Havoc","Uppercut+1","Sword Boomerang+1"],"picked":"SKIP","floor":41},{"not_picked":["Feel No Pain","Havoc"],"picked":"Heavy Blade","floor":44},{"not_picked":["Searing Blow","Anger+1","Wild Strike"],"picked":"SKIP","floor":47},{"not_picked":["Feed","Havoc+1"],"picked":"Battle Trance","floor":48},{"not_picked":["Cleave","Body Slam"],"picked":"Feel No Pain+1","floor":54}],"player_experience":1064452,"relics_obtained":[{"floor":6,"key":"Orichalcum"},{"floor":9,"key":"Ancient Tea Set"},{"floor":12,"key":"Anchor"},{"floor":23,"key":"Happy Flower"},{"floor":29,"key":"Self Forming Clay"},{"floor":30,"key":"Gambling Chip"},{"floor":48,"key":"Whetstone"},{"floor":54,"key":"Turnip"}],"event_choices":[{"damage_healed":20,"gold_gain":0,"player_choice":"Healed","damage_taken":0,"max_hp_gain":0,"max_hp_loss":0,"event_name":"The Cleric","floor":3,"gold_loss":35},{"damage_healed":0,"gold_gain":0,"player_choice":"Success","damage_taken":7,"relics_obtained":["FossilizedHelix"],"max_hp_gain":0,"max_hp_loss":0,"event_name":"Scrap Ooze","floor":5,"gold_loss":0},{"cards_removed":["Strike_R"],"damage_healed":0,"gold_gain":0,"player_choice":"Purged","damage_taken":0,"max_hp_gain":0,"max_hp_loss":0,"event_name":"Purifier","floor":7,"gold_loss":0},{"damage_healed":0,"gold_gain":0,"player_choice":"Damaged","damage_taken":9,"max_hp_gain":0,"max_hp_loss":0,"event_name":"Wheel of Change","floor":21,"gold_loss":0},{"cards_removed":["Strike_R"],"damage_healed":0,"gold_gain":0,"player_choice":"Removed Attack","damage_taken":0,"max_hp_gain":0,"max_hp_loss":0,"event_name":"Falling","floor":37,"gold_loss":0},{"damage_healed":0,"gold_gain":0,"player_choice":"Ignored","damage_taken":0,"max_hp_gain":0,"max_hp_loss":0,"event_name":"SecretPortal","floor":45,"gold_loss":0}],"is_beta":false,"boss_relics":[{"not_picked":["Runic Dome","Calling Bell"],"picked":"Runic Pyramid"},{"not_picked":["Orrery","White Beast Statue"],"picked":"Cursed Key"}],"items_purged_floors":[],"is_endless":false,"potions_floor_spawned":[1,6,19,22,28,29,31,33,35,39,48,54],"ascension_level":0}