{"gold_per_floor":[110,110,120,195,195,206,225,225,225,225,242,70,102,115,115,217,217,231,231,80,92,111,111,128,128,154,154],"floor_reached":27,"playtime":2147,"items_purged":["Strike_B"],"score":240,"play_id":"66207408-2fcc-42d3-8d2a-1137f72fa206","local_time":"20190207132837","is_ascension_mode":false,"campfire_choices":[{"data":"Capacitor","floor":8,"key":"SMITH"},{"data":"Apotheosis","floor":15,"key":"SMITH"},{"data":"Echo Form","floor":23,"key":"SMITH"},{"floor":25,"key":"RECALL"}],"neow_cost":"NONE","seed_source_timestamp":78067400673884,"circlet_count":0,"master_deck":["Strike_B","Strike_B","Defend_B","Defend_B","Defend_B","Defend_B","Zap","Dualcast","Hologram+1","Glacier","Defend_B","Capacitor+1","Hologram","Cold Snap","Apotheosis+1","Darkness","Echo Form+1","Go for the Eyes","Coolheaded","Cold Snap","Self Repair+1"],"relics":["Cracked Core","Calipers","Pantograph","Snecko Eye"],"potions_floor_usage":[16,22],"damage_taken":[{"damage":2,"enemies":"2 Louse","floor":1,"turns":2},{"damage":0,"enemies":"Cultist","floor":3,"turns":3},{"damage":0,"enemies":"Small Slimes","floor":6,"turns":3},{"damage":5,"enemies":"Blue Slaver","floor":7,"turns":6},{"damage":28,"enemies":"Exordium Wildlife","floor":11,"turns":9},{"damage":0,"enemies":"Lagavulin","floor":13,"turns":9},{"damage":0,"enemies":"Looter","floor":14,"turns":5},{"damage":4,"enemies":"Hexaghost","floor":16,"turns":12},{"damage":1,"enemies":"Chosen","floor":18,"turns":5},{"damage":16,"enemies":"2 Thieves","floor":21,"turns":5},{"damage":26,"enemies":"3 Cultists","floor":22,"turns":8},{"damage":8,"enemies":"Snake Plant","floor":24,"turns":6},{"damage":40,"enemies":"Cultist and Chosen","floor":27,"turns":8}],"seed_played":"-4811873096989010089","potions_obtained":[{"floor":6,"key":"FearPotion"},{"floor":14,"key":"Swift Potion"},{"floor":16,"key":"SpeedPotion"},{"floor":18,"key":"Regen Potion"},{"floor":24,"key":"Fire Potion"}],"is_trial":false,"path_per_floor":["M","?","M","?","?","M","M","R","T","?","M","$","E","M","R","B",null,"M","?","$","M","M","R","M","R","T","M"],"character_chosen":"DEFECT","items_purchased":["Apotheosis","Coolheaded","Cold Snap"],"campfire_rested":0,"item_purchase_floors":[12,20,20],"current_hp_per_floor":[73,73,73,62,62,62,57,57,57,50,22,22,22,22,22,43,75,74,74,74,58,47,47,39,39,39,0],"gold":154,"neow_bonus":"ONE_RANDOM_RARE_CARD","is_prod":false,"is_daily":false,"chose_seed":false,"campfire_upgraded":3,"win_rate":0,"timestamp":1549567717,"path_taken":["M","?","M","?","?","?","M","R","T","?","M","$","E","M","R","BOSS","M","?","$","M","M","R","M","R","T","M"],"build_version":"2019-01-23","purchased_purges":1,"victory":false,"max_hp_per_floor":[75,75,75,75,75,75,75,75,75,75,75,75,75,75,75,75,75,75,75,75,75,75,75,75,75,75,75],"card_choices":[{"not_picked":["Aggregate","Leap"],"picked":"Hologram","floor":1},{"not_picked":["Streamline","Storm"],"picked":"Glacier","floor":3},{"not_picked":["Coolheaded","Melter"],"picked":"Capacitor","floor":6},{"not_picked":["Melter","Loop"],"picked":"Hologram","floor":7},{"not_picked":["Aggregate","Scrape"],"picked":"Cold Snap","floor":11},{"not_picked":["Stack","Sweeping Beam"],"picked":"Darkness","floor":13},{"not_picked":["Beam Cell","Amplify","FTL"],"picked":"SKIP","floor":14},{"not_picked":["Meteor Strike","Electrodynamics"],"picked":"Echo Form","floor":16},{"not_picked":["Barrage","Sweeping Beam"],"picked":"Go for the Eyes","floor":18},{"not_picked":["Force Field","Reinforced Body","Leap"],"picked":"SKIP","floor":21},{"not_picked":["Hello World","Redo","FTL"],"picked":"SKIP","floor":22},{"not_picked":["Stack","Machine Learning"],"picked":"Self Repair+1","floor":24}],"player_experience":734666,"relics_obtained":[{"floor":9,"key":"Calipers"},{"floor":13,"key":"Pantograph"}],"event_choices":[{"damage_healed":0,"gold_gain":0,"player_choice":"Grow","damage_taken":0,"max_hp_gain":0,"max_hp_loss":0,"event_name":"Living Wall","floor":2,"gold_loss":0,"cards_upgraded":["Hologram"]},{"damage_healed":0,"gold_gain":75,"player_choice":"Gather Gold","damage_taken":11,"max_hp_gain":0,"max_hp_loss":0,"event_name":"World of Goop","floor":4,"gold_loss":0},{"cards_removed":["Seek"],"damage_healed":0,"gold_gain":0,"player_choice":"Took Card","damage_taken":0,"max_hp_gain":0,"max_hp_loss":0,"event_name":"NoteForYourself","floor":5,"gold_loss":0,"cards_obtained":["Defend_B"]},{"cards_removed":["Strike_B"],"damage_healed":0,"gold_gain":0,"player_choice":"Card Removal","damage_taken":7,"max_hp_gain":0,"max_hp_loss":0,"event_name":"Golden Wing","floor":10,"gold_loss":0},{"damage_healed":0,"gold_gain":0,"player_choice":"Ignored","damage_taken":0,"max_hp_gain":0,"max_hp_loss":0,"event_name":"Cursed Tome","floor":19,"gold_loss":0}],"is_beta":false,"boss_relics":[{"not_picked":["Philosopher\u0027s Stone","Calling Bell"],"picked":"Snecko Eye"}],"items_purged_floors":[20],"is_endless":false,"potions_floor_spawned":[6,14,16,18,24],"killed_by":"Cultist and Chosen","ascension_level":0}