{"gold_per_floor":[364,364,382,396,421,421,421,5,28,28,68,68,111,136,136,257,257,282,282,282,303,318,318,78,112,136,136,21,21,39,62,62,190,190,204,329,345,345,369,369,402,402,402,416,435,466,482,506,506,506,506,506,60,100,100],"floor_reached":55,"playtime":6032,"items_purged":["Clumsy","Strike_B"],"score":884,"play_id":"98ff418f-a132-4e18-9fc7-1ad14f267a94","local_time":"20190226002604","is_ascension_mode":false,"campfire_choices":[{"data":"Hologram","floor":6,"key":"SMITH"},{"data":"Go for the Eyes","floor":10,"key":"SMITH"},{"floor":15,"key":"REST"},{"data":"Creative AI","floor":23,"key":"SMITH"},{"data":"Zap","floor":27,"key":"SMITH"},{"data":"Redo","floor":32,"key":"SMITH"},{"data":"Defragment","floor":40,"key":"SMITH"},{"floor":42,"key":"RECALL"},{"data":"Secret Technique","floor":49,"key":"SMITH"},{"data":"Glacier","floor":52,"key":"SMITH"}],"neow_cost":"CURSE","seed_source_timestamp":48730372942152,"circlet_count":0,"master_deck":["Strike_B","Defend_B+1","Defend_B","Defend_B+1","Defend_B","Zap+1","Dualcast","Hologram+1","Go for the Eyes+1","Capacitor+1","Auto Shields","White Noise+1","Genetic Algorithm","All For One","Buffer","Self Repair","Go for the Eyes","Steam Power","Scrape","FTL","Creative AI+1","Glacier+1","Conserve Battery","Secret Technique+1","Redo+1","Auto Shields+1","Thunder Strike","Defragment+1","Go for the Eyes+1","Tempest","Skim+1","Core Surge","Undo","Panache","Finesse","Force Field+1"],"relics":["Cracked Core","Golden Idol","Thread and Needle","DataDisk","Letter Opener","The Courier","Orrery","PreservedInsect","Omamori","Oddly Smooth Stone","Cursed Key","Bird Faced Urn","Regal Pillow","Dodecahedron","Torii","Turnip","War Paint"],"potions_floor_usage":[11,16,25,35,55,55,55],"damage_taken":[{"damage":1,"enemies":"Jaw Worm","floor":1,"turns":4},{"damage":1,"enemies":"2 Louse","floor":3,"turns":2},{"damage":1,"enemies":"Cultist","floor":4,"turns":3},{"damage":13,"enemies":"Gremlin Gang","floor":5,"turns":5},{"damage":4,"enemies":"Gremlin Nob","floor":11,"turns":6},{"damage":6,"enemies":"Lagavulin","floor":13,"turns":4},{"damage":8,"enemies":"3 Louse","floor":14,"turns":3},{"damage":6,"enemies":"Slime Boss","floor":16,"turns":11},{"damage":0,"enemies":"Shell Parasite","floor":18,"turns":8},{"damage":0,"enemies":"Chosen","floor":21,"turns":6},{"damage":22,"enemies":"Sentry and Sphere","floor":22,"turns":4},{"damage":27,"enemies":"Slavers","floor":25,"turns":8},{"damage":0,"enemies":"Cultist and Chosen","floor":30,"turns":6},{"damage":0,"enemies":"Centurion and Healer","floor":31,"turns":10},{"damage":0,"enemies":"Champ","floor":33,"turns":16},{"damage":0,"enemies":"3 Shapes","floor":35,"turns":6},{"damage":0,"enemies":"Mind Bloom Boss Battle","floor":36,"turns":7},{"damage":23,"enemies":"3 Darklings","floor":37,"turns":7},{"damage":0,"enemies":"Sphere and 2 Shapes","floor":39,"turns":5},{"damage":0,"enemies":"Nemesis","floor":41,"turns":7},{"damage":0,"enemies":"4 Shapes","floor":44,"turns":2},{"damage":0,"enemies":"Transient","floor":45,"turns":5},{"damage":0,"enemies":"Giant Head","floor":46,"turns":8},{"damage":11,"enemies":"Sphere and 2 Shapes","floor":47,"turns":5},{"damage":0,"enemies":"3 Darklings","floor":48,"turns":5},{"damage":1,"enemies":"Awakened One","floor":50,"turns":12},{"damage":0,"enemies":"Shield and Spear","floor":54,"turns":6},{"damage":92,"enemies":"The Heart","floor":55,"turns":12}],"seed_played":"1123641196856120676","potions_obtained":[{"floor":4,"key":"PowerPotion"},{"floor":5,"key":"LiquidBronze"},{"floor":13,"key":"PowerPotion"},{"floor":16,"key":"SteroidPotion"},{"floor":25,"key":"Swift Potion"},{"floor":33,"key":"Poison Potion"},{"floor":35,"key":"FearPotion"},{"floor":39,"key":"Poison Potion"},{"floor":47,"key":"Regen Potion"}],"is_trial":false,"path_per_floor":["M","?","M","M","M","R","?","$","T","R","E","T","E","M","R","B",null,"M","?","?","M","M","R","$","E","T","R","$","?","M","M","R","B",null,"M","?","M","?","M","R","E","R","T","M","M","E","M","M","R","B",null,"R","$","E","B"],"character_chosen":"DEFECT","items_purchased":["Auto Shields","Thread and Needle","Conserve Battery","Secret Technique","Oddly Smooth Stone","Turnip","Panache","Finesse"],"campfire_rested":1,"item_purchase_floors":[8,8,24,24,28,53,53,53],"current_hp_per_floor":[74,56,55,54,41,41,26,26,26,26,22,22,16,8,30,24,75,75,75,75,75,53,53,53,26,26,26,26,26,33,33,33,40,75,75,75,71,71,75,75,75,75,75,75,75,75,70,75,75,75,75,75,75,75,0],"gold":100,"neow_bonus":"TWO_FIFTY_GOLD","is_prod":false,"is_daily":false,"chose_seed":false,"campfire_upgraded":8,"win_rate":0,"timestamp":1551137164,"path_taken":["M","?","M","M","M","R","?","$","T","R","E","?","E","?","R","BOSS","M","?","?","?","?","R","$","E","T","R","$","?","M","M","R","BOSS","M","?","M","?","M","R","E","R","T","M","?","E","M","M","R","BOSS","R","$","E","BOSS"],"build_version":"2019-01-23","purchased_purges":2,"victory":false,"max_hp_per_floor":[75,75,75,75,75,75,75,75,75,75,75,75,75,75,75,75,75,75,75,75,75,75,75,75,75,75,75,75,75,75,75,75,75,75,75,75,75,75,75,75,75,75,75,75,75,75,75,75,75,75,75,75,75,75,75],"card_choices":[{"not_picked":["Streamline","Loop","Rip and Tear"],"picked":"SKIP","floor":1},{"not_picked":["Recycle","Double Energy"],"picked":"Hologram","floor":3},{"not_picked":["Streamline","Chaos"],"picked":"Go for the Eyes","floor":4},{"not_picked":["Rebound","Tempest"],"picked":"Capacitor","floor":5},{"not_picked":["Turbo","Streamline"],"picked":"White Noise","floor":11},{"not_picked":["Scrape","Go for the Eyes"],"picked":"Genetic Algorithm","floor":13},{"not_picked":["Turbo","Rip and Tear"],"picked":"All For One","floor":14},{"not_picked":["Machine Learning","Core Surge"],"picked":"Buffer","floor":16},{"not_picked":["Doom and Gloom","Sweeping Beam"],"picked":"Self Repair","floor":17},{"not_picked":["Static Discharge","Coolheaded"],"picked":"Go for the Eyes","floor":17},{"not_picked":["Redo","Turbo"],"picked":"Steam Power","floor":17},{"not_picked":["Compile Driver","Turbo","Rebound"],"picked":"SKIP","floor":18},{"not_picked":["Ball Lightning","Darkness"],"picked":"Creative AI","floor":21},{"not_picked":["Darkness","Stack+1"],"picked":"Glacier","floor":22},{"not_picked":["Gash+1","Hologram","Consume"],"picked":"SKIP","floor":25},{"not_picked":["Hello World","Compile Driver"],"picked":"Redo","floor":30},{"not_picked":["Leap","Stack+1"],"picked":"Auto Shields+1","floor":31},{"not_picked":["Creative AI","Multi-Cast"],"picked":"Thunder Strike","floor":33},{"not_picked":["Reprogram+1","Undo"],"picked":"Defragment","floor":35},{"not_picked":["Redo","Aggregate+1"],"picked":"Go for the Eyes+1","floor":36},{"not_picked":["Coolheaded","Steam Power","Streamline+1"],"picked":"SKIP","floor":37},{"not_picked":["Leap","Force Field"],"picked":"Tempest","floor":39},{"not_picked":["Rebound+1","Sweeping Beam+1"],"picked":"Skim+1","floor":41},{"not_picked":["Hello World+1","Streamline+1","Aggregate+1"],"picked":"SKIP","floor":44},{"not_picked":["Hologram","Conserve Battery","Loop+1"],"picked":"SKIP","floor":45},{"not_picked":["Multi-Cast","Compile Driver"],"picked":"Core Surge","floor":46},{"not_picked":["Self Repair+1","Sweeping Beam+1","Double Energy"],"picked":"SKIP","floor":47},{"not_picked":["Beam Cell+1","Conserve Battery"],"picked":"Undo","floor":48},{"not_picked":["Recycle+1","Rebound"],"picked":"Force Field+1","floor":54}],"player_experience":684822,"relics_obtained":[{"floor":11,"key":"DataDisk"},{"floor":12,"key":"Letter Opener"},{"floor":13,"key":"The Courier"},{"floor":25,"key":"PreservedInsect"},{"floor":26,"key":"Omamori"},{"floor":36,"key":"Bird Faced Urn"},{"floor":41,"key":"Regal Pillow"},{"floor":43,"key":"Dodecahedron"},{"floor":46,"key":"Torii"},{"floor":54,"key":"War Paint"}],"event_choices":[{"damage_healed":0,"gold_gain":0,"player_choice":"Take Damage","damage_taken":18,"relics_obtained":["Golden Idol"],"max_hp_gain":0,"max_hp_loss":0,"event_name":"Golden Idol","floor":2,"gold_loss":0},{"damage_healed":0,"gold_gain":0,"player_choice":"Entered Light","damage_taken":15,"max_hp_gain":0,"max_hp_loss":0,"event_name":"Shining Light","floor":7,"gold_loss":0,"cards_upgraded":["Defend_B","Capacitor"]},{"damage_healed":0,"gold_gain":0,"cards_transformed":["Strike_B","Strike_B"],"player_choice":"Became Test Subject","damage_taken":0,"max_hp_gain":0,"max_hp_loss":0,"event_name":"Drug Dealer","floor":19,"gold_loss":0,"cards_obtained":["Scrape","FTL"]},{"damage_healed":0,"gold_gain":0,"player_choice":"Bought 0 Potions","damage_taken":0,"max_hp_gain":0,"max_hp_loss":0,"event_name":"The Woman in Blue","floor":20,"gold_loss":0},{"damage_healed":0,"gold_gain":0,"player_choice":"Ignored","damage_taken":0,"max_hp_gain":0,"max_hp_loss":0,"event_name":"Ghosts","floor":29,"gold_loss":0},{"damage_healed":0,"gold_gain":0,"player_choice":"Fight","damage_taken":0,"max_hp_gain":0,"max_hp_loss":0,"event_name":"MindBloom","floor":36,"gold_loss":0},{"damage_healed":0,"gold_gain":0,"player_choice":"Ignored","damage_taken":0,"max_hp_gain":0,"max_hp_loss":0,"event_name":"SecretPortal","floor":38,"gold_loss":0}],"is_beta":false,"boss_relics":[{"not_picked":["Busted Crown","Fusion Hammer"],"picked":"Orrery"},{"not_picked":["Astrolabe","Snecko Eye"],"picked":"Cursed Key"}],"items_purged_floors":[8,24],"is_endless":false,"potions_floor_spawned":[4,5,13,16,25,33,35,39,46,47],"killed_by":"The Heart","ascension_level":0}