{"gold_per_floor":[118,118,136,148,148,148,148,148,148,177,197,207,217,230,230,335,335,260,277,288,140,140,153,153,169,217,217,234,250,283,307,307,307],"floor_reached":33,"playtime":3178,"items_purged":[],"score":271,"play_id":"ef7d4555-a123-42fc-8474-db4d1d7774d4","local_time":"20180730223407","is_ascension_mode":false,"campfire_choices":[{"data":"Dualcast","floor":6,"key":"SMITH"},{"data":"Auto Shields","floor":8,"key":"SMITH"},{"data":"Consume","floor":15,"key":"SMITH"},{"floor":24,"key":"REST"},{"data":"Storm","floor":27,"key":"SMITH"},{"floor":32,"key":"REST"}],"neow_cost":"NONE","seed_source_timestamp":2678717641971223,"circlet_count":0,"master_deck":["Strike_B+1","Defend_B+1","Defend_B+1","Defend_B+1","Zap","Dualcast+1","Heatsinks+1","Sweeping Beam","Auto Shields+1","Chill+1","Consume+1","Turbo","Reinforced Body","Aggregate","Gash","Thunder Strike","Recycle+1","Steam Power+1","Lockon+1","Blizzard+1","Hello World","Ball Lightning","Storm+1","Cold Snap","Sweeping Beam","Gash","Conserve Battery"],"relics":["Cracked Core","Meat on the Bone","Art of War","Astrolabe","Bronze Scales","Orichalcum","Blood Vial","Bag of Preparation"],"potions_floor_usage":[18,18,30,33,33],"damage_taken":[{"damage":0,"enemies":"2 Louse","floor":1,"turns":2},{"damage":6,"enemies":"Jaw Worm","floor":3,"turns":3},{"damage":0,"enemies":"Small Slimes","floor":4,"turns":2},{"damage":2,"enemies":"3 Sentries","floor":10,"turns":8},{"damage":2,"enemies":"Exordium Wildlife","floor":11,"turns":5},{"damage":0,"enemies":"Blue Slaver","floor":12,"turns":3},{"damage":0,"enemies":"3 Louse","floor":13,"turns":2},{"damage":0,"enemies":"2 Fungi Beasts","floor":14,"turns":5},{"damage":45,"enemies":"The Guardian","floor":16,"turns":19},{"damage":2,"enemies":"2 Thieves","floor":18,"turns":5},{"damage":20,"enemies":"3 Byrds","floor":19,"turns":6},{"damage":10,"enemies":"Snake Plant","floor":20,"turns":5},{"damage":28,"enemies":"Slaver and Parasite","floor":23,"turns":9},{"damage":4,"enemies":"Snecko","floor":25,"turns":5},{"damage":17,"enemies":"Sentry and Sphere","floor":28,"turns":6},{"damage":23,"enemies":"Snake Plant","floor":29,"turns":4},{"damage":22,"enemies":"Book of Stabbing","floor":30,"turns":7},{"damage":51,"enemies":"Collector","floor":33,"turns":5}],"seed_played":"3194811262740428354","potions_obtained":[{"floor":1,"key":"FearPotion"},{"floor":10,"key":"AttackPotion"},{"floor":11,"key":"Explosive Potion"},{"floor":19,"key":"EssenceOfSteel"},{"floor":25,"key":"SpeedPotion"},{"floor":30,"key":"FocusPotion"}],"is_trial":false,"path_per_floor":["M","?","M","M","?","R","?","R","T","E","M","M","M","M","R","B",null,"M","M","M","$","?","M","R","M","T","R","M","M","E","T","R"],"character_chosen":"DEFECT","items_purchased":["Bronze Scales"],"campfire_rested":2,"item_purchase_floors":[21],"current_hp_per_floor":[75,60,54,54,54,54,75,75,75,73,71,71,71,71,71,38,75,73,53,43,43,43,27,49,45,45,45,40,29,19,19,41,0],"gold":307,"neow_bonus":"TRANSFORM_CARD","is_prod":false,"is_daily":false,"chose_seed":false,"campfire_upgraded":4,"win_rate":0,"timestamp":1532986447,"path_taken":["M","?","M","?","?","R","?","R","T","E","M","M","M","?","R","BOSS","M","M","M","$","?","M","R","M","T","R","M","M","E","?","R","BOSS"],"build_version":"2018-07-26","purchased_purges":0,"victory":false,"max_hp_per_floor":[75,75,75,75,75,75,75,75,75,75,75,75,75,75,75,75,75,75,75,75,75,75,75,75,75,75,75,75,75,75,75,75,75],"card_choices":[{"not_picked":["Reinforced Body","Barrage"],"picked":"Sweeping Beam","floor":1},{"not_picked":["Scrape","Reprogram"],"picked":"Auto Shields","floor":3},{"not_picked":["Gash","Cold Snap"],"picked":"Chill","floor":4},{"not_picked":["Cold Snap","Double Energy"],"picked":"Consume","floor":10},{"not_picked":["Reinforced Body","Go for the Eyes"],"picked":"Turbo","floor":11},{"not_picked":["Recycle","Tempest"],"picked":"Reinforced Body","floor":12},{"not_picked":["Ball Lightning","Hello World"],"picked":"Aggregate","floor":13},{"not_picked":["Tempest","Hyperbeam"],"picked":"Gash","floor":14},{"not_picked":["Rainbow","Fission"],"picked":"Thunder Strike","floor":16},{"not_picked":["Skim+1","Ball Lightning+1"],"picked":"Blizzard+1","floor":18},{"not_picked":["Recycle","Blizzard+1"],"picked":"Hello World","floor":19},{"not_picked":["Steam Power","Redo+1"],"picked":"Ball Lightning","floor":20},{"not_picked":["Rip and Tear","Streamline"],"picked":"Storm","floor":23},{"not_picked":["Glacier","Leap"],"picked":"Cold Snap","floor":25},{"not_picked":["Stack","Leap+1"],"picked":"Sweeping Beam","floor":28},{"not_picked":["Stack","Reboot"],"picked":"Gash","floor":29},{"not_picked":["Double Energy","Genetic Algorithm"],"picked":"Conserve Battery","floor":30}],"player_experience":264551,"relics_obtained":[{"floor":9,"key":"Meat on the Bone"},{"floor":10,"key":"Art of War"},{"floor":26,"key":"Orichalcum"},{"floor":30,"key":"Blood Vial"},{"floor":31,"key":"Bag of Preparation"}],"event_choices":[{"event_name":"Shining Light","player_choice":"Entered Light","floor":2,"damage_taken":0},{"event_name":"Living Wall","player_choice":"Grow","floor":5,"damage_taken":0},{"event_name":"Big Fish","player_choice":"Banana","floor":7,"damage_taken":0},{"event_name":"Back to Basics","player_choice":"Simplicity","floor":22,"damage_taken":0}],"is_beta":false,"boss_relics":[{"not_picked":["Philosopher\u0027s Stone","Velvet Choker"],"picked":"Astrolabe"}],"items_purged_floors":[],"is_endless":false,"potions_floor_spawned":[1,10,11,13,19,25,28,30],"killed_by":"Collector","ascension_level":0}