{"gold_per_floor":[99,18,18,18,18,18,18,18,18,18,18,0,0,0,0,0,0,0,0,0,0,0,0,0,0,0,0,0,0,0,0,0,0,0,0,0,0,0,0,0,0,0,0,0,0,0,0,0,0,0],"floor_reached":50,"playtime":2911,"items_purged":[],"score":476,"play_id":"5079d29b-38a8-426c-bc33-4380980c579d","local_time":"20190322024115","is_ascension_mode":false,"campfire_choices":[{"data":"Neutralize","floor":6,"key":"SMITH"},{"data":"Noxious Fumes","floor":8,"key":"SMITH"},{"floor":15,"key":"REST"},{"floor":23,"key":"REST"},{"floor":27,"key":"REST"},{"data":"Catalyst","floor":32,"key":"SMITH"},{"floor":40,"key":"REST"},{"floor":42,"key":"RECALL"},{"floor":49,"key":"REST"}],"neow_cost":"NONE","seed_source_timestamp":758943094937014,"circlet_count":0,"master_deck":["Defend_G","Defend_G","Defend_G","Defend_G","Defend_G","Strike_G","Strike_G","Strike_G","Strike_G","Survivor","Neutralize+1","Noxious Fumes+1","Heel Hook","Catalyst+1","Sucker Punch","Sucker Punch","Footwork","After Image","Crippling Poison+1","Poisoned Stab","Dodge and Roll+1","Venomology","Bane","Noxious Fumes","Parasite","Noxious Fumes+1","Concentrate"],"relics":["Ectoplasm","Paper Crane","Bottled Lightning","White Beast Statue","Blood Vial","Shuriken","Black Star","Red Mask","Orichalcum","Spirit Poop"],"potions_floor_usage":[13,14,16,18,22,22,22,24,25,28,30,30,33,33,35,36,39,39,39,46,46,46,47,47,48,48,50],"damage_taken":[{"damage":0,"enemies":"Small Slimes","floor":1,"turns":4},{"damage":5,"enemies":"Jaw Worm","floor":3,"turns":4},{"damage":1,"enemies":"Cultist","floor":4,"turns":4},{"damage":0,"enemies":"2 Fungi Beasts","floor":11,"turns":4},{"damage":7,"enemies":"Looter","floor":12,"turns":3},{"damage":0,"enemies":"Large Slime","floor":13,"turns":3},{"damage":8,"enemies":"Lagavulin","floor":14,"turns":6},{"damage":11,"enemies":"Slime Boss","floor":16,"turns":10},{"damage":0,"enemies":"Spheric Guardian","floor":18,"turns":6},{"damage":14,"enemies":"Shell Parasite","floor":20,"turns":6},{"damage":17,"enemies":"Centurion and Healer","floor":22,"turns":7},{"damage":11,"enemies":"Chosen and Byrds","floor":24,"turns":5},{"damage":1,"enemies":"Snake Plant","floor":25,"turns":6},{"damage":7,"enemies":"Shelled Parasite and Fungi","floor":28,"turns":6},{"damage":7,"enemies":"Cultist and Chosen","floor":30,"turns":7},{"damage":12,"enemies":"Snake Plant","floor":31,"turns":6},{"damage":4,"enemies":"Collector","floor":33,"turns":9},{"damage":0,"enemies":"Orb Walker","floor":35,"turns":4},{"damage":8,"enemies":"3 Darklings","floor":36,"turns":7},{"damage":36,"enemies":"Sphere and 2 Shapes","floor":39,"turns":8},{"damage":10,"enemies":"Writhing Mass","floor":41,"turns":7},{"damage":31,"enemies":"Jaw Worm Horde","floor":46,"turns":6},{"damage":26,"enemies":"Spire Growth","floor":47,"turns":7},{"damage":10,"enemies":"Writhing Mass","floor":48,"turns":7},{"damage":90,"enemies":"Awakened One","floor":50,"turns":9}],"seed_played":"7144461152361664523","potions_obtained":[{"floor":4,"key":"Strength Potion"},{"floor":11,"key":"Fire Potion"},{"floor":12,"key":"EssenceOfSteel"},{"floor":13,"key":"SneckoOil"},{"floor":16,"key":"PowerPotion"},{"floor":18,"key":"SpeedPotion"},{"floor":20,"key":"LiquidBronze"},{"floor":22,"key":"SteroidPotion"},{"floor":24,"key":"EssenceOfSteel"},{"floor":25,"key":"Explosive Potion"},{"floor":28,"key":"Regen Potion"},{"floor":30,"key":"Fire Potion"},{"floor":31,"key":"Strength Potion"},{"floor":33,"key":"SkillPotion"},{"floor":35,"key":"Block Potion"},{"floor":39,"key":"Strength Potion"},{"floor":41,"key":"Fruit Juice"},{"floor":46,"key":"Ancient Potion"},{"floor":47,"key":"FearPotion"},{"floor":48,"key":"SmokeBomb"}],"is_trial":false,"path_per_floor":["M","$","M","M","?","R","?","R","T","$","M","M","M","E","R","B",null,"M","$","M","?","M","R","M","M","T","R","M","?","M","M","R","B",null,"M","M","$","?","M","R","M","R","T","?","?","M","M","M","R","B"],"character_chosen":"THE_SILENT","items_purchased":["Noxious Fumes"],"campfire_rested":5,"item_purchase_floors":[2],"current_hp_per_floor":[70,70,65,64,64,64,64,64,64,64,64,57,57,49,70,59,70,70,70,56,43,26,48,37,36,36,58,53,53,63,53,53,51,75,75,67,67,67,48,70,62,62,62,62,62,63,39,31,55,0],"gold":0,"neow_bonus":"BOSS_RELIC","is_prod":false,"is_daily":false,"chose_seed":false,"campfire_upgraded":3,"win_rate":0,"timestamp":1553231475,"path_taken":["M","$","M","M","?","R","?","R","T","?","M","M","?","E","R","BOSS","M","$","M","?","M","R","M","M","T","R","M","?","M","M","R","BOSS","M","M","$","?","M","R","M","R","T","?","?","M","M","M","R","BOSS"],"build_version":"2019-03-15","purchased_purges":0,"victory":false,"max_hp_per_floor":[70,70,70,70,70,70,70,70,70,70,70,70,70,70,70,70,70,70,70,70,75,75,75,75,75,75,75,75,75,75,75,75,75,75,75,75,75,75,75,75,75,75,75,75,75,80,80,80,80,80],"card_choices":[{"not_picked":["Quick Slash","Flying Knee","Outmaneuver"],"picked":"SKIP","floor":1},{"not_picked":["Riddle With Holes","Eviscerate"],"picked":"Heel Hook","floor":3},{"not_picked":["Wraith Form v2","Poisoned Stab","Prepared"],"picked":"SKIP","floor":4},{"not_picked":["Noxious Fumes","Predator"],"picked":"Catalyst","floor":11},{"not_picked":["Cloak And Dagger","Blade Dance"],"picked":"Sucker Punch","floor":12},{"not_picked":["Terror","Cloak And Dagger"],"picked":"Sucker Punch","floor":13},{"not_picked":["Dagger Spray","Prepared"],"picked":"Footwork","floor":14},{"not_picked":["Tools of the Trade","Doppelganger"],"picked":"After Image","floor":16},{"not_picked":["Setup","Calculated Gamble+1"],"picked":"Crippling Poison+1","floor":18},{"not_picked":["Well Laid Plans","Finisher+1"],"picked":"Poisoned Stab","floor":20},{"not_picked":["Deflect","Dodge and Roll","Flying Knee+1"],"picked":"SKIP","floor":22},{"not_picked":["Calculated Gamble","Flying Knee"],"picked":"Dodge and Roll+1","floor":24},{"not_picked":["Escape Plan+1","Accuracy+1"],"picked":"Venomology","floor":25},{"not_picked":["Dodge and Roll+1","Masterful Stab"],"picked":"Bane","floor":28},{"not_picked":["Skewer+1","Masterful Stab+1","Terror"],"picked":"SKIP","floor":30},{"not_picked":["Slice","Flying Knee","Crippling Poison+1"],"picked":"SKIP","floor":31},{"not_picked":["Slice","Dash+1","Flying Knee+1"],"picked":"SKIP","floor":35},{"not_picked":["Cloak And Dagger+1","Blade Dance","Dagger Spray"],"picked":"SKIP","floor":36},{"not_picked":["Deadly Poison","Concentrate"],"picked":"Noxious Fumes","floor":39},{"not_picked":["Outmaneuver+1","Bouncing Flask"],"picked":"Noxious Fumes+1","floor":41},{"not_picked":["Terror","Dash+1","Slice"],"picked":"SKIP","floor":46},{"not_picked":["Sucker Punch+1","Dagger Throw","Predator"],"picked":"SKIP","floor":47},{"not_picked":["Quick Slash+1","Escape Plan"],"picked":"Concentrate","floor":48}],"player_experience":745684,"relics_obtained":[{"floor":9,"key":"Paper Crane"},{"floor":14,"key":"Bottled Lightning"},{"floor":26,"key":"Blood Vial"},{"floor":43,"key":"Orichalcum"}],"event_choices":[{"damage_healed":0,"gold_gain":0,"player_choice":"Ignored","damage_taken":0,"max_hp_gain":0,"max_hp_loss":0,"event_name":"Golden Wing","floor":5,"gold_loss":0},{"damage_healed":0,"gold_gain":0,"player_choice":"Ignored","damage_taken":0,"max_hp_gain":0,"max_hp_loss":0,"event_name":"Liars Game","floor":7,"gold_loss":0},{"damage_healed":0,"gold_gain":0,"player_choice":"Shed Blood","damage_taken":18,"max_hp_gain":5,"max_hp_loss":0,"event_name":"Forgotten Altar","floor":21,"gold_loss":0},{"damage_healed":0,"gold_gain":0,"player_choice":"Opened","damage_taken":0,"relics_obtained":["Shuriken"],"max_hp_gain":0,"max_hp_loss":0,"event_name":"The Mausoleum","floor":29,"gold_loss":0,"cards_obtained":["Writhe"]},{"damage_healed":0,"gold_gain":0,"player_choice":"Paid","damage_taken":0,"relics_obtained":["Red Mask"],"max_hp_gain":0,"max_hp_loss":0,"event_name":"Tomb of Lord Red Mask","floor":38,"gold_loss":0},{"cards_removed":["Strike_G"],"damage_healed":0,"gold_gain":0,"player_choice":"Removed Attack","damage_taken":0,"max_hp_gain":0,"max_hp_loss":0,"event_name":"Falling","floor":44,"gold_loss":0},{"cards_removed":["Writhe"],"damage_healed":0,"gold_gain":0,"player_choice":"Offered Curse","damage_taken":0,"relics_obtained":["Spirit Poop"],"max_hp_gain":0,"max_hp_loss":0,"event_name":"Bonfire Elementals","floor":45,"gold_loss":0}],"is_beta":true,"boss_relics":[{"not_picked":["HoveringKite","Pandora\u0027s Box"],"picked":"White Beast Statue"},{"not_picked":["Calling Bell","Coffee Dripper"],"picked":"Black Star"}],"items_purged_floors":[],"is_endless":false,"potions_floor_spawned":[4,11,12,13,16,18,20,22,24,25,28,30,31,33,35,36,39,41,46,47,48],"killed_by":"Awakened One","ascension_level":0}