{"gold_per_floor":[111,127,140,25,35,65,77,112,112,147,147,181,194,21,21,98,98,110,35,47,47,81,110,110,143,143,174,188,188,216,266,266,343,343,359,359,175,185,203,237,237,267,267,267,292,346,356,375,375,375,375],"floor_reached":52,"playtime":4748,"items_purged":["Strike_R","Writhe"],"score":2096,"play_id":"2b55a1fa-4fa6-493c-a4a2-fa2c3181c16f","local_time":"20190308132157","is_ascension_mode":true,"campfire_choices":[{"data":"Feed","floor":15.0,"key":"SMITH"},{"floor":24.0,"key":"REST"},{"data":"Inflame","floor":32.0,"key":"SMITH"},{"data":"Brutality","floor":41.0,"key":"SMITH"},{"data":"Disarm","floor":49,"key":"SMITH"}],"neow_cost":"TEN_PERCENT_HP_LOSS","seed_source_timestamp":533217532646084,"circlet_count":0,"master_deck":["AscendersBane","Defend_R","Defend_R","Defend_R","Defend_R","Bash","Shockwave","Disarm+1","Inflame+1","Feel No Pain","True Grit","Twin Strike","Pummel","Havoc","Limit Break","Cleave","Cleave","Power Through","Feed+1","Fiend Fire","True Grit+1","Bite","Bite","Bite+1","Bite","Bite+1","Sword Boomerang+1","Warcry","Metallicize+1","Limit Break","Shrug It Off","Disarm+1","Exhume","Feel No Pain+1","Corruption","True Grit","Power Through+1","Brutality+1","Warcry","Writhe","Offering","Shrug It Off","Inflame","Feel No Pain"],"special_seed":0,"relics":["Burning Blood","Charon\u0027s Ashes","Champion Belt","Question Card","Happy Flower","Centennial Puzzle","Self Forming Clay","Orichalcum","Cursed Key","Red Mask","Whetstone","Mercury Hourglass","Bottled Flame","Bag of Marbles","PreservedInsect","Runic Cube","Anchor","Pantograph","Letter Opener","Ice Cream"],"potions_floor_usage":[],"damage_taken":[{"damage":6.0,"enemies":"Cultist","floor":1.0,"turns":4.0},{"damage":4.0,"enemies":"Jaw Worm","floor":2.0,"turns":5.0},{"damage":4.0,"enemies":"2 Louse","floor":3.0,"turns":3.0},{"damage":6.0,"enemies":"Large Slime","floor":5.0,"turns":6.0},{"damage":20.0,"enemies":"3 Sentries","floor":6.0,"turns":7.0},{"damage":0.0,"enemies":"3 Louse","floor":7.0,"turns":2.0},{"damage":15.0,"enemies":"Lagavulin","floor":8.0,"turns":6.0},{"damage":15.0,"enemies":"3 Sentries","floor":10.0,"turns":5.0},{"damage":18.0,"enemies":"Gremlin Nob","floor":12.0,"turns":4.0},{"damage":2.0,"enemies":"Blue Slaver","floor":13.0,"turns":3.0},{"damage":8.0,"enemies":"Hexaghost","floor":16.0,"turns":6.0},{"damage":16.0,"enemies":"Shell Parasite","floor":18.0,"turns":2.0},{"damage":6.0,"enemies":"3 Byrds","floor":20.0,"turns":3.0},{"damage":21.0,"enemies":"Masked Bandits","floor":22.0,"turns":5.0},{"damage":31.0,"enemies":"Book of Stabbing","floor":23.0,"turns":6.0},{"damage":17.0,"enemies":"Gremlin Leader","floor":25.0,"turns":8.0},{"damage":14.0,"enemies":"Book of Stabbing","floor":27.0,"turns":5.0},{"damage":7.0,"enemies":"Sentry and Sphere","floor":28.0,"turns":4.0},{"damage":12.0,"enemies":"Slavers","floor":30.0,"turns":4.0},{"damage":44.0,"enemies":"Automaton","floor":33.0,"turns":9.0},{"damage":6.0,"enemies":"Orb Walker","floor":35.0,"turns":3.0},{"damage":0.0,"enemies":"3 Shapes","floor":38.0,"turns":7.0},{"damage":4.0,"enemies":"3 Darklings","floor":39.0,"turns":7.0},{"damage":1.0,"enemies":"Nemesis","floor":40.0,"turns":9.0},{"damage":7.0,"enemies":"Giant Head","floor":42.0,"turns":7.0},{"damage":4,"enemies":"Nemesis","floor":45,"turns":5},{"damage":15,"enemies":"2 Orb Walkers","floor":46,"turns":4},{"damage":5,"enemies":"Writhing Mass","floor":47,"turns":4},{"damage":4,"enemies":"Maw","floor":48,"turns":5},{"damage":31,"enemies":"Donu and Deca","floor":50,"turns":8},{"damage":77,"enemies":"Awakened One","floor":51,"turns":12}],"seed_played":"-2229712011948403744","potions_obtained":[{"floor":1.0,"key":"LiquidBronze"},{"floor":2.0,"key":"AttackPotion"},{"floor":3.0,"key":"Block Potion"},{"floor":6.0,"key":"Strength Potion"},{"floor":13.0,"key":"Weak Potion"},{"floor":20.0,"key":"Ancient Potion"},{"floor":23.0,"key":"Block Potion"},{"floor":33.0,"key":"Ancient Potion"},{"floor":35.0,"key":"Regen Potion"}],"is_trial":false,"path_per_floor":["M","M","M","$","M","E","M","E","T","E","?","E","M","$","R","B",null,"M","$","M","?","?","E","R","E","T","E","M","?","E","?","R","B",null,"M","?","$","M","M","E","R","E","T","T","E","?","M","M","R","B","B",null],"character_chosen":"IRONCLAD","items_purchased":["Feel No Pain","True Grit","Feed","Corruption"],"campfire_rested":1,"item_purchase_floors":[4,4,14,37],"current_hp_per_floor":[68,68,68,68,68,54,60,51,51,42,42,30,34,34,34,36,63,53,53,57,53,50,37,54,57,57,55,65,65,68,68,68,43,63,68,68,68,69,69,69,69,69,69,69,69,64,77,81,81,63,41],"gold":375,"neow_bonus":"ONE_RARE_RELIC","is_prod":false,"is_daily":false,"chose_seed":false,"campfire_upgraded":4,"win_rate":0,"timestamp":1552072917,"path_taken":["M","M","M","$","M","E","?","E","T","E","?","E","M","$","R","BOSS","M","$","M","?","?","E","R","E","T","E","M","?","E","?","R","BOSS","M","?","$","?","M","E","R","E","T","?","E","?","M","M","R","BOSS","BOSS"],"build_version":"2019-01-23","purchased_purges":2,"victory":true,"max_hp_per_floor":[68,68,68,68,68,68,68,68,68,68,68,68,68,68,68,72,72,72,72,76,53,57,57,57,57,57,61,65,65,69,69,69,69,69,69,69,69,69,69,69,69,69,69,69,69,73,77,81,81,81,85],"card_choices":[{"not_picked":["Infernal Blade","Clash"],"picked":"Shockwave","floor":1.0},{"not_picked":["Inflame","Warcry"],"picked":"Disarm","floor":2.0},{"not_picked":["Hemokinesis","Spot Weakness"],"picked":"Inflame","floor":3.0},{"not_picked":["True Grit","Power Through"],"picked":"Twin Strike","floor":5.0},{"not_picked":["Perfected Strike","Clash"],"picked":"Pummel","floor":6.0},{"not_picked":["Pommel Strike","Entrench"],"picked":"Havoc","floor":7.0},{"not_picked":["Infernal Blade","Havoc"],"picked":"Limit Break","floor":8.0},{"not_picked":["Clothesline","Armaments","Heavy Blade"],"picked":"Cleave","floor":10.0},{"not_picked":["Sentinel","Wild Strike","Clash"],"picked":"Cleave","floor":12.0},{"not_picked":["Shockwave","Sword Boomerang","Entrench"],"picked":"Power Through","floor":13.0},{"not_picked":["Bludgeon","Juggernaut","Impervious"],"picked":"Fiend Fire","floor":16.0},{"not_picked":["Body Slam","Hemokinesis","Warcry"],"picked":"True Grit+1","floor":18.0},{"not_picked":["Dual Wield","Blood for Blood","Infernal Blade","Heavy Blade"],"picked":"SKIP","floor":20.0},{"not_picked":["Flex","Carnage","Uppercut"],"picked":"Sword Boomerang+1","floor":22.0},{"not_picked":["True Grit","Hemokinesis","Rage","Warcry"],"picked":"SKIP","floor":23.0},{"not_picked":["True Grit","Hemokinesis","Rage"],"picked":"Warcry","floor":23.0},{"not_picked":["Bloodletting","Battle Trance","Warcry"],"picked":"Metallicize+1","floor":25.0},{"not_picked":["Feel No Pain","Clothesline","Havoc"],"picked":"Limit Break","floor":27.0},{"not_picked":["Armaments","Warcry","Twin Strike"],"picked":"Shrug It Off","floor":28.0},{"not_picked":["Battle Trance","Flame Barrier","Fire Breathing"],"picked":"Disarm+1","floor":30.0},{"not_picked":["Barricade","Bludgeon","Demon Form"],"picked":"Exhume","floor":33.0},{"not_picked":["Clothesline","Burning Pact","Havoc"],"picked":"Feel No Pain+1","floor":35.0},{"not_picked":["Flex","Sever Soul+1","Sword Boomerang"],"picked":"True Grit","floor":38.0},{"not_picked":["Body Slam","Combust","Sword Boomerang"],"picked":"Power Through+1","floor":39.0},{"not_picked":["Cleave","True Grit","Pummel"],"picked":"Brutality","floor":40.0},{"not_picked":["Clash","Brutality","Flex+1"],"picked":"Warcry","floor":42.0},{"not_picked":["Sentinel","Feed","Sword Boomerang"],"picked":"Offering","floor":45},{"not_picked":["Searing Blow","Evolve","Sever Soul"],"picked":"Shrug It Off","floor":46},{"not_picked":["Dual Wield","Thunderclap+1","Ghostly Armor"],"picked":"Inflame","floor":47},{"not_picked":["Sword Boomerang","Body Slam","Perfected Strike"],"picked":"Feel No Pain","floor":48}],"player_experience":707526,"relics_obtained":[{"floor":6.0,"key":"Champion Belt"},{"floor":8.0,"key":"Question Card"},{"floor":9.0,"key":"Happy Flower"},{"floor":10.0,"key":"Centennial Puzzle"},{"floor":12.0,"key":"Orichalcum"},{"floor":22.0,"key":"Red Mask"},{"floor":23.0,"key":"Whetstone"},{"floor":25.0,"key":"Mercury Hourglass"},{"floor":27.0,"key":"Bottled Flame"},{"floor":30.0,"key":"PreservedInsect"},{"floor":40.0,"key":"Anchor"},{"floor":42.0,"key":"Pantograph"},{"floor":45,"key":"Letter Opener"},{"floor":46,"key":"Ice Cream"}],"event_choices":[{"damage_healed":0.0,"max_hp_gain":0.0,"max_hp_loss":0.0,"gold_gain":0.0,"event_name":"Big Fish","player_choice":"Box","floor":11.0,"gold_loss":0.0,"damage_taken":0.0,"relics_obtained":["Self Forming Clay"],"cards_obtained":["Regret"]},{"damage_healed":0.0,"max_hp_gain":0.0,"max_hp_loss":23.0,"gold_gain":0.0,"event_name":"Vampires","player_choice":"Became a vampire","floor":21.0,"gold_loss":0.0,"damage_taken":0.0,"cards_obtained":["Bite","Bite","Bite","Bite","Bite"]},{"damage_healed":0.0,"max_hp_gain":0.0,"max_hp_loss":0.0,"gold_gain":0.0,"event_name":"Masked Bandits","player_choice":"Fought Bandits","floor":22.0,"gold_loss":0.0,"damage_taken":0.0},{"damage_healed":0.0,"max_hp_gain":0.0,"max_hp_loss":0.0,"gold_gain":0.0,"event_name":"The Mausoleum","player_choice":"Opened","floor":29.0,"gold_loss":0.0,"damage_taken":0.0,"relics_obtained":["Bag of Marbles"],"cards_obtained":["Writhe"]},{"damage_healed":0.0,"max_hp_gain":0.0,"max_hp_loss":0.0,"gold_gain":50.0,"event_name":"Nest","player_choice":"Stole From Cult","floor":31.0,"gold_loss":0.0,"damage_taken":0.0},{"cards_removed":["Regret"],"damage_healed":0.0,"max_hp_gain":0.0,"max_hp_loss":0.0,"gold_gain":0.0,"event_name":"Purifier","player_choice":"Purged","floor":36.0,"gold_loss":0.0,"damage_taken":0.0},{"damage_healed":0,"gold_gain":0,"player_choice":"Fight","damage_taken":0,"max_hp_gain":0,"max_hp_loss":0,"event_name":"Mysterious Sphere","floor":46,"gold_loss":0}],"is_beta":false,"boss_relics":[{"not_picked":["White Beast Statue","Calling Bell"],"picked":"Cursed Key"},{"not_picked":["Runic Dome","Orrery"],"picked":"Runic Cube"}],"items_purged_floors":[19,37],"is_endless":false,"potions_floor_spawned":[1,2,3,6,7,13,20,23,33,35,39,40,47],"ascension_level":20}