{"gold_per_floor":[116,9,9,9,9,9,29,63,63,74,93,124,140,152,152,225,225,240,259,259,154,170,205,229,241,325,252,293,305,332,356,368,455,467,494,519,551,8,21,21,0,0,72,88,88,120,120,130,130,130,130,130,130,9,39,39],"floor_reached":57,"playtime":4927,"items_purged":[],"score":2722,"play_id":"8e782e07-d709-406b-a9f9-ec8e1a8a8f8d","local_time":"20190310005443","is_ascension_mode":true,"campfire_choices":[{"data":"Deadly Poison","floor":6.0,"key":"SMITH"},{"data":"Footwork","floor":15.0,"key":"SMITH"},{"floor":25.0,"key":"REST"},{"data":"Wraith Form v2","floor":29.0,"key":"SMITH"},{"floor":32.0,"key":"REST"},{"data":"Catalyst","floor":40.0,"key":"SMITH"},{"data":"Catalyst","floor":42.0,"key":"SMITH"},{"floor":45.0,"key":"RECALL"},{"data":"Night Terror","floor":49.0,"key":"SMITH"},{"data":"Footwork","floor":53,"key":"SMITH"}],"neow_cost":"NONE","seed_source_timestamp":659714889560229,"circlet_count":0,"master_deck":["AscendersBane","Survivor","Neutralize","Deadly Poison+1","Footwork+1","Slice","Dagger Spray","Catalyst+1","Slice","Escape Plan","Deadly Poison","Catalyst+1","Wraith Form v2+1","Night Terror+1","Dodge and Roll","Corpse Explosion","Escape Plan","All Out Attack","Escape Plan","Skewer","Endless Agony","Noxious Fumes","Footwork+1","Slice","Noxious Fumes","Dark Shackles","Well Laid Plans","Deadly Poison","Dodge and Roll","Cloak And Dagger","Deflect","Deflect","Malaise","Caltrops","PiercingWail","PiercingWail+1","Deflect","Bullet Time"],"special_seed":0,"relics":["Ring of the Snake","Centennial Puzzle","Unceasing Top","Meat on the Bone","Pen Nib","Pandora\u0027s Box","MawBank","Matryoshka","Happy Flower","Question Card","Runic Pyramid","Membership Card","Bird Faced Urn","Mercury Hourglass","Red Mask","Anchor","Boot","Blood Vial"],"potions_floor_usage":[56,56],"damage_taken":[{"damage":0.0,"enemies":"Jaw Worm","floor":1.0,"turns":7.0},{"damage":0.0,"enemies":"Cultist","floor":7.0,"turns":4.0},{"damage":22.0,"enemies":"Gremlin Nob","floor":8.0,"turns":5.0},{"damage":7.0,"enemies":"Small Slimes","floor":10.0,"turns":3.0},{"damage":12.0,"enemies":"Blue Slaver","floor":11.0,"turns":3.0},{"damage":23.0,"enemies":"Lagavulin","floor":12.0,"turns":7.0},{"damage":8.0,"enemies":"Exordium Thugs","floor":13.0,"turns":5.0},{"damage":7.0,"enemies":"2 Fungi Beasts","floor":14.0,"turns":2.0},{"damage":33.0,"enemies":"The Guardian","floor":16.0,"turns":8.0},{"damage":8.0,"enemies":"2 Thieves","floor":18.0,"turns":4.0},{"damage":0.0,"enemies":"3 Byrds","floor":19.0,"turns":3.0},{"damage":3.0,"enemies":"Snake Plant","floor":22.0,"turns":4.0},{"damage":30.0,"enemies":"Book of Stabbing","floor":23.0,"turns":6.0},{"damage":19.0,"enemies":"Snecko","floor":24.0,"turns":6.0},{"damage":31.0,"enemies":"Slavers","floor":28.0,"turns":4.0},{"damage":0.0,"enemies":"3 Cultists","floor":30.0,"turns":2.0},{"damage":17.0,"enemies":"Snake Plant","floor":31.0,"turns":5.0},{"damage":38.0,"enemies":"Collector","floor":33.0,"turns":11.0},{"damage":12.0,"enemies":"3 Darklings","floor":35.0,"turns":3.0},{"damage":7.0,"enemies":"3 Shapes","floor":36.0,"turns":3.0},{"damage":0.0,"enemies":"3 Darklings","floor":37.0,"turns":4.0},{"damage":21.0,"enemies":"Jaw Worm Horde","floor":39.0,"turns":4.0},{"damage":0.0,"enemies":"Spire Growth","floor":44.0,"turns":5.0},{"damage":0.0,"enemies":"Giant Head","floor":46.0,"turns":7.0},{"damage":1.0,"enemies":"3 Darklings","floor":48.0,"turns":6.0},{"damage":29.0,"enemies":"Time Eater","floor":50.0,"turns":8.0},{"damage":57,"enemies":"Awakened One","floor":51,"turns":18},{"damage":3,"enemies":"Shield and Spear","floor":55,"turns":6},{"damage":37,"enemies":"The Heart","floor":56,"turns":10}],"seed_played":"-827711288412218864","potions_obtained":[{"floor":7.0,"key":"GhostInAJar"},{"floor":8.0,"key":"Weak Potion"},{"floor":11.0,"key":"PowerPotion"},{"floor":18.0,"key":"Dexterity Potion"},{"floor":28.0,"key":"FearPotion"},{"floor":33.0,"key":"Block Potion"},{"floor":39.0,"key":"Fire Potion"},{"floor":44.0,"key":"SpeedPotion"},{"floor":48.0,"key":"Poison Potion"}],"is_trial":false,"path_per_floor":["M","$","?","$","?","R","M","E","T","M","M","E","M","M","R","B",null,"M","M","?","$","M","E","M","R","T","?","E","R","M","M","R","B",null,"M","M","M","$","M","R","?","R","T","M","R","E","?","M","R","B","B",null,"R","$","E","B",null],"character_chosen":"THE_SILENT","items_purchased":["Footwork","Slice","Dark Shackles","Membership Card","Caltrops","Bird Faced Urn","Mercury Hourglass","Bullet Time","GhostInAJar"],"campfire_rested":2,"item_purchase_floors":[2,2,21,38,38,38,38,54,54],"current_hp_per_floor":[59,59,64,64,64,64,64,42,42,47,47,36,40,45,45,24,59,51,51,31,31,40,22,15,37,37,37,18,18,30,25,47,21,62,50,43,43,43,42,42,42,42,42,54,54,68,68,76,76,54,27,64,64,64,73,52],"gold":39,"neow_bonus":"RANDOM_COMMON_RELIC","is_prod":false,"is_daily":false,"chose_seed":false,"campfire_upgraded":7,"win_rate":0,"timestamp":1552200883,"path_taken":["M","$","?","$","?","R","M","E","T","?","M","E","M","M","R","BOSS","M","M","?","$","M","E","M","R","T","?","E","R","M","M","R","BOSS","M","M","M","$","M","R","?","R","T","M","R","E","?","?","R","BOSS","BOSS","R","$","E","BOSS"],"build_version":"2019-01-23","purchased_purges":0,"victory":true,"max_hp_per_floor":[66,66,71,71,71,71,71,71,71,71,71,71,71,71,71,71,71,71,71,76,76,76,76,76,76,76,76,76,76,76,76,76,76,76,76,76,76,76,76,76,76,76,76,76,76,76,76,76,76,76,76,76,76,76,76,76],"card_choices":[{"not_picked":["Dagger Spray","Tactician"],"picked":"Deadly Poison","floor":1.0},{"not_picked":["Heel Hook","Eviscerate"],"picked":"Dagger Spray","floor":7.0},{"not_picked":["All Out Attack","Sucker Punch"],"picked":"Catalyst","floor":8.0},{"not_picked":["Expertise","Eviscerate"],"picked":"Slice","floor":10.0},{"not_picked":["Reflex","Quick Slash"],"picked":"Escape Plan","floor":11.0},{"not_picked":["Outmaneuver","Heel Hook"],"picked":"Deadly Poison","floor":12.0},{"not_picked":["Tactician","Outmaneuver"],"picked":"Catalyst","floor":13.0},{"not_picked":["Outmaneuver","Predator"],"picked":"Wraith Form v2","floor":14.0},{"not_picked":["Venomology","A Thousand Cuts"],"picked":"Night Terror","floor":16.0},{"not_picked":["Accuracy","All Out Attack"],"picked":"Slice","floor":18.0},{"not_picked":["Quick Slash","Acrobatics"],"picked":"Noxious Fumes","floor":19.0},{"not_picked":["Poisoned Stab","Outmaneuver"],"picked":"Well Laid Plans","floor":22.0},{"not_picked":["Flying Knee","Blade Dance","Slice"],"picked":"SKIP","floor":23.0},{"not_picked":["Distraction","Bane+1"],"picked":"Deadly Poison","floor":24.0},{"not_picked":["Eviscerate","Prepared","Slice"],"picked":"SKIP","floor":28.0},{"not_picked":["Sucker Punch","Cloak And Dagger","PiercingWail"],"picked":"Dodge and Roll","floor":30.0},{"not_picked":["Quick Slash","Underhanded Strike","Dagger Spray"],"picked":"Cloak And Dagger","floor":31.0},{"not_picked":["Endless Agony","Flying Knee+1","Infinite Blades+1"],"picked":"Deflect","floor":35.0},{"not_picked":["Choke","Underhanded Strike","Cloak And Dagger"],"picked":"Deflect","floor":36.0},{"not_picked":["Deadly Poison","Blade Dance+1","Calculated Gamble+1"],"picked":"Malaise","floor":37.0},{"not_picked":["Calculated Gamble+1","Blur","Bane"],"picked":"PiercingWail","floor":39.0},{"not_picked":["Choke","Infinite Blades","Dagger Throw","Riddle With Holes"],"picked":"SKIP","floor":44.0},{"not_picked":["Underhanded Strike+1","Backstab","Die Die Die"],"picked":"PiercingWail+1","floor":46.0},{"not_picked":["Riddle With Holes","Quick Slash+1","Underhanded Strike"],"picked":"Deflect","floor":48.0},{"not_picked":["Poisoned Stab+1","Backstab","Expertise+1","Setup"],"picked":"SKIP","floor":55}],"player_experience":735738,"relics_obtained":[{"floor":8.0,"key":"Unceasing Top"},{"floor":9.0,"key":"Meat on the Bone"},{"floor":12.0,"key":"Pen Nib"},{"floor":23.0,"key":"MawBank"},{"floor":26.0,"key":"Matryoshka"},{"floor":28.0,"key":"Question Card"},{"floor":43.0,"key":"Anchor"},{"floor":46.0,"key":"Boot"},{"floor":55,"key":"Blood Vial"}],"event_choices":[{"damage_healed":0.0,"max_hp_gain":5.0,"max_hp_loss":0.0,"gold_gain":0.0,"event_name":"Big Fish","player_choice":"Donut","floor":3.0,"gold_loss":0.0,"damage_taken":0.0},{"cards_removed":["Strike_G"],"damage_healed":0.0,"max_hp_gain":0.0,"max_hp_loss":0.0,"gold_gain":0.0,"event_name":"Purifier","player_choice":"Purged","floor":5.0,"gold_loss":0.0,"damage_taken":0.0},{"damage_healed":0.0,"max_hp_gain":5.0,"max_hp_loss":0.0,"gold_gain":0.0,"event_name":"Forgotten Altar","player_choice":"Shed Blood","floor":20.0,"gold_loss":0.0,"damage_taken":25.0},{"damage_healed":0.0,"max_hp_gain":0.0,"max_hp_loss":0.0,"gold_gain":0.0,"event_name":"Addict","player_choice":"Obtained Relic","floor":27.0,"gold_loss":85.0,"damage_taken":0.0,"relics_obtained":["Happy Flower"]},{"damage_healed":0.0,"max_hp_gain":0.0,"max_hp_loss":0.0,"gold_gain":0.0,"event_name":"Tomb of Lord Red Mask","player_choice":"Paid","floor":41.0,"gold_loss":21.0,"damage_taken":0.0,"relics_obtained":["Red Mask"]},{"damage_healed":0.0,"max_hp_gain":0.0,"max_hp_loss":0.0,"gold_gain":0.0,"event_name":"SecretPortal","player_choice":"Ignored","floor":47.0,"gold_loss":0.0,"damage_taken":0.0}],"is_beta":false,"boss_relics":[{"not_picked":["Busted Crown","Eternal Feather"],"picked":"Pandora\u0027s Box"},{"not_picked":["White Beast Statue","Tiny House"],"picked":"Runic Pyramid"}],"items_purged_floors":[],"is_endless":false,"potions_floor_spawned":[7,8,11,16,18,19,22,28,33,39,44,48],"ascension_level":20}