{"gold_per_floor":[418,418,418,428,503,534,534,563,645,506,520,549,46,62,62,139,139,155,155,170,170,183,217,217,217,242,277,36,36,66,76,76,153,153,168,184,237,157,157,184,184,184,184,209,209,228,239,271,271,271,271,271,271,87,114,114],"floor_reached":57,"playtime":3967,"items_purged":["Clumsy","Doubt"],"score":2753,"play_id":"c2330821-d59f-4ea9-9d7a-dcb0dc40027d","local_time":"20190329201748","is_ascension_mode":true,"campfire_choices":[{"floor":7.0,"key":"REST"},{"data":"Inflame","floor":15.0,"key":"SMITH"},{"data":"Armaments","floor":25.0,"key":"SMITH"},{"data":"Uppercut","floor":32.0,"key":"SMITH"},{"floor":42.0,"key":"RECALL"},{"data":"Corruption","floor":49.0,"key":"SMITH"},{"data":"Evolve","floor":53.0,"key":"SMITH"}],"neow_cost":"PERCENT_DAMAGE","seed_source_timestamp":1435149006911359,"circlet_count":0,"master_deck":["AscendersBane","Defend_R+1","Defend_R+1","Defend_R+1","Defend_R+1","Bash","Shrug It Off","Armaments","Shrug It Off+1","Limit Break+1","Metallicize","Headbutt","Evolve+1","Inflame+1","Impervious","Uppercut+1","Bite+1","Bite+1","Bite","Corruption+1","Armaments+1","Power Through+1","PanicButton","Reaper","Whirlwind","Feel No Pain","Violence","Spot Weakness","Shrug It Off","Sword Boomerang+1","Iron Wave+1","Inflame+1"],"special_seed":0,"relics":["Burning Blood","Old Coin","Centennial Puzzle","Self Forming Clay","Pantograph","Ginger","War Paint","Cursed Key","Bag of Preparation","MutagenicStrength","Paper Frog","Whetstone","Juzu Bracelet","Runic Dome","Nunchaku","Bronze Scales","Bottled Tornado","Molten Egg 2","Frozen Egg 2","Vajra"],"potions_floor_usage":[56,56],"damage_taken":[{"damage":8.0,"enemies":"Small Slimes","floor":1.0,"turns":4.0},{"damage":0.0,"enemies":"2 Louse","floor":4.0,"turns":4.0},{"damage":31.0,"enemies":"Gremlin Nob","floor":6.0,"turns":4.0},{"damage":23.0,"enemies":"3 Sentries","floor":8.0,"turns":14.0},{"damage":0.0,"enemies":"Cultist","floor":11.0,"turns":4.0},{"damage":10.0,"enemies":"Lagavulin","floor":12.0,"turns":7.0},{"damage":3.0,"enemies":"Looter","floor":14.0,"turns":3.0},{"damage":37.0,"enemies":"Slime Boss","floor":16.0,"turns":8.0},{"damage":7.0,"enemies":"Shell Parasite","floor":18.0,"turns":7.0},{"damage":3.0,"enemies":"Spheric Guardian","floor":20.0,"turns":5.0},{"damage":12.0,"enemies":"Centurion and Healer","floor":22.0,"turns":7.0},{"damage":34.0,"enemies":"Book of Stabbing","floor":23.0,"turns":5.0},{"damage":40.0,"enemies":"Gremlin Leader","floor":27.0,"turns":11.0},{"damage":5.0,"enemies":"Book of Stabbing","floor":30.0,"turns":5.0},{"damage":8.0,"enemies":"Sentry and Sphere","floor":31.0,"turns":5.0},{"damage":27.0,"enemies":"Automaton","floor":33.0,"turns":11.0},{"damage":5.0,"enemies":"3 Shapes","floor":35.0,"turns":5.0},{"damage":36.0,"enemies":"3 Darklings","floor":36.0,"turns":8.0},{"damage":58.0,"enemies":"2 Orb Walkers","floor":37.0,"turns":7.0},{"damage":28.0,"enemies":"Reptomancer","floor":40.0,"turns":8.0},{"damage":71.0,"enemies":"Giant Head","floor":44.0,"turns":10.0},{"damage":10.0,"enemies":"Spire Growth","floor":46.0,"turns":6.0},{"damage":18.0,"enemies":"Sphere and 2 Shapes","floor":47.0,"turns":7.0},{"damage":69.0,"enemies":"Reptomancer","floor":48.0,"turns":6.0},{"damage":43.0,"enemies":"Donu and Deca","floor":50.0,"turns":7.0},{"damage":124.0,"enemies":"Awakened One","floor":51.0,"turns":15.0},{"damage":51.0,"enemies":"Shield and Spear","floor":55.0,"turns":6.0},{"damage":103,"enemies":"The Heart","floor":56,"turns":8}],"seed_played":"-8199527030098196180","potions_obtained":[{"floor":4.0,"key":"Energy Potion"},{"floor":8.0,"key":"Explosive Potion"},{"floor":14.0,"key":"Block Potion"},{"floor":18.0,"key":"EssenceOfSteel"},{"floor":23.0,"key":"LiquidBronze"},{"floor":30.0,"key":"BloodPotion"},{"floor":33.0,"key":"PowerPotion"},{"floor":44.0,"key":"Fruit Juice"},{"floor":46.0,"key":"BloodPotion"},{"floor":55.0,"key":"Block Potion"}],"is_trial":false,"path_per_floor":["M","?","?","M","?","E","R","E","T","$","M","E","$","M","R","B",null,"M","?","M","?","M","E","?","R","T","E","$","?","E","M","R","B",null,"M","M","?","$","?","E","?","R","T","E","?","M","M","E","R","B","B",null,"R","$","E","B",null],"character_chosen":"IRONCLAD","items_purchased":["Metallicize","SteroidPotion","Ginger","War Paint","Whetstone","Feel No Pain","SteroidPotion","Iron Wave+1"],"campfire_rested":1,"item_purchase_floors":[10,10,13,13,28,38,54,54],"current_hp_per_floor":[48,53,53,59,48,23,47,32,32,32,40,38,38,43,43,39,70,71,71,80,80,80,62,62,62,62,53,53,53,71,80,80,80,80,80,80,42,42,42,71,61,61,61,13,13,48,85,85,85,85,14,67,67,67,76,28],"gold":114,"neow_bonus":"ONE_RARE_RELIC","is_prod":false,"is_daily":false,"chose_seed":false,"campfire_upgraded":5,"win_rate":0,"timestamp":1553905068,"path_taken":["M","?","?","?","?","E","R","E","T","$","M","E","$","M","R","BOSS","M","?","M","?","M","E","?","R","T","E","$","?","E","M","R","BOSS","M","M","?","$","?","E","?","R","T","E","?","M","M","E","R","BOSS","BOSS","R","$","E","BOSS"],"build_version":"2019-03-15","purchased_purges":2,"victory":true,"max_hp_per_floor":[75,80,80,80,80,80,80,80,80,80,80,80,80,80,80,80,80,80,80,80,80,80,80,80,80,80,80,80,80,80,80,80,80,80,80,80,80,80,80,80,80,80,80,80,80,85,85,85,85,85,85,85,85,85,85,85],"card_choices":[{"not_picked":["Pommel Strike","Sever Soul"],"picked":"Shrug It Off","floor":1.0},{"not_picked":["Iron Wave","Wild Strike"],"picked":"Armaments","floor":4.0},{"not_picked":["Flex","Second Wind"],"picked":"Shrug It Off","floor":6.0},{"not_picked":["Seeing Red","Flex"],"picked":"Limit Break","floor":8.0},{"not_picked":["Warcry","Havoc"],"picked":"Headbutt","floor":11.0},{"not_picked":["Warcry","Cleave"],"picked":"Evolve","floor":12.0},{"not_picked":["Thunderclap","Carnage"],"picked":"Inflame","floor":14.0},{"not_picked":["Limit Break","Barricade"],"picked":"Impervious","floor":16.0},{"not_picked":["Armaments","Flex"],"picked":"Uppercut","floor":18.0},{"not_picked":["Clash","Blood for Blood","Body Slam"],"picked":"SKIP","floor":20.0},{"not_picked":["Combust","Pommel Strike+1"],"picked":"Corruption","floor":22.0},{"not_picked":["Armaments","Sever Soul","Heavy Blade"],"picked":"SKIP","floor":23.0},{"not_picked":["Sever Soul","Heavy Blade"],"picked":"Armaments","floor":23.0},{"not_picked":["Reckless Charge+1","Rampage"],"picked":"Power Through+1","floor":27.0},{"not_picked":["Power Through","Corruption","Warcry"],"picked":"SKIP","floor":30.0},{"not_picked":["Flex","Armaments","Thunderclap"],"picked":"SKIP","floor":31.0},{"not_picked":["Feed","Juggernaut"],"picked":"Reaper","floor":33.0},{"not_picked":["Thunderclap","Anger+1","Iron Wave+1"],"picked":"SKIP","floor":35.0},{"not_picked":["Spot Weakness","Rupture"],"picked":"Whirlwind","floor":36.0},{"not_picked":["Pummel","Clash","Armaments"],"picked":"SKIP","floor":40.0},{"not_picked":["Metamorphosis","Transmutation"],"picked":"Violence","floor":41.0},{"not_picked":["Cleave","Wild Strike"],"picked":"Spot Weakness","floor":44.0},{"not_picked":["Clash+1","Heavy Blade+1"],"picked":"Shrug It Off","floor":46.0},{"not_picked":["Armaments+1","Entrench","Combust"],"picked":"SKIP","floor":47.0},{"not_picked":["Armaments+1","Entrench","Combust"],"picked":"SKIP","floor":47.0},{"not_picked":["Armaments+1","Entrench","Combust"],"picked":"SKIP","floor":47.0},{"not_picked":["Dropkick+1","Havoc"],"picked":"Sword Boomerang+1","floor":48.0},{"not_picked":["Intimidate+1","Anger+1"],"picked":"Inflame+1","floor":55.0}],"player_experience":1355139,"relics_obtained":[{"floor":6.0,"key":"Blood Vial"},{"floor":8.0,"key":"Centennial Puzzle"},{"floor":9.0,"key":"Self Forming Clay"},{"floor":12.0,"key":"Pantograph"},{"floor":23.0,"key":"Bag of Preparation"},{"floor":27.0,"key":"Paper Frog"},{"floor":30.0,"key":"Juzu Bracelet"},{"floor":37.0,"key":"Nunchaku"},{"floor":40.0,"key":"Bronze Scales"},{"floor":43.0,"key":"Bottled Tornado"},{"floor":44.0,"key":"Molten Egg 2"},{"floor":48.0,"key":"Frozen Egg 2"},{"floor":55.0,"key":"Vajra"}],"event_choices":[{"damage_healed":0.0,"max_hp_gain":5.0,"max_hp_loss":0.0,"gold_gain":0.0,"event_name":"Big Fish","player_choice":"Donut","floor":2.0,"gold_loss":0.0,"damage_taken":0.0},{"cards_removed":["Strike_R"],"damage_healed":0.0,"max_hp_gain":0.0,"max_hp_loss":0.0,"gold_gain":0.0,"event_name":"Purifier","player_choice":"Purged","floor":3.0,"gold_loss":0.0,"damage_taken":0.0},{"damage_healed":0.0,"max_hp_gain":0.0,"max_hp_loss":0.0,"gold_gain":75.0,"event_name":"World of Goop","player_choice":"Gather Gold","floor":5.0,"gold_loss":0.0,"damage_taken":11.0},{"damage_healed":0.0,"max_hp_gain":0.0,"max_hp_loss":0.0,"gold_gain":0.0,"event_name":"Vampires","player_choice":"Became a vampire (Vial)","floor":19.0,"relics_lost":["Blood Vial"],"gold_loss":0.0,"damage_taken":0.0,"cards_obtained":["Bite","Bite","Bite","Bite","Bite"]},{"damage_healed":0.0,"max_hp_gain":0.0,"max_hp_loss":0.0,"gold_gain":0.0,"event_name":"Back to Basics","player_choice":"Simplicity","floor":21.0,"gold_loss":0.0,"damage_taken":0.0,"cards_upgraded":["Defend_R","Defend_R","Defend_R","Defend_R"]},{"damage_healed":0.0,"max_hp_gain":0.0,"max_hp_loss":0.0,"gold_gain":0.0,"event_name":"Drug Dealer","player_choice":"Inject Mutagens","floor":24.0,"gold_loss":0.0,"damage_taken":0.0,"relics_obtained":["MutagenicStrength"]},{"damage_healed":0.0,"max_hp_gain":0.0,"max_hp_loss":0.0,"gold_gain":0.0,"cards_transformed":["Bite"],"event_name":"Transmorgrifier","player_choice":"Transformed","floor":29.0,"gold_loss":0.0,"damage_taken":0.0,"cards_obtained":["PanicButton"]},{"damage_healed":0.0,"max_hp_gain":0.0,"max_hp_loss":0.0,"gold_gain":0.0,"event_name":"Mysterious Sphere","player_choice":"Fight","floor":37.0,"gold_loss":0.0,"damage_taken":0.0},{"cards_removed":["Bite"],"damage_healed":0.0,"max_hp_gain":0.0,"max_hp_loss":0.0,"gold_gain":0.0,"event_name":"Falling","player_choice":"Removed Attack","floor":39.0,"gold_loss":0.0,"damage_taken":0.0},{"damage_healed":0.0,"max_hp_gain":0.0,"max_hp_loss":0.0,"gold_gain":0.0,"event_name":"SensoryStone","player_choice":"Memory 3","floor":41.0,"gold_loss":0.0,"damage_taken":10.0},{"damage_healed":0.0,"max_hp_gain":0.0,"max_hp_loss":0.0,"gold_gain":0.0,"event_name":"Tomb of Lord Red Mask","player_choice":"Ignored","floor":45.0,"gold_loss":0.0,"damage_taken":0.0}],"is_beta":true,"boss_relics":[{"not_picked":["Mark of Pain","Runic Cube"],"picked":"Cursed Key"},{"not_picked":["Velvet Choker","Lizard Tail"],"picked":"Runic Dome"}],"items_purged_floors":[28,54],"is_endless":false,"potions_floor_spawned":[4,8,14,18,23,30,33,35,36,44,46,55],"ascension_level":20}