{"gold_per_floor":[118,118,118,128,61,61,90,90,115,179,211,211,239,52,52,128,128,142,155,173,123,136,166,184,259,286,296,246,246,246,264,264,336,336,351,397,415,426,301,301,321,351,419,444,444,50,84,101,101,101],"floor_reached":51,"playtime":2792,"items_purged":["Strike_G","Cloak And Dagger","Neutralize","Die Die Die+1","Concentrate+1"],"score":1739,"play_id":"346c4504-77aa-4a11-8652-7ca09e4b7b24","local_time":"20190330003011","is_ascension_mode":true,"campfire_choices":[{"data":"Well Laid Plans","floor":6.0,"key":"SMITH"},{"data":"A Thousand Cuts","floor":8.0,"key":"SMITH"},{"floor":15.0,"key":"REST"},{"data":"Grand Finale","floor":32.0,"key":"SMITH"},{"data":"Acrobatics","floor":40,"key":"SMITH"},{"data":"Backflip","floor":45,"key":"SMITH"},{"data":"Tactician","floor":49,"key":"SMITH"}],"neow_cost":"NONE","seed_source_timestamp":42225266624113,"circlet_count":0,"master_deck":["AscendersBane","Acrobatics+1","Quick Slash","A Thousand Cuts+1","Grand Finale+1","Backflip+1","Terror+1","Tactician+1","Reflex"],"special_seed":0,"relics":["Ring of the Snake","NeowsBlessing","Potion Belt","Bag of Preparation","Sundial","Smiling Mask","Singing Bowl","Tiny Chest","Pandora\u0027s Box","The Specimen","Blood Vial","Gambling Chip","Astrolabe","FossilizedHelix","Strawberry","Bottled Lightning","Happy Flower","Medical Kit","Omamori","Prayer Wheel"],"potions_floor_usage":[],"damage_taken":[{"damage":0.0,"enemies":"Cultist","floor":1.0,"turns":1.0},{"damage":0.0,"enemies":"Jaw Worm","floor":4.0,"turns":1.0},{"damage":0.0,"enemies":"Gremlin Nob","floor":7.0,"turns":1.0},{"damage":22.0,"enemies":"3 Sentries","floor":10.0,"turns":6.0},{"damage":8.0,"enemies":"3 Sentries","floor":11.0,"turns":7.0},{"damage":29.0,"enemies":"Gremlin Nob","floor":13.0,"turns":5.0},{"damage":8.0,"enemies":"The Guardian","floor":16.0,"turns":9.0},{"damage":0.0,"enemies":"2 Thieves","floor":18.0,"turns":1.0},{"damage":0.0,"enemies":"3 Byrds","floor":19.0,"turns":1.0},{"damage":0.0,"enemies":"Snake Plant","floor":20.0,"turns":2.0},{"damage":0.0,"enemies":"Sentry and Sphere","floor":22.0,"turns":1.0},{"damage":10.0,"enemies":"Book of Stabbing","floor":23.0,"turns":2.0},{"damage":0.0,"enemies":"Centurion and Healer","floor":24.0,"turns":2.0},{"damage":0.0,"enemies":"Snecko","floor":27.0,"turns":1.0},{"damage":0.0,"enemies":"Chosen and Byrds","floor":31.0,"turns":1.0},{"damage":0.0,"enemies":"Collector","floor":33.0,"turns":2.0},{"damage":4,"enemies":"3 Shapes","floor":35,"turns":1},{"damage":0,"enemies":"2 Orb Walkers","floor":36,"turns":1},{"damage":0,"enemies":"3 Darklings","floor":37,"turns":1},{"damage":0,"enemies":"4 Shapes","floor":38,"turns":1},{"damage":0,"enemies":"Jaw Worm Horde","floor":41,"turns":1},{"damage":0,"enemies":"Giant Head","floor":42,"turns":1},{"damage":0,"enemies":"Reptomancer","floor":44,"turns":1},{"damage":0,"enemies":"Giant Head","floor":47,"turns":1},{"damage":0,"enemies":"3 Darklings","floor":48,"turns":1},{"damage":0,"enemies":"Time Eater","floor":50,"turns":1}],"seed_played":"1309345923998662289","potions_obtained":[{"floor":1.0,"key":"Regen Potion"},{"floor":12.0,"key":"SpeedPotion"},{"floor":12.0,"key":"SneckoOil"},{"floor":12.0,"key":"Ancient Potion"},{"floor":13.0,"key":"GhostInAJar"},{"floor":18.0,"key":"Fruit Juice"},{"floor":19.0,"key":"Regen Potion"},{"floor":23.0,"key":"EntropicBrew"},{"floor":24.0,"key":"Weak Potion"},{"floor":27.0,"key":"GhostInAJar"}],"is_trial":false,"path_per_floor":["M","?","?","M","$","R","E","R","T","?","E","?","E","$","R","B",null,"M","M","M","$","M","E","M","?","T","M","$","$","T","M","R","B",null,"M","?","M","M","$","R","M","E","T","E","R","$","E","M","R","B",null],"character_chosen":"THE_SILENT","items_purchased":["Well Laid Plans","Tiny Chest","Backflip","GhostInAJar","Medical Kit","Omamori"],"campfire_rested":1,"item_purchase_floors":[5,14,14,39,46,46],"current_hp_per_floor":[63,68,61,61,61,61,61,61,61,54,46,46,17,17,39,33,66,71,73,75,75,77,69,71,62,62,66,66,66,66,70,70,74,92,92,96,100,104,104,104,108,117,117,119,119,119,119,121,121,121],"gold":101,"neow_bonus":"THREE_ENEMY_KILL","is_prod":false,"is_daily":false,"chose_seed":false,"campfire_upgraded":6,"win_rate":0,"timestamp":1553873411,"path_taken":["M","?","?","M","$","R","E","R","T","?","E","?","E","$","R","BOSS","M","?","M","$","M","E","M","?","T","M","?","$","?","?","R","BOSS","M","?","M","M","$","R","M","E","T","E","R","?","E","M","R","BOSS"],"build_version":"2019-01-23","purchased_purges":5,"victory":true,"max_hp_per_floor":[70,75,75,75,75,75,75,75,75,75,75,75,75,75,75,77,77,82,84,86,86,88,90,92,92,92,94,94,94,94,96,96,98,98,100,102,104,106,106,106,108,117,117,119,119,119,119,121,121,121],"card_choices":[{"not_picked":["Crippling Poison","Calculated Gamble"],"picked":"Acrobatics","floor":1.0},{"not_picked":["Acrobatics","Setup"],"picked":"Quick Slash","floor":4.0},{"not_picked":["Malaise","Blade Dance"],"picked":"A Thousand Cuts","floor":7.0},{"not_picked":["Footwork","Dash"],"picked":"Cloak And Dagger","floor":10.0},{"not_picked":["Sucker Punch","Slice","PiercingWail"],"picked":"SKIP","floor":11.0},{"not_picked":["PiercingWail","Blade Dance"],"picked":"Grand Finale","floor":13.0},{"not_picked":["Venomology","Corpse Explosion","Burst"],"picked":"Singing Bowl","floor":16.0},{"not_picked":["Acrobatics","Heel Hook"],"picked":"Blur","floor":18.0},{"not_picked":["Deadly Poison","Bane","Underhanded Strike+1"],"picked":"Singing Bowl","floor":19.0},{"not_picked":["Deadly Poison","Slice","Acrobatics+1"],"picked":"Singing Bowl","floor":20.0},{"not_picked":["Flying Knee","Heel Hook","Concentrate"],"picked":"Singing Bowl","floor":22.0},{"not_picked":["Deflect","Footwork","Calculated Gamble"],"picked":"Singing Bowl","floor":23.0},{"not_picked":["Quick Slash","Slice","Crippling Poison"],"picked":"Singing Bowl","floor":24.0},{"not_picked":["Deadly Poison+1","Flying Knee","Slice"],"picked":"Singing Bowl","floor":27.0},{"not_picked":["Malaise","Underhanded Strike","Backstab"],"picked":"Singing Bowl","floor":31.0},{"not_picked":["Storm of Steel","Adrenaline","Wraith Form v2"],"picked":"Singing Bowl","floor":33.0},{"not_picked":["Choke","Endless Agony","Expertise"],"picked":"Singing Bowl","floor":35},{"not_picked":["Dagger Throw+1","Endless Agony+1","Eviscerate"],"picked":"Singing Bowl","floor":36},{"not_picked":["Blade Dance","Infinite Blades","Skewer"],"picked":"Singing Bowl","floor":37},{"not_picked":["Outmaneuver+1","Sucker Punch+1","Deadly Poison"],"picked":"Singing Bowl","floor":38},{"not_picked":["Bane","Quick Slash","Underhanded Strike+1"],"picked":"Singing Bowl","floor":41},{"not_picked":["Dodge and Roll+1","Dagger Spray","Footwork+1"],"picked":"Singing Bowl","floor":42},{"not_picked":["Night Terror","Eviscerate","Choke"],"picked":"Singing Bowl","floor":44},{"not_picked":["Deadly Poison","Bane+1"],"picked":"Tactician","floor":47},{"not_picked":["Backflip","PiercingWail","Dodge and Roll"],"picked":"Singing Bowl","floor":48},{"not_picked":["PiercingWail+1","Dagger Throw+1"],"picked":"Reflex","floor":48}],"player_experience":624608,"relics_obtained":[{"floor":7.0,"key":"Potion Belt"},{"floor":9.0,"key":"Bag of Preparation"},{"floor":10.0,"key":"Sundial"},{"floor":11.0,"key":"Smiling Mask"},{"floor":13.0,"key":"Singing Bowl"},{"floor":23.0,"key":"The Specimen"},{"floor":26.0,"key":"Blood Vial"},{"floor":30.0,"key":"Gambling Chip"},{"floor":36,"key":"FossilizedHelix"},{"floor":42,"key":"Strawberry"},{"floor":43,"key":"Bottled Lightning"},{"floor":44,"key":"Happy Flower"},{"floor":47,"key":"Prayer Wheel"}],"event_choices":[{"damage_healed":0.0,"max_hp_gain":5.0,"max_hp_loss":0.0,"gold_gain":0.0,"event_name":"Big Fish","player_choice":"Donut","floor":2.0,"gold_loss":0.0,"damage_taken":0.0},{"cards_removed":["Strike_G"],"damage_healed":0.0,"max_hp_gain":0.0,"max_hp_loss":0.0,"gold_gain":0.0,"event_name":"Golden Wing","player_choice":"Card Removal","floor":3.0,"gold_loss":0.0,"damage_taken":7.0},{"damage_healed":0.0,"max_hp_gain":0.0,"max_hp_loss":0.0,"gold_gain":30.0,"event_name":"Dead Adventurer","player_choice":"Searched \u00272\u0027 times","floor":10.0,"gold_loss":0.0,"damage_taken":0.0},{"damage_healed":0.0,"max_hp_gain":0.0,"max_hp_loss":0.0,"gold_gain":0.0,"event_name":"Lab","player_choice":"Got Potions","floor":12.0,"gold_loss":0.0,"damage_taken":0.0},{"damage_healed":0.0,"max_hp_gain":0.0,"max_hp_loss":0.0,"gold_gain":75.0,"event_name":"FaceTrader","player_choice":"Touch","floor":25.0,"gold_loss":0.0,"damage_taken":9.0},{"damage_healed":0,"gold_gain":0,"player_choice":"Fight","damage_taken":0,"max_hp_gain":0,"max_hp_loss":0,"event_name":"Mysterious Sphere","floor":36,"gold_loss":0}],"is_beta":false,"boss_relics":[{"not_picked":["Ring of the Serpent","Tiny House"],"picked":"Pandora\u0027s Box"},{"not_picked":["Orrery","Sozu"],"picked":"Astrolabe"}],"items_purged_floors":[14,21,28,39,46],"is_endless":false,"potions_floor_spawned":[1,13,18,19,23,24,27,35,37,41,47],"ascension_level":13}