{"gold_per_floor":[114,73,73,88,103,133,133,163,163,223,223,253,268,283,283,383,383,398,413,428,72,87,117,117,147,147,177,177,192,207,237,237,337,337,352,120,120,135,150,180,195,225,250,250,280,280,310,325,325,325],"floor_reached":51,"playtime":10018,"items_purged":[],"score":1377,"play_id":"b817e844-0fe9-487e-b474-8b37e4f3ff3b","local_time":"20180719195749","daily_mods":["Shiny","Elite Swarm","Terminal"],"is_ascension_mode":false,"campfire_choices":[{"data":"Buffer","floor":7,"key":"SMITH"},{"data":"Seek","floor":11,"key":"SMITH"},{"data":"Amplify","floor":15,"key":"SMITH"},{"data":"Amplify","floor":24,"key":"SMITH"},{"data":"Enlightenment","floor":28,"key":"SMITH"},{"data":"Defragment","floor":32,"key":"SMITH"},{"data":"Seek","floor":44,"key":"SMITH"},{"data":"Enlightenment","floor":46,"key":"SMITH"},{"data":"Seek","floor":49,"key":"SMITH"}],"neow_cost":"","seed_source_timestamp":0,"circlet_count":0,"master_deck":["Multi-Cast","Hyperbeam","Thunder Strike+1","Biased Cognition","Machine Learning","Electrodynamics","Buffer+1","Rainbow","Seek","Meteor Strike","Echo Form","All For One","Reboot","Amplify","Creative AI","Fission","Core Surge","Auto Shields","Storm+1","Conserve Battery","Seek+1","Amplify+1","Meteor Strike","Creative AI","Hologram","Force Field","Echo Form","BootSequence+1","Enlightenment+1","Electrodynamics","Redo","Hello World+1","Amplify+1","Biased Cognition","Clumsy","Meteor Strike","Defragment+1","Seek","Meteor Strike","Enlightenment+1","Defragment","Madness","Madness","Seek+1","Turbo","Seek+1","Creative AI","Buffer"],"special_seed":17731,"relics":["Cracked Core","Boot","Ice Cream","Bottled Lightning","Tiny Chest","Bottled Tornado","Cursed Key","Ancient Tea Set","Incense Burner","Dead Branch","Ginger","Symbiotic Virus","Black Star","Emotion Chip","Turnip","Omamori","Orichalcum","Blood Vial","Juzu Bracelet","Strawberry","Toxic Egg 2","Smiling Mask"],"potions_floor_usage":[10,12,16,16,25,38],"damage_taken":[{"damage":0,"enemies":"2 Louse","floor":1,"turns":2},{"damage":6,"enemies":"Jaw Worm","floor":4,"turns":2},{"damage":0,"enemies":"Cultist","floor":5,"turns":2},{"damage":0,"enemies":"3 Sentries","floor":6,"turns":3},{"damage":0,"enemies":"Gremlin Nob","floor":8,"turns":4},{"damage":8,"enemies":"Lagavulin","floor":10,"turns":3},{"damage":0,"enemies":"3 Sentries","floor":12,"turns":4},{"damage":0,"enemies":"2 Fungi Beasts","floor":13,"turns":1},{"damage":0,"enemies":"Large Slime","floor":14,"turns":3},{"damage":0,"enemies":"The Guardian","floor":16,"turns":7},{"damage":0,"enemies":"2 Thieves","floor":18,"turns":2},{"damage":0,"enemies":"Shell Parasite","floor":19,"turns":3},{"damage":0,"enemies":"Snecko","floor":20,"turns":3},{"damage":0,"enemies":"Centurion and Healer","floor":22,"turns":3},{"damage":0,"enemies":"Slavers","floor":23,"turns":2},{"damage":0,"enemies":"Gremlin Leader","floor":25,"turns":3},{"damage":0,"enemies":"Slavers","floor":27,"turns":3},{"damage":0,"enemies":"Sentry and Sphere","floor":29,"turns":1},{"damage":0,"enemies":"Snecko","floor":30,"turns":3},{"damage":0,"enemies":"Gremlin Leader","floor":31,"turns":4},{"damage":0,"enemies":"Collector","floor":33,"turns":4},{"damage":0,"enemies":"Flame Bruiser 1 Orb","floor":35,"turns":3},{"damage":0,"enemies":"3 Shapes","floor":38,"turns":2},{"damage":0,"enemies":"3 Darklings","floor":39,"turns":4},{"damage":0,"enemies":"Nemesis","floor":40,"turns":4},{"damage":0,"enemies":"Maw","floor":41,"turns":4},{"damage":0,"enemies":"Giant Head","floor":42,"turns":5},{"damage":0,"enemies":"2 Orb Walkers","floor":45,"turns":2},{"damage":0,"enemies":"Giant Head","floor":47,"turns":3},{"damage":0,"enemies":"4 Shapes","floor":48,"turns":2},{"damage":0,"enemies":"Time Eater","floor":50,"turns":4}],"seed_played":"-3692985004623791933","potions_obtained":[{"floor":1,"key":"Regen Potion"},{"floor":6,"key":"Weak Potion"},{"floor":10,"key":"EssenceOfSteel"},{"floor":12,"key":"LiquidBronze"},{"floor":13,"key":"FocusPotion"},{"floor":20,"key":"Dexterity Potion"},{"floor":23,"key":"Block Potion"},{"floor":29,"key":"FocusPotion"},{"floor":40,"key":"Poison Potion"},{"floor":48,"key":"FearPotion"}],"is_trial":false,"path_per_floor":["M","$","?","M","M","E","R","E","T","E","R","E","M","M","R","B",null,"M","M","M","$","M","E","R","E","T","E","R","M","M","E","R","B",null,"M","$","?","M","M","E","M","E","T","R","E","R","E","M","R","B"],"character_chosen":"DEFECT","items_purchased":["Storm","Enlightenment","Electrodynamics","Redo","Enlightenment","Defragment"],"campfire_rested":0,"item_purchase_floors":[2,21,21,21,36,36],"current_hp_per_floor":[73,72,58,52,52,52,52,52,52,44,44,44,44,44,44,44,57,56,55,54,53,52,51,50,49,48,47,46,45,44,43,42,41,40,39,38,33,36,35,34,33,32,31,30,36,35,34,33,32,31],"gold":325,"neow_bonus":"","is_prod":false,"is_daily":true,"chose_seed":false,"campfire_upgraded":9,"win_rate":0,"timestamp":1532026669,"path_taken":["M","$","?","M","M","E","R","E","T","E","R","E","M","M","R","BOSS","M","?","M","$","M","E","R","E","T","E","R","M","M","E","R","BOSS","M","$","?","M","M","E","M","E","T","R","E","R","E","M","R","BOSS"],"build_version":"2018-07-12","purchased_purges":0,"victory":true,"max_hp_per_floor":[73,72,71,70,69,68,67,66,65,64,63,62,61,60,59,58,57,56,55,54,53,52,51,50,49,48,47,46,45,44,43,42,41,40,39,38,37,36,35,34,33,32,31,30,36,35,34,33,32,31],"card_choices":[{"not_picked":["Glacier","Streamline"],"picked":"Auto Shields","floor":1},{"not_picked":["Cold Snap","Coolheaded","Doom and Gloom"],"picked":"SKIP","floor":4},{"not_picked":["Coolheaded","Rebound"],"picked":"Conserve Battery","floor":5},{"not_picked":["All For One","Meteor Strike"],"picked":"Seek","floor":6},{"not_picked":["Multi-Cast","Meteor Strike"],"picked":"Amplify","floor":8},{"not_picked":["Fission","Core Surge"],"picked":"Meteor Strike","floor":10},{"not_picked":["Hyperbeam","Amplify"],"picked":"Creative AI","floor":12},{"not_picked":["Ball Lightning","Stack"],"picked":"Hologram","floor":13},{"not_picked":["Redo","Conserve Battery"],"picked":"Force Field","floor":14},{"not_picked":["Rainbow","Multi-Cast"],"picked":"Echo Form","floor":16},{"not_picked":["Leap","Sweeping Beam"],"picked":"BootSequence+1","floor":18},{"not_picked":["Glacier","Recycle","Gash"],"picked":"SKIP","floor":19},{"not_picked":["Conserve Battery","Compile Driver","Stack"],"picked":"SKIP","floor":20},{"not_picked":["Steam Power","Cold Snap+1"],"picked":"Hello World+1","floor":22},{"not_picked":["Echo Form","All For One"],"picked":"Amplify","floor":23},{"not_picked":["Fission","Seek"],"picked":"Biased Cognition","floor":25},{"not_picked":["Creative AI","Rainbow"],"picked":"Meteor Strike","floor":27},{"not_picked":["Cold Snap+1","Genetic Algorithm"],"picked":"Defragment","floor":29},{"not_picked":["Cold Snap","Chill","Gash+1"],"picked":"SKIP","floor":30},{"not_picked":["Echo Form","Hyperbeam"],"picked":"Seek","floor":31},{"not_picked":["Reboot","Seek"],"picked":"Meteor Strike","floor":33},{"not_picked":["Conserve Battery","Streamline","Melter+1"],"picked":"SKIP","floor":35},{"not_picked":["Auto Shields+1","Gash","Cold Snap+1"],"picked":"SKIP","floor":38},{"not_picked":["Ball Lightning","Go for the Eyes+1","Steam"],"picked":"SKIP","floor":39},{"not_picked":["Meteor Strike","All For One"],"picked":"Seek","floor":40},{"not_picked":["Scrape+1","Hologram"],"picked":"Turbo","floor":41},{"not_picked":["Reboot","Machine Learning"],"picked":"Seek","floor":42},{"not_picked":["Meteor Strike","Electrodynamics"],"picked":"Creative AI","floor":45},{"not_picked":["Hyperbeam","Core Surge"],"picked":"Buffer","floor":47},{"not_picked":["Streamline","Rebound+1","Sweeping Beam"],"picked":"SKIP","floor":48}],"player_experience":103692,"relics_obtained":[{"floor":6,"key":"Boot"},{"floor":8,"key":"Ice Cream"},{"floor":9,"key":"Bottled Lightning"},{"floor":10,"key":"Tiny Chest"},{"floor":12,"key":"Bottled Tornado"},{"floor":23,"key":"Ancient Tea Set"},{"floor":25,"key":"Incense Burner"},{"floor":26,"key":"Dead Branch"},{"floor":27,"key":"Ginger"},{"floor":31,"key":"Symbiotic Virus"},{"floor":40,"key":"Emotion Chip"},{"floor":40,"key":"Turnip"},{"floor":42,"key":"Omamori"},{"floor":42,"key":"Orichalcum"},{"floor":43,"key":"Blood Vial"},{"floor":45,"key":"Juzu Bracelet"},{"floor":45,"key":"Strawberry"},{"floor":47,"key":"Toxic Egg 2"},{"floor":47,"key":"Smiling Mask"}],"event_choices":[{"event_name":"Shining Light","player_choice":"Entered Light","floor":3,"damage_taken":0},{"event_name":"Winding Halls","player_choice":"Embrace Madness","floor":37,"damage_taken":0}],"boss_relics":[{"not_picked":["Philosopher\u0027s Stone","Snecko Eye"],"picked":"Cursed Key"},{"not_picked":["Fusion Hammer","Nuclear Battery"],"picked":"Black Star"}],"items_purged_floors":[],"is_endless":false,"potions_floor_spawned":[1,6,10,12,13,20,23,29,30,31,33,40,41,45,47,48],"ascension_level":0}