{"gold_per_floor":[16,91,91,101,116,116,149,149,172,97,130,130,146,160,160,233,233,250,250,265,275,288,313,313,340,340,350,265,265,365,390,390,462,462,479,479,497,545,561,561,661,692,692,692,727,727,756,661,661,661,661,661,661,29,54,54],"floor_reached":57,"playtime":5053,"items_purged":[],"score":2787,"play_id":"2fd21ec2-d870-4b70-9599-635f01690708","local_time":"20190326010557","is_ascension_mode":true,"campfire_choices":[{"data":"Zap","floor":6.0,"key":"SMITH"},{"floor":8.0,"key":"REST"},{"data":"Hologram","floor":15.0,"key":"SMITH"},{"data":"Go for the Eyes","floor":24.0,"key":"SMITH"},{"floor":29.0,"key":"REST"},{"data":"Hologram","floor":32.0,"key":"SMITH"},{"data":"Buffer","floor":40.0,"key":"SMITH"},{"data":"Capacitor","floor":44.0,"key":"SMITH"},{"floor":46.0,"key":"REST"},{"floor":49.0,"key":"RECALL"},{"floor":53.0,"key":"REST"}],"neow_cost":"NO_GOLD","seed_source_timestamp":1104915244075828,"circlet_count":0,"master_deck":["AscendersBane","Zap+1","Dualcast","Hologram+1","Conserve Battery","Cold Snap","Go for the Eyes+1","BootSequence","Compile Driver","Electrodynamics","Hologram+1","Genetic Algorithm","Steam","Turbo","Doom and Gloom","Leap","Compile Driver","Conserve Battery+1","Barrage+1","Cold Snap","Ball Lightning","Hologram","Buffer+1","Self Repair","Capacitor+1","Cold Snap+1","Creative AI","PanicButton","Defragment","Coolheaded+1"],"special_seed":0,"relics":["Cracked Core","Art of War","Regal Pillow","Ornamental Fan","Pandora\u0027s Box","Dream Catcher","Omamori","Darkstone Periapt","Dodecahedron","WingedGreaves","Blood Vial","Velvet Choker","Bronze Scales","Du-Vu Doll","Pantograph","Mercury Hourglass","Blue Candle","Oddly Smooth Stone","OrangePellets","Kunai","Mummified Hand"],"potions_floor_usage":[56],"damage_taken":[{"damage":2.0,"enemies":"Jaw Worm","floor":1.0,"turns":3.0},{"damage":12.0,"enemies":"Small Slimes","floor":4.0,"turns":4.0},{"damage":1.0,"enemies":"Cultist","floor":5.0,"turns":4.0},{"damage":20.0,"enemies":"Lagavulin","floor":7.0,"turns":7.0},{"damage":24.0,"enemies":"Gremlin Nob","floor":11.0,"turns":4.0},{"damage":0.0,"enemies":"Looter","floor":13.0,"turns":3.0},{"damage":5.0,"enemies":"3 Louse","floor":14.0,"turns":4.0},{"damage":5.0,"enemies":"The Guardian","floor":16.0,"turns":14.0},{"damage":11.0,"enemies":"3 Byrds","floor":18.0,"turns":3.0},{"damage":4.0,"enemies":"Shell Parasite","floor":20.0,"turns":6.0},{"damage":9.0,"enemies":"Centurion and Healer","floor":21.0,"turns":6.0},{"damage":1.0,"enemies":"Snecko","floor":22.0,"turns":7.0},{"damage":12.0,"enemies":"Gremlin Leader","floor":23.0,"turns":7.0},{"damage":27.0,"enemies":"Book of Stabbing","floor":25.0,"turns":6.0},{"damage":7.0,"enemies":"Chosen and Byrds","floor":27.0,"turns":5.0},{"damage":0.0,"enemies":"Colosseum Slavers","floor":30.0,"turns":3.0},{"damage":0.0,"enemies":"Colosseum Nobs","floor":30.0,"turns":3.0},{"damage":17.0,"enemies":"Slavers","floor":31.0,"turns":6.0},{"damage":38.0,"enemies":"Champ","floor":33.0,"turns":21.0},{"damage":25.0,"enemies":"3 Darklings","floor":35.0,"turns":7.0},{"damage":0.0,"enemies":"3 Shapes","floor":37.0,"turns":5.0},{"damage":0.0,"enemies":"Jaw Worm Horde","floor":39.0,"turns":3.0},{"damage":0.0,"enemies":"Mind Bloom Boss Battle","floor":41.0,"turns":7.0},{"damage":49.0,"enemies":"Reptomancer","floor":42.0,"turns":9.0},{"damage":21.0,"enemies":"Giant Head","floor":45.0,"turns":8.0},{"damage":6.0,"enemies":"Nemesis","floor":47.0,"turns":7.0},{"damage":16.0,"enemies":"Time Eater","floor":50.0,"turns":27.0},{"damage":62.0,"enemies":"Donu and Deca","floor":51.0,"turns":8.0},{"damage":48.0,"enemies":"Shield and Spear","floor":55.0,"turns":6.0},{"damage":66,"enemies":"The Heart","floor":56,"turns":10}],"seed_played":"3797508830657988541","potions_obtained":[{"floor":1.0,"key":"Ancient Potion"},{"floor":5.0,"key":"PowerPotion"},{"floor":7.0,"key":"Energy Potion"},{"floor":16.0,"key":"SpeedPotion"},{"floor":21.0,"key":"SteroidPotion"},{"floor":22.0,"key":"GamblersBrew"},{"floor":27.0,"key":"PowerPotion"},{"floor":33.0,"key":"FocusPotion"},{"floor":37.0,"key":"FearPotion"},{"floor":45.0,"key":"AttackPotion"},{"floor":47.0,"key":"SkillPotion"}],"is_trial":false,"path_per_floor":["M","?","?","M","M","R","E","R","T","?","E","T","M","M","R","B",null,"M","?","M","M","M","E","R","E","T","M","?","R","?","E","R","B",null,"M","?","M","T","M","R","?","E","T","R","E","R","E","$","R","B","B",null,"R","$","E","B",null],"character_chosen":"DEFECT","items_purchased":["PanicButton","Defragment","OrangePellets","Kunai","Block Potion"],"campfire_rested":4,"item_purchase_floors":[48,54,54,54,54],"current_hp_per_floor":[76,65,58,46,45,45,25,50,50,50,26,26,26,21,21,16,68,57,95,91,82,81,69,69,42,42,35,35,78,78,61,61,25,78,55,74,83,83,92,92,95,53,53,53,41,84,87,87,87,93,40,81,95,95,54,15],"gold":54,"neow_bonus":"TWENTY_PERCENT_HP_BONUS","is_prod":false,"is_daily":false,"chose_seed":false,"campfire_upgraded":6,"win_rate":0,"timestamp":1553576757,"path_taken":["M","?","?","M","?","R","E","R","T","?","E","?","M","M","R","BOSS","M","?","M","?","M","E","R","E","T","M","?","R","?","E","R","BOSS","M","?","M","?","M","R","?","E","T","R","E","R","E","$","R","BOSS","BOSS","R","$","E","BOSS"],"build_version":"2019-03-15","purchased_purges":0,"victory":true,"max_hp_per_floor":[85,85,85,85,85,85,85,85,85,85,85,85,85,85,85,85,85,85,95,95,95,95,95,95,95,95,95,95,95,95,95,95,95,95,95,95,95,95,95,95,95,95,95,95,95,95,95,95,95,95,95,95,95,95,95,95],"card_choices":[{"not_picked":["Barrage","Undo"],"picked":"Hologram","floor":1.0},{"not_picked":["Gash","Steam"],"picked":"Conserve Battery","floor":4.0},{"not_picked":["Coolheaded","Leap"],"picked":"Cold Snap","floor":5.0},{"not_picked":["Chaos","Rebound"],"picked":"Go for the Eyes","floor":7.0},{"not_picked":["Go for the Eyes","Beam Cell"],"picked":"BootSequence","floor":11.0},{"not_picked":["Leap","Recycle"],"picked":"Machine Learning","floor":13.0},{"not_picked":["Rip and Tear","Go for the Eyes"],"picked":"Compile Driver","floor":14.0},{"not_picked":["Creative AI","Biased Cognition"],"picked":"Electrodynamics","floor":16.0},{"not_picked":["Redo","Rip and Tear"],"picked":"Compile Driver","floor":18.0},{"not_picked":["Go for the Eyes+1","Leap"],"picked":"Conserve Battery+1","floor":20.0},{"not_picked":["Amplify","Rebound","Rip and Tear"],"picked":"SKIP","floor":21.0},{"not_picked":["Reinforced Body","Steam+1"],"picked":"Barrage+1","floor":22.0},{"not_picked":["Streamline","Tempest"],"picked":"Cold Snap","floor":23.0},{"not_picked":["Beam Cell","Machine Learning"],"picked":"Ball Lightning","floor":25.0},{"not_picked":["Recycle","Cold Snap"],"picked":"Hologram","floor":27.0},{"not_picked":["Turbo+1","Sunder+1","Storm"],"picked":"SKIP","floor":31.0},{"not_picked":["Electrodynamics","Multi-Cast"],"picked":"Buffer","floor":33.0},{"not_picked":["Tempest+1","Rebound"],"picked":"Self Repair","floor":35.0},{"not_picked":["Tempest","Gash","Recycle"],"picked":"SKIP","floor":37.0},{"not_picked":["Storm","Ball Lightning","Hello World"],"picked":"SKIP","floor":39.0},{"not_picked":["Storm","Ball Lightning","Hello World"],"picked":"SKIP","floor":39.0},{"not_picked":["Steam","Coolheaded"],"picked":"Capacitor","floor":42.0},{"not_picked":["Skim","Redo+1"],"picked":"Cold Snap+1","floor":45.0},{"not_picked":["Steam","Beam Cell"],"picked":"Creative AI","floor":47.0},{"not_picked":["Fission","Force Field+1"],"picked":"Coolheaded+1","floor":55.0}],"player_experience":1278954,"relics_obtained":[{"floor":7.0,"key":"Art of War"},{"floor":9.0,"key":"Regal Pillow"},{"floor":11.0,"key":"Ornamental Fan"},{"floor":23.0,"key":"Dream Catcher"},{"floor":25.0,"key":"Omamori"},{"floor":26.0,"key":"Darkstone Periapt"},{"floor":30.0,"key":"WingedGreaves"},{"floor":31.0,"key":"Blood Vial"},{"floor":38.0,"key":"Bronze Scales"},{"floor":41.0,"key":"Du-Vu Doll"},{"floor":42.0,"key":"Pantograph"},{"floor":43.0,"key":"Mercury Hourglass"},{"floor":45.0,"key":"Blue Candle"},{"floor":47.0,"key":"Oddly Smooth Stone"},{"floor":55.0,"key":"Mummified Hand"}],"event_choices":[{"damage_healed":0.0,"max_hp_gain":0.0,"max_hp_loss":0.0,"gold_gain":75.0,"event_name":"World of Goop","player_choice":"Gather Gold","floor":2.0,"gold_loss":0.0,"damage_taken":11.0},{"cards_removed":["Strike_B"],"damage_healed":0.0,"max_hp_gain":0.0,"max_hp_loss":0.0,"gold_gain":0.0,"event_name":"Golden Wing","player_choice":"Card Removal","floor":3.0,"gold_loss":0.0,"damage_taken":7.0},{"cards_removed":["Defend_B"],"damage_healed":0.0,"max_hp_gain":0.0,"max_hp_loss":0.0,"gold_gain":0.0,"event_name":"The Cleric","player_choice":"Card Removal","floor":10.0,"gold_loss":75.0,"damage_taken":0.0},{"cards_removed":["Machine Learning"],"damage_healed":28.0,"max_hp_gain":10.0,"max_hp_loss":0.0,"gold_gain":0.0,"event_name":"Bonfire Elementals","player_choice":"Offered Rare","floor":19.0,"gold_loss":0.0,"damage_taken":0.0},{"damage_healed":0.0,"max_hp_gain":0.0,"max_hp_loss":0.0,"gold_gain":0.0,"event_name":"Addict","player_choice":"Obtained Relic","floor":28.0,"gold_loss":85.0,"damage_taken":0.0,"relics_obtained":["Dodecahedron"]},{"damage_healed":0.0,"max_hp_gain":0.0,"max_hp_loss":0.0,"gold_gain":0.0,"event_name":"Colosseum","player_choice":"Fight","floor":30.0,"gold_loss":0.0,"damage_taken":0.0},{"damage_healed":0.0,"max_hp_gain":0.0,"max_hp_loss":0.0,"gold_gain":0.0,"event_name":"Colosseum","player_choice":"Fought Nobs","floor":30.0,"gold_loss":0.0,"damage_taken":0.0},{"damage_healed":19.0,"max_hp_gain":0.0,"max_hp_loss":0.0,"gold_gain":0.0,"event_name":"Winding Halls","player_choice":"Writhe","floor":36.0,"gold_loss":0.0,"damage_taken":0.0,"cards_obtained":["Writhe"]},{"damage_healed":0.0,"max_hp_gain":0.0,"max_hp_loss":0.0,"gold_gain":0.0,"event_name":"MindBloom","player_choice":"Fight","floor":41.0,"gold_loss":0.0,"damage_taken":0.0}],"is_beta":true,"boss_relics":[{"not_picked":["Astrolabe","Calling Bell"],"picked":"Pandora\u0027s Box"},{"not_picked":["Tiny House","Black Star"],"picked":"Velvet Choker"}],"items_purged_floors":[],"is_endless":false,"potions_floor_spawned":[1,5,7,16,21,22,23,27,30,33,37,41,45,47],"ascension_level":20}