{"gold_per_floor":[112,112,112,125,135,135,167,167,167,167,178,178,211,221,221,300,300,317,317,337,102,119,119,152,152,178,195,205,205,230,230,230,230],"floor_reached":33,"playtime":2190,"items_purged":[],"score":650,"play_id":"49ad2796-26df-4277-89fe-ef960f7f3942","local_time":"20190306084541","is_ascension_mode":true,"campfire_choices":[{"floor":6.0,"key":"REST"},{"data":"Deadly Poison","floor":8.0,"key":"SMITH"},{"data":"Slice","floor":10.0,"key":"SMITH"},{"floor":12.0,"key":"REST"},{"data":"Deflect","floor":15.0,"key":"SMITH"},{"floor":23.0,"key":"REST"},{"data":"Deflect","floor":25.0,"key":"SMITH"},{"floor":29.0,"key":"REST"},{"floor":32.0,"key":"REST"}],"neow_cost":"TEN_PERCENT_HP_LOSS","seed_source_timestamp":344775862154039,"circlet_count":0,"master_deck":["AscendersBane","Defend_G+1","Defend_G+1","Defend_G+1","Defend_G+1","Defend_G+1","Strike_G+1","Strike_G+1","Strike_G+1","Survivor","Neutralize+1","Slice+1","Corpse Explosion","Deflect+1","Deadly Poison+1","Poisoned Stab+1","Deadly Poison","Deflect+1","Infinite Blades+1","Adrenaline","Escape Plan","Blur","Caltrops","Blind","Endless Agony","Cloak And Dagger+1"],"special_seed":0,"relics":["Ring of the Snake","Matryoshka","Mummified Hand","Whetstone","Calipers","WristBlade","Sundial","PreservedInsect","Red Mask"],"potions_floor_usage":[33],"damage_taken":[{"damage":0.0,"enemies":"2 Louse","floor":1.0,"turns":5.0},{"damage":2.0,"enemies":"Jaw Worm","floor":4.0,"turns":5.0},{"damage":0.0,"enemies":"Cultist","floor":5.0,"turns":4.0},{"damage":25.0,"enemies":"3 Sentries","floor":7.0,"turns":5.0},{"damage":4.0,"enemies":"Exordium Wildlife","floor":11.0,"turns":3.0},{"damage":8.0,"enemies":"Lagavulin","floor":13.0,"turns":5.0},{"damage":0.0,"enemies":"3 Louse","floor":14.0,"turns":3.0},{"damage":26.0,"enemies":"Slime Boss","floor":16.0,"turns":11.0},{"damage":9.0,"enemies":"Shell Parasite","floor":18.0,"turns":5.0},{"damage":8.0,"enemies":"2 Thieves","floor":20.0,"turns":2.0},{"damage":25.0,"enemies":"Snecko","floor":22.0,"turns":6.0},{"damage":0.0,"enemies":"Gremlin Leader","floor":24.0,"turns":6.0},{"damage":5.0,"enemies":"Cultist and Chosen","floor":27.0,"turns":4.0},{"damage":5.0,"enemies":"Centurion and Healer","floor":28.0,"turns":3.0},{"damage":8.0,"enemies":"Masked Bandits","floor":30.0,"turns":4.0},{"damage":60,"enemies":"Collector","floor":33,"turns":8}],"seed_played":"7757282297760472795","potions_obtained":[{"floor":1.0,"key":"FearPotion"},{"floor":5.0,"key":"Weak Potion"},{"floor":13.0,"key":"Dexterity Potion"},{"floor":16.0,"key":"SteroidPotion"},{"floor":24.0,"key":"LiquidBronze"},{"floor":30.0,"key":"Ancient Potion"}],"is_trial":false,"path_per_floor":["M","?","?","M","M","R","E","R","T","R","M","R","E","M","R","B",null,"M","?","M","$","M","R","E","R","T","M","M","R","?","?","R","B"],"character_chosen":"THE_SILENT","items_purchased":["Caltrops","Blind","SpeedPotion"],"campfire_rested":5,"item_purchase_floors":[21,21,21],"current_hp_per_floor":[59,41,41,39,39,57,32,32,32,32,28,46,38,38,38,12,48,39,39,31,31,6,24,24,24,24,19,14,32,24,24,42,0],"gold":230,"neow_bonus":"REMOVE_TWO","is_prod":false,"is_daily":false,"chose_seed":false,"campfire_upgraded":4,"win_rate":0,"timestamp":1551883541,"path_taken":["M","?","?","M","M","R","E","R","T","R","M","R","E","M","R","BOSS","M","?","M","$","M","R","E","R","T","M","M","R","?","?","R","BOSS"],"build_version":"2019-01-23","purchased_purges":0,"victory":false,"max_hp_per_floor":[60,60,60,60,60,60,60,60,60,60,60,60,60,60,60,60,60,60,60,60,60,60,60,60,60,60,60,60,60,60,60,60,60],"card_choices":[{"not_picked":["Finisher","Acrobatics"],"picked":"Slice","floor":1.0},{"not_picked":["Finisher","Outmaneuver"],"picked":"Deflect","floor":4.0},{"not_picked":["Endless Agony","PiercingWail"],"picked":"Deadly Poison","floor":5.0},{"not_picked":["Backflip","Sucker Punch"],"picked":"Poisoned Stab","floor":7.0},{"not_picked":["Reflex","Blade Dance"],"picked":"Deadly Poison","floor":11.0},{"not_picked":["Choke","Dagger Throw"],"picked":"Deflect","floor":13.0},{"not_picked":["Sucker Punch","Infinite Blades","Slice"],"picked":"SKIP","floor":14.0},{"not_picked":["Sucker Punch","Slice"],"picked":"Infinite Blades","floor":14.0},{"not_picked":["Grand Finale","Phantasmal Killer"],"picked":"Adrenaline","floor":16.0},{"not_picked":["Skewer","Deadly Poison"],"picked":"Escape Plan","floor":18.0},{"not_picked":["Masterful Stab","Dagger Throw"],"picked":"Blur","floor":20.0},{"not_picked":["Underhanded Strike","Deflect","Sucker Punch"],"picked":"SKIP","floor":22.0},{"not_picked":["Flying Knee","Predator"],"picked":"Endless Agony","floor":24.0},{"not_picked":["Bane","Accuracy","Underhanded Strike"],"picked":"SKIP","floor":27.0},{"not_picked":["Flechettes","Sucker Punch","Poisoned Stab"],"picked":"SKIP","floor":28.0},{"not_picked":["Adrenaline","Flying Knee+1"],"picked":"Cloak And Dagger+1","floor":30.0}],"player_experience":680578,"relics_obtained":[{"floor":7.0,"key":"Matryoshka"},{"floor":9.0,"key":"Mummified Hand"},{"floor":9.0,"key":"Whetstone"},{"floor":13.0,"key":"Calipers"},{"floor":24.0,"key":"Sundial"},{"floor":26.0,"key":"PreservedInsect"},{"floor":30.0,"key":"Red Mask"}],"event_choices":[{"damage_healed":0.0,"max_hp_gain":0.0,"max_hp_loss":0.0,"gold_gain":0.0,"event_name":"Shining Light","player_choice":"Entered Light","floor":2.0,"gold_loss":0.0,"damage_taken":18.0,"cards_upgraded":["Strike_G","Neutralize"]},{"damage_healed":0.0,"max_hp_gain":0.0,"max_hp_loss":0.0,"gold_gain":0.0,"event_name":"Match and Keep!","player_choice":"1 cards matched","floor":3.0,"gold_loss":0.0,"damage_taken":0.0,"cards_obtained":["Corpse Explosion"]},{"damage_healed":0.0,"max_hp_gain":0.0,"max_hp_loss":0.0,"gold_gain":0.0,"event_name":"Back to Basics","player_choice":"Simplicity","floor":19.0,"gold_loss":0.0,"damage_taken":0.0,"cards_upgraded":["Defend_G","Defend_G","Defend_G","Defend_G","Defend_G","Strike_G"]},{"damage_healed":0.0,"max_hp_gain":0.0,"max_hp_loss":0.0,"gold_gain":0.0,"event_name":"Masked Bandits","player_choice":"Fought Bandits","floor":30.0,"gold_loss":0.0,"damage_taken":0.0},{"damage_healed":0.0,"max_hp_gain":0.0,"max_hp_loss":0.0,"gold_gain":0.0,"event_name":"Accursed Blacksmith","player_choice":"Forge","floor":31.0,"gold_loss":0.0,"damage_taken":0.0,"cards_upgraded":["Infinite Blades"]}],"is_beta":false,"boss_relics":[{"not_picked":["Philosopher\u0027s Stone","Empty Cage"],"picked":"WristBlade"}],"items_purged_floors":[],"is_endless":false,"potions_floor_spawned":[1,5,13,16,22,24,30],"killed_by":"Collector","ascension_level":20}