{"gold_per_floor":[219,219,234,257,282,320,345,366,366,541,150,150,97,113,113,238,238,258,172,172,185,210,210,210,309,391,391,516,235,235,259,259,384,384,397,1396,1396,1099,1113,1446,1446,1464,1464,1464,1517,983,997,1012,1012,1012,1012,1012,759,791,791],"floor_reached":55,"playtime":4678,"items_purged":["Doubt","Normality"],"score":717,"play_id":"32938355-a81a-4829-8c4f-1b8a92ce8dec","local_time":"20190316045718","is_ascension_mode":false,"campfire_choices":[{"floor":12,"key":"REST"},{"floor":15,"key":"REST"},{"floor":23,"key":"RECALL"},{"floor":27,"key":"REST"},{"data":"Injury","floor":30,"key":"PURGE"},{"floor":32,"key":"REST"},{"data":"Normality","floor":41,"key":"PURGE"},{"floor":44,"key":"REST"},{"floor":49,"key":"REST"},{"data":"Flex+1","floor":52,"key":"PURGE"}],"neow_cost":"NONE","seed_source_timestamp":246942783409357,"circlet_count":0,"master_deck":["Strike_R+1","Strike_R+1","Strike_R+1","Strike_R+1","Strike_R+1","Defend_R+1","Defend_R+1","Defend_R+1","Bash","Shockwave","Clothesline","Carnage","Rampage","Battle Trance+1","Uppercut","Shrug It Off+1","Carnage","Offering+1","Flash of Steel","True Grit+1","Disarm+1","Shrug It Off+1","Inflame","Demon Form","Reaper","Heavy Blade+1","Discovery+1","Infernal Blade+1","Entrench+1","Transmutation+1","Cleave+1","Demon Form","PanicButton+1","Spot Weakness+1"],"relics":["Burning Blood","Toxic Egg 2","Pantograph","Ornamental Fan","Fusion Hammer","Peace Pipe","Meat on the Bone","Shuriken","Busted Crown","Membership Card","Pear","Magic Flower","Medical Kit","Singing Bowl","Molten Egg 2","DollysMirror","Ginger"],"potions_floor_usage":[4,6,21,21,22,28,33,39,45,50,54,54,54],"damage_taken":[{"damage":5,"enemies":"Small Slimes","floor":1,"turns":3},{"damage":1,"enemies":"Jaw Worm","floor":3,"turns":5},{"damage":14,"enemies":"2 Louse","floor":4,"turns":2},{"damage":8,"enemies":"Large Slime","floor":5,"turns":5},{"damage":28,"enemies":"3 Sentries","floor":6,"turns":6},{"damage":19,"enemies":"3 Louse","floor":7,"turns":3},{"damage":19,"enemies":"Exordium Wildlife","floor":8,"turns":8},{"damage":20,"enemies":"Exordium Thugs","floor":14,"turns":9},{"damage":56,"enemies":"The Guardian","floor":16,"turns":22},{"damage":6,"enemies":"Chosen","floor":18,"turns":3},{"damage":0,"enemies":"Shell Parasite","floor":21,"turns":4},{"damage":5,"enemies":"Centurion and Healer","floor":22,"turns":7},{"damage":14,"enemies":"Colosseum Slavers","floor":28,"turns":3},{"damage":22,"enemies":"Colosseum Nobs","floor":28,"turns":5},{"damage":19,"enemies":"Snecko","floor":31,"turns":6},{"damage":63,"enemies":"Automaton","floor":33,"turns":10},{"damage":6,"enemies":"Orb Walker","floor":35,"turns":3},{"damage":23,"enemies":"3 Darklings","floor":39,"turns":9},{"damage":33,"enemies":"Writhing Mass","floor":42,"turns":7},{"damage":28,"enemies":"2 Orb Walkers","floor":45,"turns":4},{"damage":31,"enemies":"4 Shapes","floor":47,"turns":6},{"damage":33,"enemies":"Transient","floor":48,"turns":5},{"damage":69,"enemies":"Awakened One","floor":50,"turns":10},{"damage":72,"enemies":"Shield and Spear","floor":54,"turns":6},{"damage":98,"enemies":"The Heart","floor":55,"turns":5}],"seed_played":"47092362356489436","potions_obtained":[{"floor":3,"key":"PowerPotion"},{"floor":4,"key":"AttackPotion"},{"floor":16,"key":"SpeedPotion"},{"floor":18,"key":"SkillPotion"},{"floor":21,"key":"EssenceOfSteel"},{"floor":22,"key":"Explosive Potion"},{"floor":31,"key":"FearPotion"},{"floor":35,"key":"Fire Potion"},{"floor":42,"key":"FearPotion"},{"floor":48,"key":"Explosive Potion"}],"is_trial":false,"path_per_floor":["M","?","M","M","M","E","M","M","T","?","$","R","$","M","R","B",null,"M","$","?","M","M","R","?","?","T","R","?","$","R","M","R","B",null,"M","?","?","$","M","?","R","M","T","R","?","$","M","M","R","B",null,"R","$","E","B"],"character_chosen":"IRONCLAD","items_purchased":["Ornamental Fan","Uppercut","Shrug It Off+1","Flash of Steel","Shuriken","Inflame","Membership Card","Discovery+1","Medical Kit","Singing Bowl","Molten Egg 2","Infernal Blade+1","Entrench+1","Transmutation+1","Cleave+1","DollysMirror","PanicButton+1","AttackPotion","AttackPotion","GamblersBrew","Spot Weakness+1"],"campfire_rested":6,"item_purchase_floors":[11,11,13,19,29,29,38,38,46,46,46,46,46,46,46,53,53,53,53,53,53],"current_hp_per_floor":[80,80,80,72,70,48,35,22,22,22,22,46,46,32,56,30,80,80,80,80,80,80,80,80,80,80,80,56,56,56,55,79,35,80,80,80,80,80,77,77,77,50,60,87,65,65,57,61,89,52,94,94,94,79,0],"gold":791,"neow_bonus":"HUNDRED_GOLD","is_prod":false,"is_daily":false,"chose_seed":false,"campfire_upgraded":0,"win_rate":0,"timestamp":1552721238,"path_taken":["M","?","M","M","M","E","M","M","T","?","$","R","$","M","R","BOSS","M","$","?","M","M","R","?","?","T","R","?","$","R","?","R","BOSS","M","?","?","$","M","?","R","M","T","R","?","$","?","M","R","BOSS","R","$","E","BOSS"],"build_version":"2019-02-06","purchased_purges":2,"victory":false,"max_hp_per_floor":[80,80,80,80,80,80,80,80,80,80,80,80,80,80,80,80,80,80,80,80,80,80,80,80,80,80,80,80,80,80,80,80,80,80,80,80,80,80,80,80,80,80,90,90,90,90,92,94,94,94,94,94,94,96,96],"card_choices":[{"not_picked":["Thunderclap","Headbutt"],"picked":"Shockwave","floor":1},{"not_picked":["Clash","Pommel Strike"],"picked":"Clothesline","floor":3},{"not_picked":["Warcry","Headbutt"],"picked":"Carnage","floor":4},{"not_picked":["Shockwave","Anger","Sword Boomerang"],"picked":"SKIP","floor":5},{"not_picked":["Brutality","Reckless Charge","Armaments"],"picked":"SKIP","floor":6},{"not_picked":["Body Slam","Havoc+1"],"picked":"Rampage","floor":7},{"not_picked":["Headbutt","Rupture"],"picked":"Battle Trance+1","floor":8},{"not_picked":["Wild Strike","Reckless Charge"],"picked":"Carnage","floor":14},{"not_picked":["Double Tap+1","Feed"],"picked":"Offering+1","floor":16},{"not_picked":["Clothesline","Thunderclap"],"picked":"Flex+1","floor":18},{"not_picked":["Sever Soul+1","Anger"],"picked":"True Grit+1","floor":21},{"not_picked":["Bloodletting+1","Sword Boomerang"],"picked":"Disarm+1","floor":22},{"not_picked":["Anger","Disarm+1"],"picked":"Shrug It Off+1","floor":28},{"not_picked":["Thunderclap+1","Blood for Blood"],"picked":"Demon Form","floor":31},{"not_picked":["Dark Embrace","Berserk"],"picked":"Reaper","floor":33},{"not_picked":[],"picked":"Heavy Blade+1","floor":35},{"not_picked":["Iron Wave+1"],"picked":"SKIP","floor":39},{"not_picked":["Twin Strike+1"],"picked":"SKIP","floor":42},{"not_picked":["Bloodletting+1"],"picked":"Singing Bowl","floor":47},{"not_picked":["Havoc+1"],"picked":"Singing Bowl","floor":48},{"not_picked":["Whirlwind+1"],"picked":"Singing Bowl","floor":54}],"player_experience":719528,"relics_obtained":[{"floor":6,"key":"Toxic Egg 2"},{"floor":9,"key":"Pantograph"},{"floor":28,"key":"Peace Pipe"},{"floor":28,"key":"Meat on the Bone"},{"floor":43,"key":"Pear"},{"floor":45,"key":"Magic Flower"},{"floor":54,"key":"Ginger"}],"event_choices":[{"damage_healed":0,"gold_gain":0,"player_choice":"Take Wound","damage_taken":0,"relics_obtained":["Golden Idol"],"max_hp_gain":0,"max_hp_loss":0,"event_name":"Golden Idol","floor":2,"gold_loss":0,"cards_obtained":["Injury"]},{"damage_healed":0,"gold_gain":175,"player_choice":"AGREE","damage_taken":0,"max_hp_gain":0,"max_hp_loss":0,"event_name":"Liars Game","floor":10,"gold_loss":0,"cards_obtained":["Doubt"]},{"damage_healed":0,"gold_gain":0,"player_choice":"Ignored","damage_taken":0,"max_hp_gain":0,"max_hp_loss":0,"event_name":"Ghosts","floor":20,"gold_loss":0},{"damage_healed":0,"gold_gain":0,"player_choice":"Simplicity","damage_taken":0,"max_hp_gain":0,"max_hp_loss":0,"event_name":"Back to Basics","floor":24,"gold_loss":0,"cards_upgraded":["Strike_R","Strike_R","Strike_R","Strike_R","Strike_R","Defend_R","Defend_R","Defend_R","Defend_R"]},{"damage_healed":0,"gold_gain":99,"player_choice":"Stole From Cult","damage_taken":0,"max_hp_gain":0,"max_hp_loss":0,"event_name":"Nest","floor":25,"gold_loss":0},{"damage_healed":0,"gold_gain":0,"player_choice":"Fight","damage_taken":0,"max_hp_gain":0,"max_hp_loss":0,"event_name":"Colosseum","floor":28,"gold_loss":0},{"damage_healed":0,"gold_gain":0,"player_choice":"Fought Nobs","damage_taken":0,"max_hp_gain":0,"max_hp_loss":0,"event_name":"Colosseum","floor":28,"gold_loss":0},{"damage_healed":0,"gold_gain":999,"player_choice":"Gold","damage_taken":0,"max_hp_gain":0,"max_hp_loss":0,"event_name":"MindBloom","floor":36,"gold_loss":0,"cards_obtained":["Normality","Normality"]},{"cards_removed":["Defend_R"],"damage_healed":0,"gold_gain":0,"player_choice":"Removed Skill","damage_taken":0,"max_hp_gain":0,"max_hp_loss":0,"event_name":"Falling","floor":37,"gold_loss":0},{"damage_healed":0,"gold_gain":333,"player_choice":"Gave Idol","damage_taken":0,"max_hp_gain":0,"max_hp_loss":0,"event_name":"The Moai Head","floor":40,"relics_lost":["Golden Idol"],"gold_loss":0},{"damage_healed":0,"gold_gain":0,"player_choice":"Fight","damage_taken":0,"max_hp_gain":0,"max_hp_loss":0,"event_name":"Mysterious Sphere","floor":45,"gold_loss":0}],"is_beta":true,"boss_relics":[{"not_picked":["Tiny House","Runic Dome"],"picked":"Fusion Hammer"},{"not_picked":["Philosopher\u0027s Stone","Mark of Pain"],"picked":"Busted Crown"}],"items_purged_floors":[11,38],"is_endless":false,"potions_floor_spawned":[3,4,16,18,21,22,31,35,42,48],"killed_by":"The Heart","ascension_level":0}