{"gold_per_floor":[144,11,11,56,101,101,191,236,236,281,32,32,77,122,122,422,422,467,512,557,602,647,647,647],"floor_reached":24,"playtime":2046,"items_purged":[],"score":229,"play_id":"5b4e12ce-1c86-4336-9e39-370e1d96a8b1","local_time":"20180724074346","daily_mods":["Diverse","Midas","Uncertain Future"],"is_ascension_mode":false,"campfire_choices":[{"floor":6,"key":"REST"},{"floor":15,"key":"REST"},{"floor":23,"key":"REST"}],"neow_cost":"","seed_source_timestamp":0,"circlet_count":0,"master_deck":["Strike_R","Strike_R","Strike_R","Strike_R","Strike_R","Defend_R","Defend_R","Defend_R","Defend_R","Bash","Warcry","Swift Strike","Darkness","Static Discharge","Beam Cell","All For One","Concentrate","Poisoned Stab","Deep Breath","Cold Snap","Outmaneuver","Seek","Armaments","Endless Agony+1","Anger","Catalyst","Backstab+1"],"special_seed":17736,"relics":["Burning Blood","Potion Belt","Nunchaku","Bag of Preparation","Sozu"],"potions_floor_usage":[14,22,22,22],"damage_taken":[{"damage":0,"enemies":"2 Louse","floor":1,"turns":2},{"damage":16,"enemies":"Jaw Worm","floor":4,"turns":4},{"damage":4,"enemies":"Cultist","floor":5,"turns":4},{"damage":25,"enemies":"3 Sentries","floor":7,"turns":9},{"damage":29,"enemies":"Exordium Thugs","floor":8,"turns":3},{"damage":8,"enemies":"Large Slime","floor":10,"turns":5},{"damage":5,"enemies":"Looter","floor":13,"turns":3},{"damage":9,"enemies":"3 Louse","floor":14,"turns":3},{"damage":47,"enemies":"Hexaghost","floor":16,"turns":8},{"damage":7,"enemies":"3 Byrds","floor":18,"turns":6},{"damage":17,"enemies":"2 Thieves","floor":19,"turns":3},{"damage":20,"enemies":"Snake Plant","floor":20,"turns":3},{"damage":21,"enemies":"Centurion and Healer","floor":21,"turns":5},{"damage":34,"enemies":"Sentry and Sphere","floor":22,"turns":5},{"damage":40,"enemies":"Gremlin Leader","floor":24,"turns":3}],"seed_played":"-218002140433653239","potions_obtained":[{"floor":4,"key":"SteroidPotion"},{"floor":7,"key":"PowerPotion"},{"floor":8,"key":"Block Potion"},{"floor":16,"key":"EntropicBrew"}],"is_trial":false,"path_per_floor":["M","$","?","M","M","R","E","M","T","M","$","?","M","M","R","B",null,"M","M","M","M","M","R"],"character_chosen":"IRONCLAD","items_purchased":["Swift Strike","Darkness","Bag of Preparation","Deep Breath"],"campfire_rested":3,"item_purchase_floors":[2,2,11,11],"current_hp_per_floor":[80,80,80,70,72,80,61,38,38,36,36,36,37,34,58,17,80,79,68,54,39,11,35,0],"gold":647,"neow_bonus":"","is_prod":false,"is_daily":true,"chose_seed":false,"campfire_upgraded":0,"win_rate":0,"timestamp":1532414626,"path_taken":["M","$","?","M","M","R","E","M","T","M","?","?","M","M","R","BOSS","M","M","M","M","M","R","E"],"build_version":"2018-07-19v2","purchased_purges":0,"victory":false,"max_hp_per_floor":[80,80,80,80,80,80,80,80,80,80,80,80,80,80,80,80,80,80,80,80,80,80,80,80],"card_choices":[{"not_picked":["Underhanded Strike","Body Slam"],"picked":"Warcry","floor":1},{"not_picked":["Expertise","Disarm"],"picked":"Static Discharge","floor":4},{"not_picked":["Lockon","Dodge and Roll"],"picked":"Beam Cell","floor":5},{"not_picked":["Offering","Calculated Gamble"],"picked":"All For One","floor":7},{"not_picked":["True Grit","Blizzard"],"picked":"Concentrate","floor":8},{"not_picked":["Combust","Deflect"],"picked":"Poisoned Stab","floor":10},{"not_picked":["Leap","Stack"],"picked":"Cold Snap","floor":13},{"not_picked":["Clash","Sweeping Beam"],"picked":"Outmaneuver","floor":14},{"not_picked":["Barricade","Biased Cognition"],"picked":"Seek","floor":16},{"not_picked":["Havoc","Conserve Battery+1"],"picked":"Armaments","floor":18},{"not_picked":["Body Slam+1","Outmaneuver"],"picked":"Endless Agony+1","floor":19},{"not_picked":["Quick Slash","Leap+1"],"picked":"Anger","floor":20},{"not_picked":["Clash","Barrage+1"],"picked":"Catalyst","floor":21},{"not_picked":["Finisher","Blizzard"],"picked":"Backstab+1","floor":22}],"player_experience":191578,"relics_obtained":[{"floor":7,"key":"Potion Belt"},{"floor":9,"key":"Nunchaku"}],"event_choices":[{"event_name":"Liars Game","player_choice":"disagreed","floor":3,"damage_taken":0},{"event_name":"Golden Idol","player_choice":"Ignored","floor":12,"damage_taken":0}],"is_beta":false,"boss_relics":[{"not_picked":["Eternal Feather","Runic Cube"],"picked":"Sozu"}],"items_purged_floors":[],"is_endless":false,"potions_floor_spawned":[4,7,8,16,18,19,21],"killed_by":"Gremlin Leader","ascension_level":0}