{"gold_per_floor":[114,114,114,36,60,98,118,118,118,143,162,162,50,73,73,198,198,221,221,221,221,221],"floor_reached":22,"playtime":862,"items_purged":["Regret"],"score":182,"play_id":"a7b5428f-b08f-47e0-a2a9-36c5d00eb2c1","local_time":"20190326202931","is_ascension_mode":false,"campfire_choices":[{"floor":8,"key":"REST"},{"floor":12,"key":"REST"},{"data":"Bash","floor":15,"key":"SMITH"}],"neow_cost":"NONE","seed_source_timestamp":158199540393213,"circlet_count":0,"master_deck":["Strike_R","Strike_R","Strike_R","Strike_R","Defend_R","Defend_R","Defend_R","Defend_R","Bash+1","Bludgeon","Shrug It Off","Feel No Pain","Flame Barrier","Flame Barrier","Reaper","Uppercut","Rupture","True Grit"],"relics":["Burning Blood","Golden Idol","Blue Candle","Ancient Tea Set","Regal Pillow","Odd Mushroom","Runic Cube","The Courier"],"potions_floor_usage":[10,11,16],"damage_taken":[{"damage":1,"enemies":"Jaw Worm","floor":1,"turns":3},{"damage":1,"enemies":"Small Slimes","floor":5,"turns":3},{"damage":40,"enemies":"Lagavulin","floor":6,"turns":10},{"damage":4,"enemies":"2 Louse","floor":7,"turns":4},{"damage":24,"enemies":"The Mushroom Lair","floor":10,"turns":6},{"damage":12,"enemies":"Large Slime","floor":11,"turns":5},{"damage":1,"enemies":"Red Slaver","floor":14,"turns":2},{"damage":35,"enemies":"The Guardian","floor":16,"turns":15},{"damage":62,"enemies":"Spheric Guardian","floor":18,"turns":10},{"damage":29,"enemies":"Shell Parasite","floor":22,"turns":10}],"seed_played":"-6491349239872623244","potions_obtained":[{"floor":7,"key":"Dexterity Potion"},{"floor":10,"key":"Fruit Juice"},{"floor":14,"key":"Explosive Potion"}],"is_trial":false,"path_per_floor":["M","?","?","$","M","E","M","R","T","?","M","R","$","M","R","B",null,"M","?","?","$","M"],"character_chosen":"IRONCLAD","items_purchased":["Feel No Pain","Flame Barrier"],"campfire_rested":2,"item_purchase_floors":[4,13],"current_hp_per_floor":[80,60,60,60,65,31,33,57,57,39,38,78,78,83,83,54,85,29,29,29,29,0],"gold":221,"neow_bonus":"ONE_RANDOM_RARE_CARD","is_prod":false,"is_daily":false,"chose_seed":false,"campfire_upgraded":1,"win_rate":0,"timestamp":1553641171,"path_taken":["M","?","?","$","?","E","M","R","T","?","M","R","$","M","R","BOSS","M","?","?","$","M"],"build_version":"2019-03-15","purchased_purges":1,"victory":false,"max_hp_per_floor":[80,80,80,80,80,80,80,80,80,80,85,85,85,85,85,85,85,85,85,85,85,85],"card_choices":[{"not_picked":["Clothesline","Warcry"],"picked":"Shrug It Off","floor":1},{"not_picked":["Warcry","Ghostly Armor"],"picked":"Flame Barrier","floor":5},{"not_picked":["Entrench","Burning Pact","Clash"],"picked":"SKIP","floor":6},{"not_picked":["Rupture","Thunderclap"],"picked":"Disarm","floor":7},{"not_picked":["Metallicize","Perfected Strike"],"picked":"Second Wind","floor":11},{"not_picked":["Cleave","Combust","Twin Strike"],"picked":"SKIP","floor":14},{"not_picked":["Berserk","Juggernaut"],"picked":"Reaper","floor":16},{"not_picked":["Sever Soul+1","Warcry+1"],"picked":"Uppercut","floor":18}],"player_experience":776649,"relics_obtained":[{"floor":6,"key":"Ancient Tea Set"},{"floor":9,"key":"Regal Pillow"},{"floor":10,"key":"Odd Mushroom"}],"event_choices":[{"damage_healed":0,"gold_gain":0,"player_choice":"Take Damage","damage_taken":20,"relics_obtained":["Golden Idol"],"max_hp_gain":0,"max_hp_loss":0,"event_name":"Golden Idol","floor":2,"gold_loss":0},{"damage_healed":0,"gold_gain":0,"player_choice":"Box","damage_taken":0,"relics_obtained":["Blue Candle"],"max_hp_gain":0,"max_hp_loss":0,"event_name":"Big Fish","floor":3,"gold_loss":0,"cards_obtained":["Regret"]},{"damage_healed":0,"gold_gain":0,"player_choice":"Fought Mushrooms","damage_taken":0,"max_hp_gain":0,"max_hp_loss":0,"event_name":"Mushrooms","floor":10,"gold_loss":0},{"damage_healed":0,"gold_gain":0,"cards_transformed":["Second Wind","Strike_R"],"player_choice":"Became Test Subject","damage_taken":0,"max_hp_gain":0,"max_hp_loss":0,"event_name":"Drug Dealer","floor":19,"gold_loss":0,"cards_obtained":["Rupture","True Grit"]},{"cards_removed":["Disarm"],"damage_healed":0,"gold_gain":0,"player_choice":"Gave Card","damage_taken":0,"relics_obtained":["The Courier"],"max_hp_gain":0,"max_hp_loss":0,"event_name":"WeMeetAgain","floor":20,"gold_loss":0}],"is_beta":true,"boss_relics":[{"not_picked":["Empty Cage","Orrery"],"picked":"Runic Cube"}],"items_purged_floors":[13],"is_endless":false,"potions_floor_spawned":[7,10,14],"killed_by":"Shell Parasite","ascension_level":0}