{"gold_per_floor":[109,109,124,299,299,299,342,342,369,407,421,421,442,442,442,442],"floor_reached":16,"playtime":774,"items_purged":[],"score":108,"play_id":"99d3226a-60ca-4475-8d56-79d46d981349","local_time":"20180827023503","is_ascension_mode":false,"campfire_choices":[{"floor":6,"key":"REST"},{"floor":8,"key":"REST"},{"floor":12,"key":"REST"},{"floor":15,"key":"REST"}],"neow_cost":"NONE","seed_source_timestamp":251581006854021,"circlet_count":0,"master_deck":["Strike_R","Strike_R","Strike_R","Strike_R","Defend_R","Defend_R","Defend_R","Defend_R","Bash","Dropkick","Uppercut","Shrug It Off","Doubt","Infernal Blade","Flex","Warcry","Feed"],"relics":["Burning Blood","Golden Idol","Strawberry","Pen Nib","Anchor"],"potions_floor_usage":[],"damage_taken":[{"damage":6,"enemies":"2 Louse","floor":1,"turns":3},{"damage":0,"enemies":"Cultist","floor":3,"turns":3},{"damage":55,"enemies":"Gremlin Nob","floor":7,"turns":6},{"damage":50,"enemies":"Lagavulin","floor":10,"turns":9},{"damage":0,"enemies":"Jaw Worm","floor":11,"turns":3},{"damage":0,"enemies":"3 Louse","floor":13,"turns":4},{"damage":97,"enemies":"Hexaghost","floor":16,"turns":11}],"seed_played":"-3795491756223845081","potions_obtained":[{"floor":1,"key":"Strength Potion"},{"floor":7,"key":"Dexterity Potion"}],"is_trial":false,"path_per_floor":["M","$","M","?","?","R","E","R","T","E","M","R","M","?","R"],"character_chosen":"IRONCLAD","items_purchased":[],"campfire_rested":4,"item_purchase_floors":[],"current_hp_per_floor":[80,80,80,80,60,80,38,64,64,20,26,52,58,63,90,0],"gold":442,"neow_bonus":"TRANSFORM_CARD","is_prod":false,"is_daily":false,"chose_seed":false,"campfire_upgraded":0,"win_rate":0,"timestamp":1535333703,"path_taken":["M","$","M","?","?","R","E","R","T","E","M","R","M","?","R","BOSS"],"build_version":"2018-08-23v2","purchased_purges":0,"victory":false,"max_hp_per_floor":[80,80,80,80,80,80,87,87,87,87,87,87,87,92,92,92],"card_choices":[{"not_picked":["Bloodletting","Power Through"],"picked":"Uppercut","floor":1},{"not_picked":["Heavy Blade","Perfected Strike"],"picked":"Shrug It Off","floor":3},{"not_picked":["True Grit","Thunderclap"],"picked":"Infernal Blade","floor":7},{"not_picked":["Intimidate","Blood for Blood"],"picked":"Flex","floor":10},{"not_picked":["Iron Wave","Shrug It Off"],"picked":"Warcry","floor":11},{"not_picked":["Inflame","Clothesline"],"picked":"Feed","floor":13}],"player_experience":450624,"relics_obtained":[{"floor":7,"key":"Strawberry"},{"floor":9,"key":"Pen Nib"},{"floor":10,"key":"Anchor"}],"event_choices":[{"event_name":"Liars Game","player_choice":"agreed","floor":4,"damage_taken":0},{"event_name":"Golden Idol","player_choice":"Take Damage","floor":5,"damage_taken":0},{"event_name":"Big Fish","player_choice":"Donut","floor":14,"damage_taken":0}],"is_beta":false,"boss_relics":[],"items_purged_floors":[],"is_endless":false,"potions_floor_spawned":[1,7],"killed_by":"Hexaghost","ascension_level":0}