{"gold_per_floor":[114,130,130,149,164,164,239,239,262,281,310,322,322,378,378,476,476,493,234,258,290,314,326,357,369,381,393,421,37,0,27,27,125,125,145,145,145,157,177,177,177,177],"floor_reached":42,"playtime":2842,"items_purged":[],"score":541,"play_id":"a0166eb7-a76a-4c5b-acdb-7f710b2ae36c","local_time":"20190218161225","is_ascension_mode":true,"campfire_choices":[{"data":"Heavy Blade","floor":6,"key":"SMITH"},{"data":"Heavy Blade","floor":13,"key":"SMITH"},{"floor":15,"key":"REST"},{"data":"Blind","floor":23,"key":"SMITH"},{"data":"Disarm","floor":25,"key":"SMITH"},{"floor":32,"key":"REST"},{"floor":40,"key":"REST"}],"neow_cost":"NONE","seed_source_timestamp":1269172060450020,"circlet_count":0,"master_deck":["Strike_R","Strike_R","Strike_R","Strike_R","Strike_R","Defend_R","Defend_R","Defend_R","Defend_R","Bash","Blind+1","Disarm+1","Heavy Blade+1","Demon Form","Twin Strike","Heavy Blade","Heavy Blade+1","Twin Strike","Flame Barrier","Berserk","Dual Wield","Shrug It Off","Pummel","Whirlwind","Infernal Blade","Metallicize","Shrug It Off","Twin Strike","Demon Form","Pummel+1","Writhe"],"relics":["Burning Blood","Lantern","Bag of Marbles","Anchor","Tiny Chest","Eternal Feather","Happy Flower","MawBank","Art of War","Pen Nib","Meat on the Bone","Oddly Smooth Stone","Runic Pyramid"],"potions_floor_usage":[11,14,18,21,24,39],"damage_taken":[{"damage":4,"enemies":"Cultist","floor":1,"turns":3},{"damage":5,"enemies":"Small Slimes","floor":2,"turns":6},{"damage":2,"enemies":"Jaw Worm","floor":4,"turns":3},{"damage":0,"enemies":"Large Slime","floor":5,"turns":4},{"damage":13,"enemies":"Looter","floor":10,"turns":3},{"damage":19,"enemies":"Lagavulin","floor":11,"turns":7},{"damage":0,"enemies":"3 Louse","floor":12,"turns":2},{"damage":17,"enemies":"3 Sentries","floor":14,"turns":5},{"damage":43,"enemies":"Hexaghost","floor":16,"turns":8},{"damage":5,"enemies":"3 Byrds","floor":18,"turns":5},{"damage":3,"enemies":"Chosen","floor":21,"turns":4},{"damage":24,"enemies":"Centurion and Healer","floor":22,"turns":6},{"damage":42,"enemies":"Shelled Parasite and Fungi","floor":24,"turns":6},{"damage":26,"enemies":"Cultist and Chosen","floor":28,"turns":6},{"damage":38,"enemies":"Champ","floor":33,"turns":10},{"damage":25,"enemies":"3 Shapes","floor":35,"turns":9},{"damage":16,"enemies":"Orb Walker","floor":38,"turns":5},{"damage":76,"enemies":"Spire Growth","floor":39,"turns":6},{"damage":88,"enemies":"Transient","floor":42,"turns":4}],"seed_played":"-7137156842328894757","potions_obtained":[{"floor":1,"key":"EssenceOfSteel"},{"floor":4,"key":"Energy Potion"},{"floor":8,"key":"FairyPotion"},{"floor":14,"key":"SpeedPotion"},{"floor":16,"key":"Explosive Potion"},{"floor":21,"key":"Strength Potion"},{"floor":24,"key":"FairyPotion"},{"floor":33,"key":"SpeedPotion"}],"is_trial":false,"path_per_floor":["M","M","?","M","M","R","?","?","T","M","E","M","R","E","R","B",null,"M","$","T","M","M","R","M","R","T","T","M","$","?","T","R","B",null,"M","?","?","M","M","R","?","M"],"character_chosen":"IRONCLAD","items_purchased":["Happy Flower","Dual Wield","Shrug It Off","Meat on the Bone","Metallicize","Shrug It Off","Twin Strike"],"campfire_rested":3,"item_purchase_floors":[19,19,19,29,29,29,29],"current_hp_per_floor":[80,80,80,80,80,80,69,69,69,62,49,55,55,44,68,31,68,69,69,69,72,54,66,30,45,45,45,25,25,25,25,64,44,71,52,52,72,62,26,68,68,0],"gold":177,"neow_bonus":"RANDOM_COLORLESS","is_prod":false,"is_daily":false,"chose_seed":false,"campfire_upgraded":4,"win_rate":0,"timestamp":1550506345,"path_taken":["M","?","?","M","?","R","?","?","T","M","E","M","R","E","R","BOSS","M","$","?","M","?","R","M","R","T","?","M","$","?","?","R","BOSS","M","?","?","M","M","R","?","M"],"build_version":"2019-01-23","purchased_purges":0,"victory":false,"max_hp_per_floor":[80,80,80,80,80,80,80,80,80,80,80,80,80,80,80,80,80,80,80,80,80,80,80,80,80,80,80,80,80,80,80,80,80,80,80,80,80,80,80,80,80,80],"card_choices":[{"not_picked":["Clothesline","Anger"],"picked":"Disarm","floor":1},{"not_picked":["Evolve","Havoc"],"picked":"Heavy Blade","floor":2},{"not_picked":["Warcry","Perfected Strike"],"picked":"Demon Form","floor":4},{"not_picked":["Blood for Blood","Havoc"],"picked":"Twin Strike","floor":5},{"not_picked":["Pommel Strike","Cleave"],"picked":"Heavy Blade","floor":10},{"not_picked":["Fire Breathing","Reckless Charge"],"picked":"Heavy Blade","floor":11},{"not_picked":["Rupture","Anger"],"picked":"Twin Strike","floor":12},{"not_picked":["Burning Pact","Hemokinesis"],"picked":"Flame Barrier","floor":14},{"not_picked":["Bludgeon","Impervious"],"picked":"Berserk","floor":16},{"not_picked":["Combust","True Grit","Rupture"],"picked":"SKIP","floor":18},{"not_picked":["Wild Strike","Uppercut"],"picked":"Pummel","floor":21},{"not_picked":["Sentinel","Uppercut"],"picked":"Clash","floor":22},{"not_picked":["Flex","Inflame+1"],"picked":"Whirlwind","floor":24},{"not_picked":["Warcry","True Grit"],"picked":"Infernal Blade","floor":28},{"not_picked":["Dark Embrace","Feed"],"picked":"Demon Form","floor":33},{"not_picked":["Clothesline","Thunderclap+1"],"picked":"Pummel+1","floor":35},{"not_picked":["Sentinel","Clothesline","Clash+1"],"picked":"SKIP","floor":38},{"not_picked":["Sever Soul+1","Wild Strike","Uppercut+1"],"picked":"SKIP","floor":39}],"player_experience":989087,"relics_obtained":[{"floor":3,"key":"Lantern"},{"floor":9,"key":"Bag of Marbles"},{"floor":11,"key":"Anchor"},{"floor":14,"key":"Tiny Chest"},{"floor":20,"key":"MawBank"},{"floor":26,"key":"Art of War"},{"floor":27,"key":"Pen Nib"},{"floor":31,"key":"Oddly Smooth Stone"}],"event_choices":[{"damage_healed":0,"gold_gain":0,"player_choice":"Relic","damage_taken":0,"max_hp_gain":0,"max_hp_loss":0,"event_name":"Wheel of Change","floor":3,"gold_loss":0},{"damage_healed":0,"gold_gain":75,"player_choice":"Gather Gold","damage_taken":11,"max_hp_gain":0,"max_hp_loss":0,"event_name":"World of Goop","floor":7,"gold_loss":0},{"damage_healed":0,"gold_gain":0,"player_choice":"Got Potions","damage_taken":0,"max_hp_gain":0,"max_hp_loss":0,"event_name":"Lab","floor":8,"gold_loss":0},{"damage_healed":0,"gold_gain":0,"player_choice":"Paid Fearfully","damage_taken":0,"max_hp_gain":0,"max_hp_loss":0,"event_name":"Masked Bandits","floor":30,"gold_loss":37},{"damage_healed":0,"gold_gain":0,"player_choice":"Ignored","damage_taken":0,"max_hp_gain":0,"max_hp_loss":0,"event_name":"Mysterious Sphere","floor":36,"gold_loss":0},{"damage_healed":20,"gold_gain":0,"player_choice":"Writhe","damage_taken":0,"max_hp_gain":0,"max_hp_loss":0,"event_name":"Winding Halls","floor":37,"gold_loss":0,"cards_obtained":["Writhe"]},{"cards_removed":["Clash"],"damage_healed":0,"gold_gain":0,"player_choice":"Removed Attack","damage_taken":0,"max_hp_gain":0,"max_hp_loss":0,"event_name":"Falling","floor":41,"gold_loss":0}],"is_beta":false,"boss_relics":[{"not_picked":["Cursed Key","Lizard Tail"],"picked":"Eternal Feather"},{"not_picked":["Astrolabe","Busted Crown"],"picked":"Runic Pyramid"}],"items_purged_floors":[],"is_endless":false,"potions_floor_spawned":[1,4,14,16,21,24,33,38],"killed_by":"Transient","ascension_level":5}