{"gold_per_floor":[113,132,57,7,26,26,38,72,98,98,0,31,31,31,31,31],"floor_reached":16,"playtime":658,"items_purged":["Defend_B"],"score":108,"play_id":"4d45de02-a424-414a-b6ab-0107cd65c4f9","local_time":"20190204181140","is_ascension_mode":false,"campfire_choices":[{"data":"Creative AI","floor":6,"key":"SMITH"},{"data":"Madness","floor":15,"key":"SMITH"}],"neow_cost":"NONE","seed_source_timestamp":1819231997151367,"circlet_count":0,"master_deck":["Strike_B","Strike_B","Defend_B","Defend_B","Defend_B","Zap","Dualcast","Amplify+1","Hologram","Hologram","Creative AI+1","Madness+1","Sunder"],"relics":["Cracked Core"],"potions_floor_usage":[8,8],"damage_taken":[{"damage":0,"enemies":"Cultist","floor":1,"turns":4},{"damage":1,"enemies":"Jaw Worm","floor":2,"turns":3},{"damage":1,"enemies":"2 Louse","floor":5,"turns":2},{"damage":7,"enemies":"Looter","floor":7,"turns":3},{"damage":26,"enemies":"Lagavulin","floor":8,"turns":8},{"damage":34,"enemies":"Gremlin Nob","floor":12,"turns":4},{"damage":24,"enemies":"Hexaghost","floor":16,"turns":9}],"seed_played":"-7293889505109564417","potions_obtained":[{"floor":2,"key":"Regen Potion"},{"floor":5,"key":"PowerPotion"},{"floor":8,"key":"SteroidPotion"},{"floor":12,"key":"FairyPotion"}],"is_trial":false,"path_per_floor":["M","M","$","?","M","R","M","E","T","?","$","E","?","$","R","B"],"character_chosen":"DEFECT","items_purchased":["Madness"],"campfire_rested":0,"item_purchase_floors":[11],"current_hp_per_floor":[75,74,74,74,73,73,66,49,49,49,49,15,15,15,15,0],"gold":31,"neow_bonus":"TRANSFORM_CARD","is_prod":false,"is_daily":false,"chose_seed":false,"campfire_upgraded":2,"win_rate":0,"timestamp":1549325500,"path_taken":["M","?","$","?","M","R","M","E","T","?","$","E","?","?","R","BOSS"],"build_version":"2019-01-23","purchased_purges":1,"victory":false,"max_hp_per_floor":[75,75,75,75,75,75,75,75,75,75,75,75,75,75,75,75],"card_choices":[{"not_picked":["Ball Lightning","Darkness"],"picked":"Hologram","floor":1},{"not_picked":["Coolheaded","Leap"],"picked":"Hologram","floor":2},{"not_picked":["Redo","Stack"],"picked":"Creative AI","floor":5},{"not_picked":["Scrape","Reinforced Body","Steam"],"picked":"SKIP","floor":7},{"not_picked":["Ball Lightning","Beam Cell","BootSequence"],"picked":"SKIP","floor":8},{"not_picked":["Beam Cell","Redo"],"picked":"Sunder","floor":12}],"player_experience":712726,"relics_obtained":[],"event_choices":[{"cards_removed":["Strike_B"],"damage_healed":0,"gold_gain":0,"player_choice":"Card Removal","damage_taken":0,"max_hp_gain":0,"max_hp_loss":0,"event_name":"The Cleric","floor":4,"gold_loss":50},{"damage_healed":0,"gold_gain":0,"player_choice":"Grow","damage_taken":0,"max_hp_gain":0,"max_hp_loss":0,"event_name":"Living Wall","floor":10,"gold_loss":0,"cards_upgraded":["Amplify"]},{"damage_healed":0,"gold_gain":0,"player_choice":"Ignored","damage_taken":0,"max_hp_gain":0,"max_hp_loss":0,"event_name":"Liars Game","floor":13,"gold_loss":0}],"is_beta":false,"boss_relics":[],"items_purged_floors":[3],"is_endless":false,"potions_floor_spawned":[2,5,8,12],"killed_by":"Hexaghost","ascension_level":0}