{"gold_per_floor":[113,113,130,55,80,107,107,118,165,191,191,191],"floor_reached":12,"playtime":382,"items_purged":[],"score":172,"play_id":"5a207007-7ef8-4741-a5d9-d6b0b7ac38b3","local_time":"20190329203245","is_ascension_mode":true,"campfire_choices":[{"floor":7.0,"key":"REST"}],"neow_cost":"NONE","seed_source_timestamp":1440571377754366,"circlet_count":0,"master_deck":["AscendersBane","Defend_G","Defend_G","Defend_G","Defend_G","Strike_G","Strike_G+1","Strike_G","Strike_G+1","Strike_G","Survivor","Neutralize+1","Acrobatics","Blur","Blade Dance"],"special_seed":0,"relics":["Busted Crown","Omamori","Paper Crane","Whetstone","Boot"],"potions_floor_usage":[10],"damage_taken":[{"damage":12.0,"enemies":"Small Slimes","floor":1.0,"turns":4.0},{"damage":1.0,"enemies":"Cultist","floor":3.0,"turns":5.0},{"damage":42.0,"enemies":"3 Sentries","floor":6.0,"turns":17.0},{"damage":0.0,"enemies":"Jaw Worm","floor":8.0,"turns":5.0},{"damage":22,"enemies":"Gremlin Nob","floor":10,"turns":4},{"damage":0,"enemies":"Looter","floor":12,"turns":1}],"seed_played":"2752408142867074761","potions_obtained":[{"floor":6.0,"key":"Fire Potion"},{"floor":10,"key":"Ancient Potion"}],"is_trial":false,"path_per_floor":["M","?","M","?","T","E","R","M","T","E","?","M"],"character_chosen":"THE_SILENT","items_purchased":[],"campfire_rested":1,"item_purchase_floors":[],"current_hp_per_floor":[47,47,46,46,46,4,23,23,23,1,1,1],"gold":191,"neow_bonus":"BOSS_RELIC","is_prod":false,"is_daily":false,"chose_seed":false,"campfire_upgraded":0,"win_rate":0,"timestamp":1553905965,"path_taken":["M","?","?","?","?","E","R","M","T","E","?","M"],"build_version":"2019-03-15","purchased_purges":0,"victory":false,"max_hp_per_floor":[66,66,66,66,66,66,66,66,66,66,66,66],"card_choices":[{"not_picked":[],"picked":"Acrobatics","floor":1.0},{"not_picked":[],"picked":"Blur","floor":3.0},{"not_picked":["Choke"],"picked":"SKIP","floor":6.0},{"not_picked":[],"picked":"Blade Dance","floor":8.0},{"not_picked":["Flying Knee"],"picked":"SKIP","floor":10}],"player_experience":1359106,"relics_obtained":[{"floor":5.0,"key":"Omamori"},{"floor":6.0,"key":"Paper Crane"},{"floor":9.0,"key":"Whetstone"},{"floor":10,"key":"Boot"}],"event_choices":[{"damage_healed":0.0,"max_hp_gain":0.0,"max_hp_loss":0.0,"gold_gain":0.0,"event_name":"Upgrade Shrine","player_choice":"Upgraded","floor":2.0,"gold_loss":0.0,"damage_taken":0.0,"cards_upgraded":["Neutralize"]},{"cards_removed":["Defend_G"],"damage_healed":0.0,"max_hp_gain":0.0,"max_hp_loss":0.0,"gold_gain":0.0,"event_name":"The Cleric","player_choice":"Card Removal","floor":4.0,"gold_loss":75.0,"damage_taken":0.0},{"damage_healed":0,"gold_gain":0,"player_choice":"Ignored","damage_taken":0,"max_hp_gain":0,"max_hp_loss":0,"event_name":"Golden Wing","floor":11,"gold_loss":0}],"is_beta":true,"boss_relics":[],"items_purged_floors":[],"is_endless":false,"potions_floor_spawned":[6,10],"killed_by":"Looter","ascension_level":20}