{"gold_per_floor":[115,132,148,148,223,250,250,250,303,303,79,93,93,128,140,152],"floor_reached":16,"playtime":600,"items_purged":[],"score":108,"play_id":"6bd61f27-c776-4ce8-9cc4-77d3843e187a","local_time":"20181125101612","is_ascension_mode":false,"campfire_choices":[{"floor":7,"key":"REST"},{"data":"Fission","floor":10,"key":"SMITH"},{"floor":13,"key":"REST"},{"floor":15,"key":"REST"}],"neow_cost":"NONE","seed_source_timestamp":1110801781960917,"circlet_count":0,"master_deck":["Strike_B","Strike_B","Strike_B","Strike_B","Defend_B","Defend_B","Defend_B","Defend_B","Zap","Dualcast","Fission+1","Hologram","BootSequence","Static Discharge","Gash","Defragment","Core Surge+1","Beam Cell+1","All For One+1"],"relics":["Cracked Core","Bottled Flame","Molten Egg 2","Tiny Chest","MawBank"],"potions_floor_usage":[],"damage_taken":[{"damage":6,"enemies":"Jaw Worm","floor":1,"turns":3},{"damage":0,"enemies":"2 Louse","floor":2,"turns":3},{"damage":2,"enemies":"Cultist","floor":3,"turns":5},{"damage":21,"enemies":"3 Sentries","floor":6,"turns":8},{"damage":8,"enemies":"2 Fungi Beasts","floor":12,"turns":3},{"damage":22,"enemies":"Gremlin Nob","floor":14,"turns":4},{"damage":73,"enemies":"The Guardian","floor":16,"turns":10}],"seed_played":"-3665903697706075360","potions_obtained":[{"floor":3,"key":"Explosive Potion"},{"floor":6,"key":"SkillPotion"}],"is_trial":false,"path_per_floor":["M","M","M","?","?","E","R","T","T","R","$","M","R","E","R","B"],"character_chosen":"DEFECT","items_purchased":["Defragment","Core Surge+1"],"campfire_rested":3,"item_purchase_floors":[11,11],"current_hp_per_floor":[69,69,67,67,56,35,57,57,57,57,57,49,71,49,71,0],"gold":152,"neow_bonus":"ONE_RANDOM_RARE_CARD","is_prod":false,"is_daily":false,"chose_seed":false,"campfire_upgraded":1,"win_rate":0,"timestamp":1543140972,"path_taken":["M","M","M","?","?","E","R","?","T","R","?","M","R","E","R","BOSS"],"build_version":"2018-11-15","purchased_purges":0,"victory":false,"max_hp_per_floor":[75,75,75,75,75,75,75,75,75,75,75,75,75,75,75,75],"card_choices":[{"not_picked":["Go for the Eyes","Barrage"],"picked":"Hologram","floor":1},{"not_picked":["Barrage","Leap"],"picked":"BootSequence","floor":2},{"not_picked":["Turbo","Go for the Eyes"],"picked":"Static Discharge","floor":3},{"not_picked":["Go for the Eyes","Redo"],"picked":"Gash","floor":6},{"not_picked":["Turbo","Genetic Algorithm"],"picked":"Beam Cell+1","floor":12},{"not_picked":["Gash+1","Darkness"],"picked":"All For One+1","floor":14}],"player_experience":752619,"relics_obtained":[{"floor":6,"key":"Bottled Flame"},{"floor":8,"key":"Molten Egg 2"},{"floor":9,"key":"Tiny Chest"},{"floor":14,"key":"MawBank"}],"event_choices":[{"damage_healed":0,"gold_gain":0,"player_choice":"Ignored","damage_taken":0,"max_hp_gain":0,"max_hp_loss":0,"event_name":"Golden Wing","floor":4,"gold_loss":0},{"damage_healed":0,"gold_gain":75,"player_choice":"Gather Gold","damage_taken":11,"max_hp_gain":0,"max_hp_loss":0,"event_name":"World of Goop","floor":5,"gold_loss":0}],"is_beta":false,"boss_relics":[],"items_purged_floors":[],"is_endless":false,"potions_floor_spawned":[3,6],"killed_by":"The Guardian","ascension_level":0}