{"gold_per_floor":[215,229,26,101,121,152,171,171,171,171,171,186,216,226,226,330,330,311,158,174,184,59,90,90,100,100,100,15,47,47,67,67,166,166,182,200,200,214,227,255,255,289,289,289,307,307,319,319,319,319],"floor_reached":51,"playtime":7586,"items_purged":["Strike_B","Strike_B","Strike_B"],"score":844,"play_id":"180d84f0-1334-429e-8d80-577fd9f3201e","local_time":"20190326220314","is_ascension_mode":true,"campfire_choices":[{"data":"Zap","floor":8.0,"key":"SMITH"},{"floor":11.0,"key":"REST"},{"floor":15.0,"key":"REST"},{"floor":24.0,"key":"REST"},{"data":"Double Energy","floor":27.0,"key":"SMITH"},{"data":"Defragment","floor":30.0,"key":"SMITH"},{"floor":32.0,"key":"REST"},{"floor":41,"key":"REST"},{"floor":46,"key":"REST"},{"floor":49,"key":"REST"}],"neow_cost":"NONE","seed_source_timestamp":377883169150736,"circlet_count":0,"master_deck":["Defend_B","Defend_B","Defend_B","Zap+1","Dualcast","Coolheaded","Leap","Dark Shackles","Cold Snap","Biased Cognition","Defragment","Double Energy+1","Streamline","BootSequence+1","Conserve Battery","Go for the Eyes","Conserve Battery+1","Defragment+1","Ball Lightning","Amplify","Core Surge","Force Field+1","Chill+1","Barrage+1","Parasite","Barrage+1","Blizzard+1","White Noise","The Bomb"],"special_seed":0,"relics":["Cracked Core","Turnip","Pocketwatch","Matryoshka","Vajra","Inserter","Happy Flower","Bag of Preparation","Letter Opener","Singing Bowl","Gremlin Horn","Astrolabe","Bottled Lightning","The Courier","Frozen Egg 2","Sundial"],"potions_floor_usage":[42,42,45],"damage_taken":[{"damage":0.0,"enemies":"Small Slimes","floor":1.0,"turns":3.0},{"damage":7.0,"enemies":"Jaw Worm","floor":2.0,"turns":4.0},{"damage":0.0,"enemies":"Cultist","floor":5.0,"turns":3.0},{"damage":24.0,"enemies":"3 Sentries","floor":6.0,"turns":10.0},{"damage":0.0,"enemies":"2 Fungi Beasts","floor":7.0,"turns":2.0},{"damage":5.0,"enemies":"Exordium Thugs","floor":12.0,"turns":5.0},{"damage":3.0,"enemies":"Gremlin Nob","floor":13.0,"turns":3.0},{"damage":1.0,"enemies":"Blue Slaver","floor":14.0,"turns":3.0},{"damage":8.0,"enemies":"Slime Boss","floor":16.0,"turns":8.0},{"damage":13.0,"enemies":"2 Thieves","floor":18.0,"turns":4.0},{"damage":0.0,"enemies":"Shell Parasite","floor":20.0,"turns":5.0},{"damage":9.0,"enemies":"Snake Plant","floor":21.0,"turns":5.0},{"damage":14.0,"enemies":"Slavers","floor":23.0,"turns":10.0},{"damage":0.0,"enemies":"3 Cultists","floor":25.0,"turns":7.0},{"damage":16.0,"enemies":"Book of Stabbing","floor":29.0,"turns":6.0},{"damage":3.0,"enemies":"Centurion and Healer","floor":31.0,"turns":7.0},{"damage":8.0,"enemies":"Champ","floor":33.0,"turns":13.0},{"damage":0.0,"enemies":"3 Shapes","floor":35.0,"turns":5.0},{"damage":0.0,"enemies":"3 Darklings","floor":36.0,"turns":9.0},{"damage":25.0,"enemies":"Spire Growth","floor":38.0,"turns":6.0},{"damage":8.0,"enemies":"Writhing Mass","floor":39.0,"turns":7.0},{"damage":54.0,"enemies":"Giant Head","floor":40.0,"turns":11.0},{"damage":0,"enemies":"Reptomancer","floor":42,"turns":8},{"damage":3,"enemies":"Jaw Worm Horde","floor":45,"turns":5},{"damage":10,"enemies":"Spire Growth","floor":47,"turns":6},{"damage":48,"enemies":"Time Eater","floor":50,"turns":13}],"seed_played":"-7026260935021520898","potions_obtained":[{"floor":2.0,"key":"GamblersBrew"},{"floor":6.0,"key":"AttackPotion"},{"floor":14.0,"key":"EssenceOfSteel"},{"floor":16.0,"key":"GamblersBrew"},{"floor":18.0,"key":"Strength Potion"},{"floor":20.0,"key":"Block Potion"},{"floor":23.0,"key":"Poison Potion"},{"floor":31.0,"key":"GamblersBrew"},{"floor":36.0,"key":"Regen Potion"},{"floor":40,"key":"PowerPotion"},{"floor":42,"key":"SteroidPotion"}],"is_trial":false,"path_per_floor":["M","M","$","?","M","E","M","R","T","?","R","M","E","M","R","B",null,"M","$","M","M","$","E","R","M","T","R","?","E","R","M","R","B",null,"M","M","?","M","M","E","R","E","T","?","M","R","M","?","R","B",null],"character_chosen":"DEFECT","items_purchased":["Sunder","Dark Shackles","Conserve Battery"],"campfire_rested":7,"item_purchase_floors":[3,3,19],"current_hp_per_floor":[75,68,68,57,57,33,33,33,33,33,55,50,47,46,68,60,75,62,62,62,53,53,39,61,61,61,61,61,45,45,44,67,59,77,79,81,81,70,64,12,38,38,38,38,35,61,51,51,77,29],"gold":319,"neow_bonus":"HUNDRED_GOLD","is_prod":false,"is_daily":false,"chose_seed":false,"campfire_upgraded":3,"win_rate":0,"timestamp":1553637794,"path_taken":["M","M","$","?","M","E","M","R","T","?","R","M","E","M","R","BOSS","M","$","M","M","$","E","R","?","T","R","?","E","R","M","R","BOSS","M","M","?","M","M","E","R","E","T","?","M","R","M","?","R","BOSS"],"build_version":"2019-01-23","purchased_purges":3,"victory":true,"max_hp_per_floor":[75,75,75,75,75,75,75,75,75,75,75,75,75,75,75,75,75,75,75,75,75,75,75,75,75,75,75,75,75,75,77,77,77,77,79,81,81,83,85,87,87,87,87,87,87,87,87,87,87,87],"card_choices":[{"not_picked":["Gash","Compile Driver"],"picked":"Coolheaded","floor":1.0},{"not_picked":["Hologram","Streamline"],"picked":"Leap","floor":2.0},{"not_picked":["Turbo","Gash"],"picked":"Cold Snap","floor":5.0},{"not_picked":["Lockon","Aggregate"],"picked":"Biased Cognition","floor":6.0},{"not_picked":["Cold Snap","Glacier"],"picked":"Defragment","floor":7.0},{"not_picked":["Steam Power","Streamline"],"picked":"Double Energy","floor":12.0},{"not_picked":["Sweeping Beam","Skim","Scrape"],"picked":"SKIP","floor":13.0},{"not_picked":["Steam Power","Beam Cell"],"picked":"Streamline","floor":14.0},{"not_picked":["All For One","Core Surge"],"picked":"Buffer","floor":16.0},{"not_picked":["Scrape","Leap+1"],"picked":"BootSequence+1","floor":18.0},{"not_picked":["Stack+1","Streamline"],"picked":"Go for the Eyes","floor":20.0},{"not_picked":["Aggregate","Auto Shields"],"picked":"Conserve Battery+1","floor":21.0},{"not_picked":["Barrage+1","Reprogram"],"picked":"Defragment","floor":23.0},{"not_picked":["Darkness","Skim"],"picked":"Ball Lightning","floor":25.0},{"not_picked":["Streamline+1","Buffer"],"picked":"Amplify","floor":29.0},{"not_picked":["Streamline","Leap","Rebound+1"],"picked":"Singing Bowl","floor":31.0},{"not_picked":["Amplify","Fission"],"picked":"Core Surge","floor":33.0},{"not_picked":["Ball Lightning","Capacitor+1","Steam+1"],"picked":"Singing Bowl","floor":35.0},{"not_picked":["Sunder+1","Beam Cell+1","Leap"],"picked":"Singing Bowl","floor":36.0},{"not_picked":["Scrape","Steam","Gash"],"picked":"Singing Bowl","floor":38.0},{"not_picked":["Rebound+1","Gash","Fusion+1"],"picked":"Singing Bowl","floor":39.0},{"not_picked":["Redo","Turbo","Compile Driver+1"],"picked":"Singing Bowl","floor":40},{"not_picked":["Biased Cognition","Coolheaded+1"],"picked":"Barrage+1","floor":42},{"not_picked":["Leap+1","Compile Driver"],"picked":"Blizzard+1","floor":45},{"not_picked":["Go for the Eyes+1","Conserve Battery"],"picked":"White Noise","floor":47},{"not_picked":["HandOfGreed","Chrysalis"],"picked":"The Bomb","floor":48}],"player_experience":199402,"relics_obtained":[{"floor":6.0,"key":"Turnip"},{"floor":9.0,"key":"Pocketwatch"},{"floor":13.0,"key":"Vajra"},{"floor":23.0,"key":"Happy Flower"},{"floor":26.0,"key":"Bag of Preparation"},{"floor":26.0,"key":"Letter Opener"},{"floor":29.0,"key":"Gremlin Horn"},{"floor":40,"key":"Bottled Lightning"},{"floor":42,"key":"The Courier"},{"floor":43,"key":"Frozen Egg 2"},{"floor":43,"key":"Sundial"}],"event_choices":[{"damage_healed":0.0,"max_hp_gain":0.0,"max_hp_loss":0.0,"gold_gain":75.0,"event_name":"World of Goop","player_choice":"Gather Gold","floor":4.0,"gold_loss":0.0,"damage_taken":11.0},{"damage_healed":0.0,"max_hp_gain":0.0,"max_hp_loss":0.0,"gold_gain":0.0,"event_name":"WeMeetAgain","player_choice":"Gave Potion","floor":10.0,"gold_loss":0.0,"damage_taken":0.0,"relics_obtained":["Matryoshka"]},{"damage_healed":0.0,"max_hp_gain":0.0,"max_hp_loss":0.0,"gold_gain":0.0,"event_name":"Addict","player_choice":"Obtained Relic","floor":28.0,"gold_loss":85.0,"damage_taken":0.0,"relics_obtained":["Singing Bowl"]},{"cards_removed":["Buffer"],"damage_healed":0.0,"max_hp_gain":0.0,"max_hp_loss":0.0,"gold_gain":0.0,"event_name":"Falling","player_choice":"Removed Power","floor":37.0,"gold_loss":0.0,"damage_taken":0.0},{"damage_healed":0,"gold_gain":0,"player_choice":"Ignored","damage_taken":0,"max_hp_gain":0,"max_hp_loss":0,"event_name":"Mysterious Sphere","floor":44,"gold_loss":0},{"damage_healed":0,"gold_gain":0,"player_choice":"Memory 1","damage_taken":0,"max_hp_gain":0,"max_hp_loss":0,"event_name":"SensoryStone","floor":48,"gold_loss":0}],"is_beta":false,"boss_relics":[{"not_picked":["Nuclear Battery","Black Star"],"picked":"Inserter"},{"not_picked":["Calling Bell","Pandora\u0027s Box"],"picked":"Astrolabe"}],"items_purged_floors":[3,19,22],"is_endless":false,"potions_floor_spawned":[2,6,14,16,18,20,23,31,36,40,42],"ascension_level":3}