{"gold_per_floor":[112,35,45,63,138,138,138,138,161,87,105,105,116,98,98,196,196,211,224,56,66,66,66,39,39,65,65,82,82,82,82,82,187,187,205,222,78,78,78,78,78,97,97,97,112,131,141,157,157,157],"floor_reached":51,"playtime":5690,"items_purged":[],"score":614,"play_id":"9d524894-9692-40a2-9f03-2737b661575b","local_time":"20181018192200","is_ascension_mode":false,"campfire_choices":[{"data":"Defragment","floor":6,"key":"SMITH"},{"data":"Self Repair","floor":12,"key":"SMITH"},{"data":"Fusion","floor":15,"key":"SMITH"},{"data":"Seek","floor":23,"key":"SMITH"},{"data":"Discovery","floor":29,"key":"SMITH"},{"data":"Loop","floor":32,"key":"SMITH"},{"floor":40,"key":"REST"},{"data":"Echo Form","floor":44,"key":"SMITH"},{"floor":49,"key":"REST"}],"neow_cost":"NONE","seed_source_timestamp":1986529044550423,"circlet_count":0,"master_deck":["Strike_B","Strike_B","Defend_B","Defend_B","Defend_B","Defend_B","Zap","Dualcast+1","Defragment+1","Self Repair+1","Undo","Redo","Heatsinks","Reprogram","Sweeping Beam","Fusion+1","Seek+1","Hello World","Turbo+1","Self Repair","Discovery+1","Ball Lightning","Conserve Battery","Core Surge","Loop+1","Echo Form+1","Sweeping Beam+1","Capacitor+1","Gash+1","Sweeping Beam+1","Defragment+1","Force Field","Auto Shields+1","Gash","Coolheaded+1","Turbo+1","Redo+1"],"relics":["Cracked Core","Dream Catcher","Runic Pyramid","Blood Vial","Lizard Tail","DataDisk","Peace Pipe","Meat on the Bone"],"potions_floor_usage":[33,33,33,45,46,50],"damage_taken":[{"damage":1,"enemies":"Jaw Worm","floor":1,"turns":5},{"damage":10,"enemies":"2 Louse","floor":3,"turns":3},{"damage":1,"enemies":"Cultist","floor":4,"turns":3},{"damage":2,"enemies":"Blue Slaver","floor":11,"turns":4},{"damage":0,"enemies":"Large Slime","floor":13,"turns":4},{"damage":10,"enemies":"Exordium Thugs","floor":14,"turns":4},{"damage":70,"enemies":"Slime Boss","floor":16,"turns":13},{"damage":19,"enemies":"Chosen","floor":18,"turns":7},{"damage":17,"enemies":"Shell Parasite","floor":19,"turns":9},{"damage":32,"enemies":"Sentry and Sphere","floor":21,"turns":6},{"damage":2,"enemies":"Centurion and Healer","floor":28,"turns":5},{"damage":65,"enemies":"Automaton","floor":33,"turns":10},{"damage":64,"enemies":"3 Darklings","floor":35,"turns":5},{"damage":31,"enemies":"Orb Walker","floor":36,"turns":6},{"damage":3,"enemies":"Mind Bloom Boss Battle","floor":39,"turns":5},{"damage":24,"enemies":"Spire Growth","floor":42,"turns":6},{"damage":47,"enemies":"3 Darklings","floor":45,"turns":8},{"damage":46,"enemies":"Reptomancer","floor":46,"turns":6},{"damage":45,"enemies":"Maw","floor":47,"turns":8},{"damage":39,"enemies":"3 Darklings","floor":48,"turns":4},{"damage":82,"enemies":"Donu and Deca","floor":50,"turns":7}],"seed_played":"424546306912111268","potions_obtained":[{"floor":4,"key":"AttackPotion"},{"floor":11,"key":"Regen Potion"},{"floor":14,"key":"Strength Potion"},{"floor":35,"key":"SkillPotion"},{"floor":45,"key":"Fire Potion"},{"floor":47,"key":"Weak Potion"}],"is_trial":false,"path_per_floor":["M","$","M","M","?","R","?","?","T","$","M","R","M","M","R","B",null,"M","M","$","M","?","R","$","?","T","?","M","R","?","?","R","B",null,"M","M","$","?","?","R","?","M","T","R","M","M","M","M","R","B"],"character_chosen":"DEFECT","items_purchased":["Self Repair","Heatsinks","Self Repair","Discovery","Conserve Battery","DataDisk"],"campfire_rested":2,"item_purchase_floors":[2,10,20,20,24,37],"current_hp_per_floor":[74,74,71,75,64,64,64,64,64,64,69,69,75,75,75,15,75,66,59,59,44,69,69,69,69,69,69,75,75,61,61,61,29,80,33,21,21,21,37,61,61,73,73,73,74,62,65,50,74,69],"gold":157,"neow_bonus":"REMOVE_CARD","is_prod":false,"is_daily":false,"chose_seed":false,"campfire_upgraded":7,"win_rate":0,"timestamp":1539886920,"path_taken":["M","$","M","M","?","R","?","?","T","$","M","R","M","M","R","BOSS","M","M","$","M","?","R","$","?","T","?","?","R","?","?","R","BOSS","M","M","$","?","?","R","?","M","T","R","M","M","M","?","R","BOSS"],"build_version":"2018-10-11","purchased_purges":0,"victory":true,"max_hp_per_floor":[75,75,75,75,75,75,75,75,75,75,75,75,75,75,75,75,75,75,75,75,75,75,75,75,75,75,75,75,75,80,80,80,80,80,80,80,80,80,80,80,80,80,80,80,80,80,80,80,80,80],"card_choices":[{"not_picked":["Gash","FTL"],"picked":"Defragment","floor":1},{"not_picked":["Reprogram","Redo"],"picked":"Undo","floor":3},{"not_picked":["Lockon","Streamline"],"picked":"Redo","floor":4},{"not_picked":["Streamline","Rip and Tear"],"picked":"Reprogram","floor":11},{"not_picked":["Undo","Leap"],"picked":"Sweeping Beam","floor":13},{"not_picked":["Beam Cell","Chaos"],"picked":"Fusion","floor":14},{"not_picked":["Amplify","Core Surge"],"picked":"Seek","floor":16},{"not_picked":["Reprogram","Stack"],"picked":"Hello World","floor":18},{"not_picked":["Consume","Rip and Tear"],"picked":"Turbo+1","floor":19},{"not_picked":["Gash","Steam"],"picked":"Ball Lightning","floor":21},{"not_picked":["Go for the Eyes","Cold Snap"],"picked":"Loop","floor":28},{"not_picked":["Meteor Strike","Buffer"],"picked":"Echo Form","floor":33},{"not_picked":["Go for the Eyes+1","Recycle+1"],"picked":"Sweeping Beam+1","floor":35},{"not_picked":["Barrage+1","Lockon+1"],"picked":"Capacitor+1","floor":36},{"not_picked":["Stack+1","Melter"],"picked":"Gash+1","floor":39},{"not_picked":["Scrape","Steam Power"],"picked":"Sweeping Beam+1","floor":40},{"not_picked":["Leap","Coolheaded"],"picked":"Force Field","floor":42},{"not_picked":["Ball Lightning+1","Hologram+1"],"picked":"Auto Shields+1","floor":45},{"not_picked":["Rebound","Compile Driver"],"picked":"Gash","floor":46},{"not_picked":["Steam","Glacier+1"],"picked":"Coolheaded+1","floor":47},{"not_picked":["Glacier","Reboot"],"picked":"Turbo+1","floor":48},{"not_picked":["Cold Snap","Beam Cell"],"picked":"Redo+1","floor":49}],"player_experience":582819,"relics_obtained":[{"floor":9,"key":"Dream Catcher"},{"floor":26,"key":"Blood Vial"},{"floor":39,"key":"Peace Pipe"},{"floor":43,"key":"Meat on the Bone"}],"event_choices":[{"event_name":"World of Goop","player_choice":"Gather Gold","floor":5,"damage_taken":0},{"event_name":"Living Wall","player_choice":"Grow","floor":7,"damage_taken":0},{"event_name":"Golden Idol","player_choice":"Ignored","floor":8,"damage_taken":0},{"event_name":"The Library","player_choice":"Heal","floor":22,"damage_taken":0},{"event_name":"Transmorgrifier","player_choice":"Transform","floor":25,"damage_taken":0},{"event_name":"Beggar","player_choice":"Ignored","floor":27,"damage_taken":0},{"event_name":"Forgotten Altar","player_choice":"Shed Blood","floor":30,"damage_taken":0},{"event_name":"Vampires","player_choice":"Ignored","floor":31,"damage_taken":0},{"event_name":"Mysterious Sphere","player_choice":"Ignore","floor":38,"damage_taken":0},{"event_name":"MindBloom","player_choice":"Fight","floor":39,"damage_taken":0},{"event_name":"Duplicator","player_choice":"One dupe","floor":41,"damage_taken":0}],"is_beta":false,"boss_relics":[{"not_picked":["Empty Cage","Calling Bell"],"picked":"Runic Pyramid"},{"not_picked":["Nuclear Battery","Philosopher\u0027s Stone"],"picked":"Lizard Tail"}],"items_purged_floors":[],"is_endless":false,"potions_floor_spawned":[4,11,14,16,21,28,35,45,47],"ascension_level":0}