{"gold_per_floor":[118,118,118,118,138,138,179,214,214,214,228,228,249,273,273,402,402,422,442,367,367,12,46,46,64,64,83,83,83,101,125,125,255,255,279,154,154,4,17,55,73,92,92,92,92,92,136,155,155,155],"floor_reached":51,"playtime":1500,"items_purged":["Strike_R","Strike_R","Strike_R+1","Strike_R+1"],"score":752,"play_id":"7907dc18-03dc-4a25-b00f-20639dabf1a0","local_time":"20190322000402","is_ascension_mode":false,"campfire_choices":[{"data":"Demon Form","floor":6,"key":"SMITH"},{"data":"Limit Break","floor":12,"key":"SMITH"},{"data":"Battle Trance","floor":15,"key":"SMITH"},{"floor":24,"key":"REST"},{"data":"Corruption","floor":29,"key":"SMITH"},{"floor":32,"key":"REST"},{"data":"Heavy Blade","floor":44,"key":"SMITH"},{"floor":49,"key":"REST"}],"neow_cost":"NONE","seed_source_timestamp":3818767535440,"circlet_count":0,"master_deck":["Strike_R+1","Defend_R+1","Defend_R+1","Defend_R+1","Defend_R+1","Bash+1","Demon Form+1","Limit Break+1","Sword Boomerang","Impervious","Battle Trance+1","Demon Form+1","Corruption+1","Feel No Pain+1","Heavy Blade+1","Rage+1","Heavy Blade+1","Immolate","Disarm+1"],"relics":["Burning Blood","Art of War","Golden Idol","Regal Pillow","Odd Mushroom","Strawberry","Shuriken","Sozu","Bottled Tornado","Nunchaku","Mummified Hand","Busted Crown","Blue Candle","Dodecahedron","Charon\u0027s Ashes"],"potions_floor_usage":[13,50],"damage_taken":[{"damage":0,"enemies":"Small Slimes","floor":1,"turns":3},{"damage":6,"enemies":"Jaw Worm","floor":5,"turns":3},{"damage":32,"enemies":"Gremlin Nob","floor":7,"turns":5},{"damage":20,"enemies":"The Mushroom Lair","floor":8,"turns":5},{"damage":1,"enemies":"Cultist","floor":11,"turns":3},{"damage":5,"enemies":"Exordium Thugs","floor":13,"turns":4},{"damage":14,"enemies":"3 Louse","floor":14,"turns":5},{"damage":16,"enemies":"Hexaghost","floor":16,"turns":8},{"damage":11,"enemies":"Shell Parasite","floor":18,"turns":5},{"damage":10,"enemies":"3 Byrds","floor":19,"turns":4},{"damage":64,"enemies":"Book of Stabbing","floor":23,"turns":7},{"damage":0,"enemies":"Snake Plant","floor":25,"turns":4},{"damage":24,"enemies":"Cultist and Chosen","floor":27,"turns":6},{"damage":7,"enemies":"Chosen and Byrds","floor":30,"turns":5},{"damage":9,"enemies":"3 Cultists","floor":31,"turns":5},{"damage":47,"enemies":"Automaton","floor":33,"turns":9},{"damage":8,"enemies":"3 Shapes","floor":35,"turns":4},{"damage":20,"enemies":"3 Darklings","floor":39,"turns":3},{"damage":13,"enemies":"Giant Head","floor":40,"turns":5},{"damage":7,"enemies":"Writhing Mass","floor":41,"turns":4},{"damage":6,"enemies":"Jaw Worm Horde","floor":42,"turns":4},{"damage":10,"enemies":"Reptomancer","floor":47,"turns":4},{"damage":0,"enemies":"Transient","floor":48,"turns":5},{"damage":32,"enemies":"Time Eater","floor":50,"turns":7}],"seed_played":"4672083062126289146","potions_obtained":[{"floor":8,"key":"Energy Potion"},{"floor":14,"key":"PowerPotion"}],"is_trial":false,"path_per_floor":["M","?","?","?","M","R","E","?","T","T","M","R","M","M","R","B",null,"M","M","$","?","$","E","R","M","T","M","?","R","M","M","R","B",null,"M","$","?","$","M","E","M","M","T","R","$","?","E","M","R","B",null],"character_chosen":"IRONCLAD","items_purchased":["Bottled Tornado"],"campfire_rested":3,"item_purchase_floors":[22],"current_hp_per_floor":[80,74,79,79,79,79,53,39,46,46,51,51,52,44,44,34,86,81,77,77,77,77,19,59,65,65,47,47,47,46,43,83,42,86,84,84,84,84,70,63,62,62,62,62,62,62,58,64,86,60],"gold":155,"neow_bonus":"RANDOM_COMMON_RELIC","is_prod":false,"is_daily":false,"chose_seed":false,"campfire_upgraded":5,"win_rate":0,"timestamp":1553234642,"path_taken":["M","?","?","?","?","R","E","?","T","?","M","R","M","M","R","BOSS","M","M","$","?","?","E","R","M","T","M","?","R","M","M","R","BOSS","M","$","?","$","M","E","?","M","T","R","$","?","E","M","R","BOSS"],"build_version":"2019-01-23","purchased_purges":4,"victory":true,"max_hp_per_floor":[80,74,79,79,79,79,79,79,86,86,86,86,86,86,86,86,86,86,86,86,86,86,86,86,86,86,86,86,86,86,86,86,86,86,86,86,86,86,86,86,86,86,86,86,86,86,86,86,86,86],"card_choices":[{"not_picked":["True Grit","Wild Strike","Anger"],"picked":"SKIP","floor":1},{"not_picked":["True Grit","Spot Weakness"],"picked":"Demon Form","floor":5},{"not_picked":["Dual Wield","Iron Wave"],"picked":"Limit Break","floor":7},{"not_picked":["Flex","Armaments"],"picked":"Sword Boomerang","floor":8},{"not_picked":["Fire Breathing","Pommel Strike"],"picked":"Impervious","floor":11},{"not_picked":["Burning Pact","Clash","Havoc"],"picked":"SKIP","floor":13},{"not_picked":["Twin Strike","Intimidate"],"picked":"Battle Trance","floor":14},{"not_picked":["Dark Embrace","Berserk"],"picked":"Demon Form","floor":16},{"not_picked":["Sever Soul","Evolve+1"],"picked":"Corruption","floor":18},{"not_picked":["Iron Wave","Sever Soul"],"picked":"Feel No Pain+1","floor":19},{"not_picked":["Twin Strike","Sword Boomerang"],"picked":"Heavy Blade+1","floor":23},{"not_picked":["Clash","Armaments"],"picked":"Rage+1","floor":25},{"not_picked":["Wild Strike","Uppercut","Headbutt"],"picked":"SKIP","floor":27},{"not_picked":["Body Slam","Iron Wave+1"],"picked":"Heavy Blade","floor":30},{"not_picked":["Second Wind","Evolve","Wild Strike"],"picked":"SKIP","floor":31},{"not_picked":["Fiend Fire","Reaper"],"picked":"Immolate","floor":33},{"not_picked":["Intimidate+1"],"picked":"SKIP","floor":35},{"not_picked":["Ghostly Armor+1"],"picked":"SKIP","floor":39},{"not_picked":["Disarm"],"picked":"SKIP","floor":40},{"not_picked":["Inflame"],"picked":"SKIP","floor":41},{"not_picked":["Armaments"],"picked":"SKIP","floor":42},{"not_picked":["Cleave+1"],"picked":"SKIP","floor":47},{"not_picked":[],"picked":"Disarm+1","floor":48}],"player_experience":1112927,"relics_obtained":[{"floor":7,"key":"Regal Pillow"},{"floor":8,"key":"Odd Mushroom"},{"floor":9,"key":"Strawberry"},{"floor":10,"key":"Shuriken"},{"floor":23,"key":"Nunchaku"},{"floor":26,"key":"Mummified Hand"},{"floor":40,"key":"Blue Candle"},{"floor":43,"key":"Dodecahedron"},{"floor":47,"key":"Charon\u0027s Ashes"}],"event_choices":[{"damage_healed":0,"gold_gain":0,"player_choice":"Lose Max HP","damage_taken":0,"relics_obtained":["Golden Idol"],"max_hp_gain":0,"max_hp_loss":6,"event_name":"Golden Idol","floor":2,"gold_loss":0},{"damage_healed":0,"gold_gain":0,"player_choice":"Donut","damage_taken":0,"max_hp_gain":5,"max_hp_loss":0,"event_name":"Big Fish","floor":3,"gold_loss":0},{"damage_healed":0,"gold_gain":0,"player_choice":"Grow","damage_taken":0,"max_hp_gain":0,"max_hp_loss":0,"event_name":"Living Wall","floor":4,"gold_loss":0,"cards_upgraded":["Bash"]},{"damage_healed":0,"gold_gain":0,"player_choice":"Fought Mushrooms","damage_taken":0,"max_hp_gain":0,"max_hp_loss":0,"event_name":"Mushrooms","floor":8,"gold_loss":0},{"damage_healed":0,"gold_gain":0,"player_choice":"Bought 0 Potions","damage_taken":0,"max_hp_gain":0,"max_hp_loss":0,"event_name":"The Woman in Blue","floor":21,"gold_loss":0},{"damage_healed":0,"gold_gain":0,"player_choice":"Simplicity","damage_taken":0,"max_hp_gain":0,"max_hp_loss":0,"event_name":"Back to Basics","floor":28,"gold_loss":0,"cards_upgraded":["Strike_R","Strike_R","Strike_R","Defend_R","Defend_R","Defend_R","Defend_R"]},{"damage_healed":0,"gold_gain":0,"player_choice":"Upgraded","damage_taken":0,"max_hp_gain":0,"max_hp_loss":0,"event_name":"Upgrade Shrine","floor":37,"gold_loss":0,"cards_upgraded":["Demon Form"]},{"damage_healed":0,"gold_gain":0,"player_choice":"Ignored","damage_taken":0,"max_hp_gain":0,"max_hp_loss":0,"event_name":"Mysterious Sphere","floor":46,"gold_loss":0}],"is_beta":false,"boss_relics":[{"not_picked":["Pandora\u0027s Box","Astrolabe"],"picked":"Sozu"},{"not_picked":["Coffee Dripper","Cursed Key"],"picked":"Busted Crown"}],"items_purged_floors":[20,22,36,38],"is_endless":false,"potions_floor_spawned":[8,14,18,19,25,31,35,40,42,47],"ascension_level":0}