{"gold_per_floor":[18,18,18,30,43,69,69,99,173,183,203,378,378,336,336,336],"floor_reached":16,"playtime":2464,"items_purged":[],"score":110,"play_id":"3f1775e9-4634-4993-9d09-9030076e4a68","local_time":"20190317175232","is_ascension_mode":false,"campfire_choices":[{"data":"True Grit","floor":7,"key":"SMITH"},{"floor":13,"key":"REST"},{"data":"Pommel Strike","floor":15,"key":"SMITH"}],"neow_cost":"NO_GOLD","seed_source_timestamp":623133214679940,"circlet_count":0,"master_deck":["Strike_R","Strike_R","Strike_R","Strike_R","Defend_R","Defend_R","Defend_R","Bash","True Grit+1","Metallicize","Pommel Strike+1","Spot Weakness","Shrug It Off","Shockwave+1","Dropkick","Doubt"],"relics":["Burning Blood","Unceasing Top","Happy Flower","Pantograph","Toxic Egg 2"],"potions_floor_usage":[6,6,16],"damage_taken":[{"damage":1,"enemies":"Jaw Worm","floor":1,"turns":3},{"damage":0,"enemies":"Small Slimes","floor":4,"turns":3},{"damage":4,"enemies":"2 Louse","floor":5,"turns":4},{"damage":26,"enemies":"3 Sentries","floor":6,"turns":11},{"damage":46,"enemies":"Gremlin Nob","floor":8,"turns":6},{"damage":2,"enemies":"Large Slime","floor":10,"turns":10},{"damage":4,"enemies":"Blue Slaver","floor":11,"turns":4},{"damage":79,"enemies":"Slime Boss","floor":16,"turns":18}],"seed_played":"7895023417115952703","potions_obtained":[{"floor":1,"key":"Energy Potion"},{"floor":4,"key":"Dexterity Potion"},{"floor":11,"key":"EssenceOfSteel"}],"is_trial":false,"path_per_floor":["M","?","?","M","M","E","R","E","T","M","M","?","R","?","R","B"],"character_chosen":"IRONCLAD","items_purchased":[],"campfire_rested":1,"item_purchase_floors":[],"current_hp_per_floor":[80,80,73,79,80,60,60,20,20,24,26,26,50,50,50,0],"gold":336,"neow_bonus":"REMOVE_TWO","is_prod":false,"is_daily":false,"chose_seed":false,"campfire_upgraded":2,"win_rate":0.0,"timestamp":1552845152,"path_taken":["M","?","?","M","M","E","R","E","T","M","M","?","R","?","R","BOSS"],"build_version":"2019-01-23","purchased_purges":0,"victory":false,"max_hp_per_floor":[80,80,80,80,80,80,80,80,80,80,80,80,80,80,80,80],"card_choices":[{"not_picked":["Disarm","Dual Wield"],"picked":"True Grit","floor":1},{"not_picked":["Flex","Iron Wave"],"picked":"Metallicize","floor":4},{"not_picked":["Flame Barrier","Body Slam"],"picked":"Pommel Strike","floor":5},{"not_picked":["Flame Barrier","Heavy Blade"],"picked":"Spot Weakness","floor":6},{"not_picked":["Heavy Blade","Power Through"],"picked":"Shrug It Off","floor":8},{"not_picked":["Clothesline","Corruption"],"picked":"Shockwave+1","floor":10},{"not_picked":["Hemokinesis","Brutality"],"picked":"Dropkick","floor":11}],"player_experience":27314,"relics_obtained":[{"floor":6,"key":"Happy Flower"},{"floor":8,"key":"Pantograph"},{"floor":9,"key":"Toxic Egg 2"}],"event_choices":[{"damage_healed":0,"gold_gain":0,"player_choice":"Box","damage_taken":0,"relics_obtained":["Unceasing Top"],"max_hp_gain":0,"max_hp_loss":0,"event_name":"Big Fish","floor":2,"gold_loss":0,"cards_obtained":["Regret"]},{"cards_removed":["Regret"],"damage_healed":0,"gold_gain":0,"player_choice":"Card Removal","damage_taken":7,"max_hp_gain":0,"max_hp_loss":0,"event_name":"Golden Wing","floor":3,"gold_loss":0},{"damage_healed":0,"gold_gain":175,"player_choice":"AGREE","damage_taken":0,"max_hp_gain":0,"max_hp_loss":0,"event_name":"Liars Game","floor":12,"gold_loss":0,"cards_obtained":["Doubt"]},{"damage_healed":0,"gold_gain":0,"player_choice":"Left Gold","damage_taken":0,"max_hp_gain":0,"max_hp_loss":0,"event_name":"World of Goop","floor":14,"gold_loss":42}],"is_beta":false,"boss_relics":[],"items_purged_floors":[],"is_endless":false,"potions_floor_spawned":[1,4,11],"killed_by":"Slime Boss","ascension_level":0}