{"gold_per_floor":[109,109,136,151,171,196,196,211,211,221,221,256,256,43,43,139,139,155,171,171,171,189,189,189,222,248,248,262,4,4,19,19,119,119,130,130,140,140,60,85,85,111,111,121,49,66,66,166,166,166],"floor_reached":51,"playtime":5242,"items_purged":["Strike_R","Writhe"],"score":829,"play_id":"4fdee11c-c625-4d73-b75c-772e2ec3fae0","local_time":"20190327213442","is_ascension_mode":true,"campfire_choices":[{"data":"Bash","floor":7,"key":"SMITH"},{"data":"Armaments","floor":11,"key":"SMITH"},{"data":"Clothesline","floor":13,"key":"SMITH"},{"data":"Demon Form","floor":15,"key":"SMITH"},{"floor":23,"key":"REST"},{"floor":27,"key":"REST"},{"floor":30,"key":"REST"},{"floor":32,"key":"REST"},{"data":"Disarm","floor":41,"key":"SMITH"},{"data":"Heavy Blade","floor":47,"key":"SMITH"},{"floor":49,"key":"REST"}],"neow_cost":"NONE","seed_source_timestamp":459764320607855,"circlet_count":0,"master_deck":["Strike_R","Defend_R","Defend_R","Defend_R","Defend_R","Bash+1","Finesse","Clothesline+1","Twin Strike","Armaments+1","Battle Trance","Demon Form+1","Inflame","Shrug It Off","Feed+1","Limit Break+1","Impervious+1","True Grit+1","Disarm+1","Anger","Shrug It Off","Cleave+1","Flex+1","Seeing Red+1","Rage","Headbutt+1","Ghostly Armor","Shrug It Off+1","Reaper","Blind","Heavy Blade+1","Heavy Blade+1","Blood for Blood"],"relics":["Burning Blood","Oddly Smooth Stone","Letter Opener","Dodecahedron","The Courier","Astrolabe","Question Card","Dream Catcher","Bronze Scales","Shuriken","Runic Pyramid","Charon\u0027s Ashes","Mummified Hand","Vajra","Ginger"],"potions_floor_usage":[16,16,22,25,28,28,28,50,50,50],"damage_taken":[{"damage":9,"enemies":"Jaw Worm","floor":1,"turns":5},{"damage":0,"enemies":"Cultist","floor":4,"turns":4},{"damage":2,"enemies":"Small Slimes","floor":5,"turns":3},{"damage":27,"enemies":"3 Sentries","floor":6,"turns":9},{"damage":9,"enemies":"Exordium Thugs","floor":8,"turns":5},{"damage":3,"enemies":"2 Fungi Beasts","floor":10,"turns":4},{"damage":19,"enemies":"Gremlin Nob","floor":12,"turns":4},{"damage":17,"enemies":"The Guardian","floor":16,"turns":10},{"damage":6,"enemies":"Chosen","floor":18,"turns":3},{"damage":11,"enemies":"Spheric Guardian","floor":19,"turns":6},{"damage":31,"enemies":"Shelled Parasite and Fungi","floor":22,"turns":5},{"damage":44,"enemies":"Slavers","floor":25,"turns":7},{"damage":28,"enemies":"Snecko","floor":28,"turns":6},{"damage":23,"enemies":"Centurion and Healer","floor":31,"turns":5},{"damage":33,"enemies":"Champ","floor":33,"turns":9},{"damage":3,"enemies":"3 Shapes","floor":35,"turns":5},{"damage":42,"enemies":"3 Darklings","floor":37,"turns":5},{"damage":15,"enemies":"Nemesis","floor":40,"turns":7},{"damage":4,"enemies":"Reptomancer","floor":42,"turns":8},{"damage":0,"enemies":"Maw","floor":44,"turns":8},{"damage":15,"enemies":"Spire Growth","floor":46,"turns":5},{"damage":0,"enemies":"Mind Bloom Boss Battle","floor":48,"turns":3},{"damage":76,"enemies":"Donu and Deca","floor":50,"turns":8}],"seed_played":"-638705597306907881","potions_obtained":[{"floor":4,"key":"Poison Potion"},{"floor":8,"key":"Regen Potion"},{"floor":16,"key":"Ancient Potion"},{"floor":22,"key":"PowerPotion"},{"floor":25,"key":"EntropicBrew"},{"floor":28,"key":"EssenceOfSteel"},{"floor":31,"key":"Dexterity Potion"},{"floor":37,"key":"PowerPotion"},{"floor":40,"key":"Ancient Potion"},{"floor":44,"key":"SteroidPotion"}],"is_trial":false,"path_per_floor":["M","?","T","M","M","E","R","M","T","M","R","E","R","$","R","B",null,"M","M","?","T","M","R","?","E","T","R","M","$","R","M","R","B",null,"M","?","M","?","$","E","R","E","T","M","$","M","R","?","R","B",null],"character_chosen":"IRONCLAD","items_purchased":["Demon Form","Inflame","Shrug It Off","Shuriken","Blind"],"campfire_rested":5,"item_purchase_floors":[14,14,14,29,45],"current_hp_per_floor":[77,82,82,85,85,64,64,61,61,64,64,51,51,51,51,55,85,88,83,66,66,44,72,72,38,38,68,64,64,95,82,108,81,108,108,108,76,104,104,99,99,101,101,111,111,102,102,108,120,62],"gold":166,"neow_bonus":"RANDOM_COLORLESS","is_prod":false,"is_daily":false,"chose_seed":false,"campfire_upgraded":6,"win_rate":0,"timestamp":1553722482,"path_taken":["M","?","?","M","M","E","R","M","T","?","R","E","R","$","R","BOSS","M","M","?","?","M","R","?","E","T","R","M","$","R","?","R","BOSS","M","?","M","?","$","E","R","E","T","M","$","M","R","?","R","BOSS"],"build_version":"2019-01-23","purchased_purges":2,"victory":true,"max_hp_per_floor":[80,85,85,85,85,85,85,85,85,85,85,85,85,85,85,85,85,88,88,93,93,96,96,96,100,100,100,104,104,104,108,108,108,108,108,108,112,112,112,116,116,116,116,120,120,120,120,120,120,124],"card_choices":[{"not_picked":["Heavy Blade","Body Slam"],"picked":"Clothesline","floor":1},{"not_picked":["Combust","Rupture"],"picked":"Twin Strike","floor":4},{"not_picked":["Seeing Red","Headbutt"],"picked":"Armaments","floor":5},{"not_picked":["Clothesline","Iron Wave","Armaments"],"picked":"SKIP","floor":6},{"not_picked":["Fire Breathing","Carnage","Dual Wield"],"picked":"SKIP","floor":8},{"not_picked":["Cleave","Clothesline","Sever Soul"],"picked":"SKIP","floor":10},{"not_picked":["Cleave","Sever Soul"],"picked":"Battle Trance","floor":12},{"not_picked":["Dark Embrace","Demon Form"],"picked":"Feed","floor":16},{"not_picked":["Warcry","Twin Strike+1"],"picked":"Disarm","floor":18},{"not_picked":["Iron Wave","Searing Blow"],"picked":"Anger","floor":19},{"not_picked":["Seeing Red","Sword Boomerang","Power Through"],"picked":"Shrug It Off","floor":22},{"not_picked":["Shrug It Off","Warcry","Disarm","Thunderclap+1"],"picked":"SKIP","floor":25},{"not_picked":["Sentinel","Immolate","Wild Strike+1"],"picked":"Cleave+1","floor":27},{"not_picked":["Dual Wield","Shrug It Off","Flame Barrier"],"picked":"Flex+1","floor":28},{"not_picked":["Anger","Corruption+1","Iron Wave+1"],"picked":"Seeing Red+1","floor":31},{"not_picked":["Thunderclap","Flex","Perfected Strike"],"picked":"Rage","floor":32},{"not_picked":["Battle Trance","Power Through","Body Slam+1"],"picked":"Headbutt+1","floor":35},{"not_picked":["Headbutt","Bludgeon","Sword Boomerang+1"],"picked":"Ghostly Armor","floor":37},{"not_picked":["Spot Weakness","Searing Blow+1","Armaments","Dual Wield"],"picked":"SKIP","floor":40},{"not_picked":["Carnage","Twin Strike+1","Combust"],"picked":"Shrug It Off+1","floor":42},{"not_picked":["Clash","Inflame","Body Slam+1"],"picked":"Reaper","floor":44},{"not_picked":["Iron Wave+1","Second Wind+1","Headbutt"],"picked":"Heavy Blade","floor":46},{"not_picked":["Cleave+1","Pommel Strike","Battle Trance"],"picked":"Heavy Blade+1","floor":48},{"not_picked":["Headbutt+1","Havoc","Immolate"],"picked":"Blood for Blood","floor":49}],"player_experience":212569,"relics_obtained":[{"floor":3,"key":"Oddly Smooth Stone"},{"floor":6,"key":"Letter Opener"},{"floor":9,"key":"Dodecahedron"},{"floor":12,"key":"The Courier"},{"floor":21,"key":"Question Card"},{"floor":25,"key":"Dream Catcher"},{"floor":26,"key":"Bronze Scales"},{"floor":40,"key":"Charon\u0027s Ashes"},{"floor":42,"key":"Mummified Hand"},{"floor":43,"key":"Vajra"},{"floor":48,"key":"Ginger"}],"event_choices":[{"damage_healed":0,"gold_gain":0,"player_choice":"Donut","damage_taken":0,"max_hp_gain":5,"max_hp_loss":0,"event_name":"Big Fish","floor":2,"gold_loss":0},{"damage_healed":0,"gold_gain":0,"player_choice":"Shed Blood","damage_taken":22,"max_hp_gain":5,"max_hp_loss":0,"event_name":"Forgotten Altar","floor":20,"gold_loss":0},{"damage_healed":0,"gold_gain":0,"player_choice":"Forge","damage_taken":0,"max_hp_gain":0,"max_hp_loss":0,"event_name":"Accursed Blacksmith","floor":24,"gold_loss":0,"cards_upgraded":["Feed"]},{"damage_healed":0,"gold_gain":0,"player_choice":"Ignored","damage_taken":0,"max_hp_gain":0,"max_hp_loss":0,"event_name":"Tomb of Lord Red Mask","floor":36,"gold_loss":0},{"damage_healed":28,"gold_gain":0,"player_choice":"Writhe","damage_taken":0,"max_hp_gain":0,"max_hp_loss":0,"event_name":"Winding Halls","floor":38,"gold_loss":0,"cards_obtained":["Writhe"]},{"damage_healed":0,"gold_gain":0,"player_choice":"Fight","damage_taken":0,"max_hp_gain":0,"max_hp_loss":0,"event_name":"MindBloom","floor":48,"gold_loss":0}],"is_beta":false,"boss_relics":[{"not_picked":["Empty Cage","Tiny House"],"picked":"Astrolabe"},{"not_picked":["Black Blood","Eternal Feather"],"picked":"Runic Pyramid"}],"items_purged_floors":[29,39],"is_endless":false,"potions_floor_spawned":[4,8,16,22,25,28,31,37,40,44],"ascension_level":2}