{"gold_per_floor":[119,119,130,205,205,223,223,223,302,49,65,84,157,222,222,311,311,331,381,299,299,211,211],"floor_reached":23,"playtime":734,"items_purged":["Strike_B","Writhe"],"score":454,"play_id":"cb954295-2ece-4148-8332-2eb99a1dd318","local_time":"20190326105607","is_ascension_mode":true,"campfire_choices":[{"data":"Hologram","floor":15,"key":"SMITH"}],"neow_cost":"NONE","seed_source_timestamp":1146477472826943,"circlet_count":0,"master_deck":["AscendersBane","Strike_B","Strike_B","Defend_B","Defend_B","Defend_B","Defend_B","Zap","Dualcast","Sunder+1","Cold Snap","Hologram+1","Seek","Conserve Battery","Seek","Cold Snap","Glacier","Glacier"],"relics":["Cracked Core","WingedGreaves","Golden Idol","Tiny Chest","Membership Card","Singing Bowl","Inserter","Pen Nib"],"potions_floor_usage":[11,16],"damage_taken":[{"damage":0,"enemies":"2 Louse","floor":1,"turns":2},{"damage":2,"enemies":"Jaw Worm","floor":3,"turns":3},{"damage":1,"enemies":"Cultist","floor":6,"turns":3},{"damage":0,"enemies":"Exordium Thugs","floor":11,"turns":4},{"damage":1,"enemies":"Large Slime","floor":12,"turns":6},{"damage":8,"enemies":"3 Sentries","floor":14,"turns":8},{"damage":0,"enemies":"Slime Boss","floor":16,"turns":6},{"damage":26,"enemies":"2 Thieves","floor":18,"turns":5},{"damage":27,"enemies":"Gremlin Leader","floor":23,"turns":8}],"seed_played":"-1848903125095294368","potions_obtained":[{"floor":1,"key":"Energy Potion"},{"floor":14,"key":"PowerPotion"}],"is_trial":false,"path_per_floor":["M","?","M","?","?","M","T","?","T","$","M","M","?","?","R","B",null,"M","?","$","?","$","E"],"character_chosen":"DEFECT","items_purchased":["Membership Card","Seek","Glacier","Glacier"],"campfire_rested":0,"item_purchase_floors":[10,10,20,22],"current_hp_per_floor":[64,69,67,56,56,55,55,29,29,29,29,28,28,22,22,22,64,38,38,38,38,38,11],"gold":211,"neow_bonus":"TRANSFORM_CARD","is_prod":false,"is_daily":false,"chose_seed":false,"campfire_upgraded":1,"win_rate":0,"timestamp":1553612167,"path_taken":["M","?","M","?","?","?","?","?","T","?","?","?","?","?","R","BOSS","M","?","$","?","$","E"],"build_version":"2019-03-15","purchased_purges":2,"victory":false,"max_hp_per_floor":[71,76,76,76,76,76,76,76,76,76,76,76,76,78,78,78,78,78,78,78,78,78,78],"card_choices":[{"not_picked":["Lockon","Doom and Gloom","Streamline"],"picked":"SKIP","floor":1},{"not_picked":["Blizzard","Tempest"],"picked":"Cold Snap","floor":3},{"not_picked":["Coolheaded","Barrage"],"picked":"Hologram","floor":6},{"not_picked":["Cold Snap","Ball Lightning"],"picked":"Conserve Battery","floor":11},{"not_picked":["Turbo","Scrape","Sunder"],"picked":"SKIP","floor":12},{"not_picked":["Capacitor","Turbo","Leap"],"picked":"Singing Bowl","floor":14},{"not_picked":["Reboot","Meteor Strike"],"picked":"Seek","floor":16},{"not_picked":["Stack","Compile Driver"],"picked":"Cold Snap","floor":18}],"player_experience":1292502,"relics_obtained":[{"floor":7,"key":"WingedGreaves"},{"floor":9,"key":"Tiny Chest"},{"floor":14,"key":"Singing Bowl"}],"event_choices":[{"damage_healed":0,"gold_gain":0,"player_choice":"Donut","damage_taken":0,"max_hp_gain":5,"max_hp_loss":0,"event_name":"Big Fish","floor":2,"gold_loss":0},{"damage_healed":0,"gold_gain":75,"player_choice":"Gather Gold","damage_taken":11,"max_hp_gain":0,"max_hp_loss":0,"event_name":"World of Goop","floor":4,"gold_loss":0},{"damage_healed":0,"gold_gain":0,"player_choice":"Forge","damage_taken":0,"max_hp_gain":0,"max_hp_loss":0,"event_name":"Accursed Blacksmith","floor":5,"gold_loss":0,"cards_upgraded":["Sunder"]},{"damage_healed":0,"gold_gain":0,"player_choice":"Take Damage","damage_taken":26,"relics_obtained":["Golden Idol"],"max_hp_gain":0,"max_hp_loss":0,"event_name":"Golden Idol","floor":8,"gold_loss":0},{"damage_healed":0,"gold_gain":73,"player_choice":"Gained Gold","damage_taken":0,"max_hp_gain":0,"max_hp_loss":0,"event_name":"Golden Wing","floor":13,"gold_loss":0},{"damage_healed":0,"gold_gain":30,"player_choice":"Searched \u00272\u0027 times","damage_taken":0,"max_hp_gain":0,"max_hp_loss":0,"event_name":"Dead Adventurer","floor":14,"gold_loss":0},{"damage_healed":0,"gold_gain":50,"player_choice":"Stole From Cult","damage_taken":0,"max_hp_gain":0,"max_hp_loss":0,"event_name":"Nest","floor":19,"gold_loss":0},{"damage_healed":0,"gold_gain":0,"player_choice":"Opened","damage_taken":0,"relics_obtained":["Pen Nib"],"max_hp_gain":0,"max_hp_loss":0,"event_name":"The Mausoleum","floor":21,"gold_loss":0,"cards_obtained":["Writhe"]}],"is_beta":true,"boss_relics":[{"not_picked":["Eternal Feather","Sozu"],"picked":"Inserter"}],"items_purged_floors":[20,22],"is_endless":false,"potions_floor_spawned":[1,14],"killed_by":"Gremlin Leader","ascension_level":20}