{"gold_per_floor":[112,129,139,152,170,170,204,204,230,230,246,261,261,17,17,120,120,139,152,169,169,189,189,217,217,243,275,292,309,327,426,426,524,524,538,558,573,146,165,165,165,200,272,297,297,328,328,345,345,345,345,345,35,69,69],"floor_reached":56,"playtime":4046,"items_purged":["Strike_R","Strike_R","Strike_R"],"score":1611,"play_id":"39ce3035-5923-4716-8d1b-d826a10c83f1","local_time":"20190325111515","is_ascension_mode":true,"campfire_choices":[{"data":"Immolate","floor":6.0,"key":"SMITH"},{"data":"Bash","floor":8.0,"key":"SMITH"},{"data":"Clothesline","floor":10.0,"key":"SMITH"},{"data":"Pommel Strike","floor":13.0,"key":"SMITH"},{"data":"Armaments","floor":15.0,"key":"SMITH"},{"data":"Shockwave","floor":23.0,"key":"SMITH"},{"data":"Shrug It Off","floor":25.0,"key":"SMITH"},{"data":"Heavy Blade","floor":32.0,"key":"SMITH"},{"data":"Demon Form","floor":40.0,"key":"SMITH"},{"floor":45.0,"key":"RECALL"},{"data":"Spot Weakness","floor":47.0,"key":"SMITH"},{"data":"Shrug It Off","floor":49.0,"key":"SMITH"},{"data":"Impervious","floor":52.0,"key":"SMITH"}],"neow_cost":"NONE","seed_source_timestamp":349055741603900,"circlet_count":0,"master_deck":["Strike_R","Strike_R","Defend_R","Defend_R","Defend_R","Defend_R","Bash+1","Shrug It Off+1","Anger","Iron Wave","Headbutt","Immolate+1","Clothesline+1","Spot Weakness+1","Pommel Strike+1","Armaments+1","Reaper","Corruption+1","Shockwave+1","Headbutt","Impervious+1","Shrug It Off+1","Heavy Blade+1","Spot Weakness","Demon Form+1","Armaments+1","Battle Trance+1","Inflame","Heavy Blade+1","Immolate+1","True Grit+1","Dark Embrace","Pommel Strike+1","Magnetism"],"special_seed":0,"relics":["Burning Blood","Dream Catcher","Happy Flower","Orichalcum","Snecko Eye","Blood Vial","Omamori","Lantern","Coffee Dripper","Molten Egg 2","Bag of Marbles","Oddly Smooth Stone","Bottled Lightning","Torii"],"potions_floor_usage":[55,55,55,55,55,55,55,55],"damage_taken":[{"damage":1.0,"enemies":"Cultist","floor":1.0,"turns":4.0},{"damage":4.0,"enemies":"Jaw Worm","floor":2.0,"turns":6.0},{"damage":2.0,"enemies":"2 Louse","floor":3.0,"turns":3.0},{"damage":23.0,"enemies":"Exordium Thugs","floor":4.0,"turns":5.0},{"damage":1.0,"enemies":"2 Fungi Beasts","floor":5.0,"turns":4.0},{"damage":9.0,"enemies":"Lagavulin","floor":7.0,"turns":7.0},{"damage":5.0,"enemies":"Red Slaver","floor":11.0,"turns":4.0},{"damage":0.0,"enemies":"Large Slime","floor":12.0,"turns":3.0},{"damage":28.0,"enemies":"Hexaghost","floor":16.0,"turns":8.0},{"damage":17.0,"enemies":"2 Thieves","floor":18.0,"turns":3.0},{"damage":0.0,"enemies":"Chosen","floor":19.0,"turns":4.0},{"damage":0.0,"enemies":"Snecko","floor":20.0,"turns":4.0},{"damage":0.0,"enemies":"Centurion and Healer","floor":22.0,"turns":3.0},{"damage":21.0,"enemies":"Book of Stabbing","floor":24.0,"turns":4.0},{"damage":11.0,"enemies":"Gremlin Leader","floor":27.0,"turns":5.0},{"damage":3.0,"enemies":"Snake Plant","floor":28.0,"turns":4.0},{"damage":10.0,"enemies":"Shelled Parasite and Fungi","floor":29.0,"turns":4.0},{"damage":13.0,"enemies":"Centurion and Healer","floor":30.0,"turns":4.0},{"damage":45.0,"enemies":"Champ","floor":33.0,"turns":10.0},{"damage":0.0,"enemies":"3 Darklings","floor":35.0,"turns":4.0},{"damage":0.0,"enemies":"3 Shapes","floor":36.0,"turns":1.0},{"damage":14.0,"enemies":"Writhing Mass","floor":37.0,"turns":5.0},{"damage":6.0,"enemies":"Sphere and 2 Shapes","floor":39.0,"turns":3.0},{"damage":4.0,"enemies":"Reptomancer","floor":42.0,"turns":2.0},{"damage":19.0,"enemies":"Nemesis","floor":44.0,"turns":5.0},{"damage":0.0,"enemies":"Giant Head","floor":46.0,"turns":4.0},{"damage":0.0,"enemies":"Spire Growth","floor":48.0,"turns":2.0},{"damage":17.0,"enemies":"Awakened One","floor":50.0,"turns":6.0},{"damage":16.0,"enemies":"Shield and Spear","floor":54.0,"turns":4.0},{"damage":35,"enemies":"The Heart","floor":55,"turns":5}],"seed_played":"-4341781187701434441","potions_obtained":[{"floor":5.0,"key":"Block Potion"},{"floor":7.0,"key":"Energy Potion"},{"floor":12.0,"key":"BloodPotion"},{"floor":18.0,"key":"FearPotion"},{"floor":20.0,"key":"BloodPotion"},{"floor":28.0,"key":"SteroidPotion"},{"floor":44.0,"key":"EntropicBrew"}],"is_trial":false,"path_per_floor":["M","M","M","M","M","R","E","R","T","R","M","M","R","$","R","B",null,"M","M","M","?","M","R","E","R","T","E","M","M","M","?","R","B",null,"M","M","M","$","M","R","?","E","T","E","R","E","R","M","R","B",null,"R","$","E","B",null],"character_chosen":"IRONCLAD","items_purchased":["Orichalcum","Armaments","Inflame","Molten Egg 2","Magnetism"],"campfire_rested":0,"item_purchase_floors":[14,14,38,38,53],"current_hp_per_floor":[85,87,88,71,76,76,73,73,73,73,74,80,80,80,80,58,81,77,88,88,71,77,77,74,74,74,86,91,93,93,93,93,69,87,93,93,91,91,93,93,88,88,88,88,88,88,88,88,88,88,88,88,88,88,67],"gold":69,"neow_bonus":"TEN_PERCENT_HP_BONUS","is_prod":false,"is_daily":false,"chose_seed":false,"campfire_upgraded":12,"win_rate":1,"timestamp":1553537715,"path_taken":["M","?","M","M","M","R","E","R","T","R","M","M","R","$","R","BOSS","M","M","M","?","M","R","E","R","T","E","M","M","M","?","R","BOSS","M","M","M","$","M","R","?","E","T","E","R","E","R","M","R","BOSS","R","$","E","BOSS"],"build_version":"2019-01-23","purchased_purges":3,"victory":true,"max_hp_per_floor":[88,88,88,88,88,88,88,88,88,88,88,88,88,88,88,88,88,88,88,88,93,93,93,93,93,93,93,93,93,93,93,93,93,93,93,93,93,93,93,93,88,88,88,88,88,88,88,88,88,88,88,88,88,88,88],"card_choices":[{"not_picked":["Warcry","Perfected Strike"],"picked":"Shrug It Off","floor":1.0},{"not_picked":["Dual Wield","Headbutt"],"picked":"Anger","floor":2.0},{"not_picked":["Armaments","Twin Strike"],"picked":"Iron Wave","floor":3.0},{"not_picked":["Anger","Wild Strike"],"picked":"Headbutt","floor":4.0},{"not_picked":["Rupture","Clothesline"],"picked":"Immolate","floor":5.0},{"not_picked":["Iron Wave","True Grit"],"picked":"Clothesline","floor":7.0},{"not_picked":["Perfected Strike","Uppercut"],"picked":"Spot Weakness","floor":11.0},{"not_picked":["Reckless Charge","Warcry"],"picked":"Pommel Strike","floor":12.0},{"not_picked":["Brutality","Fiend Fire"],"picked":"Reaper","floor":16.0},{"not_picked":["Dropkick","Perfected Strike"],"picked":"Corruption+1","floor":18.0},{"not_picked":["Havoc","Headbutt+1"],"picked":"Shockwave","floor":19.0},{"not_picked":["Pommel Strike","Bloodletting","Havoc"],"picked":"SKIP","floor":20.0},{"not_picked":["Sever Soul","True Grit"],"picked":"Headbutt","floor":22.0},{"not_picked":["Whirlwind","Rampage"],"picked":"Impervious","floor":24.0},{"not_picked":["Perfected Strike","Corruption+1"],"picked":"Shrug It Off","floor":27.0},{"not_picked":["Infernal Blade+1","Iron Wave","Wild Strike"],"picked":"SKIP","floor":28.0},{"not_picked":["Evolve+1","Clash+1"],"picked":"Heavy Blade","floor":29.0},{"not_picked":["Armaments","Sword Boomerang+1"],"picked":"Spot Weakness","floor":30.0},{"not_picked":["Limit Break","Berserk"],"picked":"Demon Form","floor":33.0},{"not_picked":["True Grit","Body Slam"],"picked":"Armaments+1","floor":35.0},{"not_picked":["Twin Strike+1","Thunderclap"],"picked":"Battle Trance+1","floor":36.0},{"not_picked":["Second Wind","Cleave+1","Combust"],"picked":"SKIP","floor":37.0},{"not_picked":["Shockwave","Carnage+1"],"picked":"Heavy Blade+1","floor":39.0},{"not_picked":["Power Through","Twin Strike+1"],"picked":"Immolate+1","floor":42.0},{"not_picked":["Rage","Pommel Strike+1"],"picked":"True Grit+1","floor":44.0},{"not_picked":["Entrench+1","Twin Strike+1"],"picked":"Dark Embrace","floor":46.0},{"not_picked":["Entrench","Carnage+1"],"picked":"Pommel Strike+1","floor":48.0},{"not_picked":["Pommel Strike+1","Iron Wave+1","Body Slam+1"],"picked":"SKIP","floor":54.0}],"player_experience":85708,"relics_obtained":[{"floor":7.0,"key":"Dream Catcher"},{"floor":9.0,"key":"Happy Flower"},{"floor":24.0,"key":"Blood Vial"},{"floor":26.0,"key":"Omamori"},{"floor":27.0,"key":"Lantern"},{"floor":42.0,"key":"Bag of Marbles"},{"floor":44.0,"key":"Oddly Smooth Stone"},{"floor":46.0,"key":"Bottled Lightning"},{"floor":54.0,"key":"Torii"}],"event_choices":[{"damage_healed":0.0,"max_hp_gain":5.0,"max_hp_loss":0.0,"gold_gain":0.0,"event_name":"Forgotten Altar","player_choice":"Shed Blood","floor":21.0,"gold_loss":0.0,"damage_taken":22.0},{"damage_healed":0.0,"max_hp_gain":0.0,"max_hp_loss":0.0,"gold_gain":99.0,"event_name":"Nest","player_choice":"Stole From Cult","floor":31.0,"gold_loss":0.0,"damage_taken":0.0},{"damage_healed":0.0,"max_hp_gain":0.0,"max_hp_loss":5.0,"gold_gain":0.0,"event_name":"Winding Halls","player_choice":"Max HP","floor":41.0,"gold_loss":0.0,"damage_taken":0.0}],"is_beta":false,"boss_relics":[{"not_picked":["Runic Dome","Empty Cage"],"picked":"Snecko Eye"},{"not_picked":["Philosopher\u0027s Stone","Fusion Hammer"],"picked":"Coffee Dripper"}],"items_purged_floors":[14,38,53],"is_endless":false,"potions_floor_spawned":[5,7,12,18,20,22,28,30,33,37,42,44,46],"ascension_level":7}