{"gold_per_floor":[115,115,74,74,101,135,145,145,145,145,155,10,10,26,26,130,130,145,165,165,165,179,179,179],"floor_reached":24,"playtime":1338,"items_purged":[],"score":194,"play_id":"be35cc70-443b-4056-9e27-66775238796a","local_time":"20180725234020","is_ascension_mode":false,"campfire_choices":[{"floor":8,"key":"REST"},{"data":"Defend_B","floor":10,"key":"SMITH"},{"floor":15,"key":"REST"},{"floor":23,"key":"REST"}],"neow_cost":"NONE","seed_source_timestamp":2252530923647997,"circlet_count":0,"master_deck":["Strike_B","Strike_B","Strike_B","Defend_B+1","Defend_B","Defend_B","Defend_B+1","Zap","Dualcast"],"relics":["Cracked Core","Orichalcum","Juzu Bracelet","Unceasing Top","Bag of Preparation","Nuclear Battery"],"potions_floor_usage":[16,16,24,24],"damage_taken":[{"damage":3,"enemies":"Small Slimes","floor":1,"turns":3},{"damage":30,"enemies":"Gremlin Nob","floor":6,"turns":6},{"damage":7,"enemies":"2 Louse","floor":7,"turns":2},{"damage":0,"enemies":"Cultist","floor":11,"turns":3},{"damage":20,"enemies":"Exordium Wildlife","floor":14,"turns":6},{"damage":37,"enemies":"Slime Boss","floor":16,"turns":14},{"damage":11,"enemies":"Spheric Guardian","floor":18,"turns":4},{"damage":17,"enemies":"Shell Parasite","floor":19,"turns":11},{"damage":12,"enemies":"Snecko","floor":22,"turns":6},{"damage":51,"enemies":"3 Cultists","floor":24,"turns":6}],"seed_played":"-8852282398672139837","potions_obtained":[{"floor":6,"key":"SpeedPotion"},{"floor":11,"key":"FocusPotion"},{"floor":16,"key":"Explosive Potion"},{"floor":22,"key":"Weak Potion"}],"is_trial":false,"path_per_floor":["M","?","?","$","T","E","M","R","T","R","M","$","?","M","R","B",null,"M","M","?","?","M","R"],"character_chosen":"DEFECT","items_purchased":["Bag of Preparation"],"campfire_rested":3,"item_purchase_floors":[12],"current_hp_per_floor":[72,72,72,72,72,42,35,57,57,57,57,57,57,37,59,22,75,64,47,33,33,21,45,0],"gold":179,"neow_bonus":"UPGRADE_CARD","is_prod":false,"is_daily":false,"chose_seed":false,"campfire_upgraded":1,"win_rate":0,"timestamp":1532558420,"path_taken":["M","?","?","$","?","E","M","R","T","R","M","?","?","M","R","BOSS","M","M","?","?","M","R","M"],"build_version":"2018-07-19v2","purchased_purges":0,"victory":false,"max_hp_per_floor":[75,75,75,75,75,75,75,75,75,75,75,75,75,75,75,75,75,75,75,80,80,80,80,80],"card_choices":[{"not_picked":["Redo","Hello World","Beam Cell"],"picked":"SKIP","floor":1},{"not_picked":["Darkness","Force Field","Sweeping Beam"],"picked":"SKIP","floor":6},{"not_picked":["Cold Snap","Double Energy","Streamline"],"picked":"SKIP","floor":7},{"not_picked":["Compile Driver","Blizzard","Rebound"],"picked":"SKIP","floor":11},{"not_picked":["Streamline","Rebound","Steam"],"picked":"SKIP","floor":14},{"not_picked":["Go for the Eyes+1","Turbo+1","Rebound"],"picked":"SKIP","floor":18},{"not_picked":["Cold Snap","Sweeping Beam+1","Barrage"],"picked":"SKIP","floor":19},{"not_picked":["Sweeping Beam+1","Force Field","Cold Snap"],"picked":"SKIP","floor":22}],"player_experience":226595,"relics_obtained":[{"floor":5,"key":"Orichalcum"},{"floor":6,"key":"Juzu Bracelet"},{"floor":9,"key":"Unceasing Top"}],"event_choices":[{"event_name":"Liars Game","player_choice":"disagreed","floor":2,"damage_taken":0},{"event_name":"World of Goop","player_choice":"Left","floor":3,"damage_taken":0},{"event_name":"Living Wall","player_choice":"Forget","floor":13,"damage_taken":0},{"event_name":"Forgotten Altar","player_choice":"Shed Blood","floor":20,"damage_taken":0},{"event_name":"Drug Dealer","player_choice":"Ignored","floor":21,"damage_taken":0}],"is_beta":false,"boss_relics":[{"not_picked":["Ectoplasm","White Beast Statue"],"picked":"Nuclear Battery"}],"items_purged_floors":[],"is_endless":false,"potions_floor_spawned":[6,11,16,22],"killed_by":"3 Cultists","ascension_level":0}