{"gold_per_floor":[114,189,204,204,219,219,234,234,259,289,304,79,94,109,109,209,209,224,239,254,254,269,269,102,117,117,117,132,132,162,177,177,277,277,292,307,322,123,138,168,180,207,219,231,243,255,0,27,39,51],"floor_reached":51,"playtime":2393,"items_purged":["Regret","Pain","Decay"],"score":855,"play_id":"3a4a29e3-bb99-4003-a7c7-955f8a84b2e8","local_time":"20180901205806","daily_mods":["Shiny","Cursed Run","Uncertain Future"],"is_ascension_mode":false,"campfire_choices":[{"floor":6,"key":"REST"},{"data":"Limit Break","floor":8,"key":"SMITH"},{"floor":15,"key":"REST"},{"data":"Feel No Pain","floor":23,"key":"SMITH"},{"data":"1","floor":29,"key":"LIFT"},{"data":"2","floor":32,"key":"LIFT"},{"data":"3","floor":41,"key":"LIFT"},{"data":"Barricade","floor":45,"key":"SMITH"},{"data":"Offering","floor":49,"key":"SMITH"}],"neow_cost":"","seed_source_timestamp":0,"circlet_count":0,"master_deck":["Double Tap","Demon Form","Bludgeon","Feed","Limit Break+1","Barricade+1","Fiend Fire","Dark Embrace","Berserk","Impervious","Juggernaut","Brutality","Reaper","Exhume+1","Offering+1","Immolate","Body Slam","Flex+1","Flex+1","Shockwave+1","Limit Break+1","Inflame+1","Feel No Pain+1","Ghostly Armor+1","Clumsy","Seeing Red+1","Limit Break+1","Limit Break+1","Whirlwind+1","Seeing Red+1","Limit Break+1","Doubt"],"special_seed":17775,"relics":["Cursed Key","Darkstone Periapt","Du-Vu Doll","Toxic Egg 2","Oddly Smooth Stone","Ornamental Fan","Vajra","Runic Cube","Girya","Orichalcum","Lizard Tail","MawBank","Red Mask"],"potions_floor_usage":[18,25,28,28,30,37,40],"damage_taken":[{"damage":0,"enemies":"Jaw Worm","floor":1,"turns":2},{"damage":6,"enemies":"2 Louse","floor":3,"turns":1},{"damage":6,"enemies":"Cultist","floor":5,"turns":3},{"damage":6,"enemies":"Large Slime","floor":7,"turns":2},{"damage":42,"enemies":"Lagavulin","floor":10,"turns":4},{"damage":0,"enemies":"3 Louse","floor":11,"turns":1},{"damage":10,"enemies":"Looter","floor":13,"turns":2},{"damage":16,"enemies":"Exordium Wildlife","floor":14,"turns":4},{"damage":6,"enemies":"Slime Boss","floor":16,"turns":3},{"damage":30,"enemies":"3 Byrds","floor":18,"turns":5},{"damage":20,"enemies":"Shell Parasite","floor":19,"turns":2},{"damage":14,"enemies":"Centurion and Healer","floor":20,"turns":3},{"damage":27,"enemies":"3 Cultists","floor":22,"turns":3},{"damage":18,"enemies":"Cultist and Chosen","floor":25,"turns":8},{"damage":28,"enemies":"Shelled Parasite and Fungi","floor":28,"turns":4},{"damage":18,"enemies":"Book of Stabbing","floor":30,"turns":3},{"damage":10,"enemies":"Centurion and Healer","floor":31,"turns":4},{"damage":76,"enemies":"Automaton","floor":33,"turns":9},{"damage":37,"enemies":"Orb Walker","floor":35,"turns":4},{"damage":47,"enemies":"3 Darklings","floor":36,"turns":3},{"damage":13,"enemies":"4 Shapes","floor":37,"turns":6},{"damage":6,"enemies":"Transient","floor":39,"turns":5},{"damage":20,"enemies":"Nemesis","floor":40,"turns":5},{"damage":6,"enemies":"Reptomancer","floor":42,"turns":2},{"damage":6,"enemies":"Spire Growth","floor":48,"turns":3},{"damage":61,"enemies":"Time Eater","floor":50,"turns":7}],"seed_played":"7006954628493323479","potions_obtained":[{"floor":1,"key":"SkillPotion"},{"floor":11,"key":"SkillPotion"},{"floor":14,"key":"SpeedPotion"},{"floor":19,"key":"FearPotion"},{"floor":28,"key":"LiquidBronze"},{"floor":31,"key":"SneckoOil"},{"floor":36,"key":"Explosive Potion"},{"floor":37,"key":"BloodPotion"},{"floor":39,"key":"SteroidPotion"}],"is_trial":false,"path_per_floor":["M","?","M","?","M","R","M","R","T","E","M","$","M","M","R","B",null,"M","M","M","?","M","R","$","M","T","?","M","R","E","M","R","B",null,"M","M","M","$","M","E","R","M","T","?","R","?","?","M","R","B"],"character_chosen":"IRONCLAD","items_purchased":["Vajra","Ghostly Armor+1","Seeing Red+1"],"campfire_rested":2,"item_purchase_floors":[12,24,38],"current_hp_per_floor":[80,69,63,60,58,80,74,74,80,39,39,39,34,28,53,56,95,85,89,100,100,101,101,101,104,110,110,110,110,92,85,85,46,122,88,104,128,128,128,125,125,119,119,119,119,119,119,113,113,61],"gold":63,"neow_bonus":"","is_prod":false,"is_daily":true,"chose_seed":false,"campfire_upgraded":4,"win_rate":0,"timestamp":1535831886,"path_taken":["M","?","M","?","?","R","M","R","T","E","M","$","M","M","R","BOSS","M","M","M","?","M","R","$","M","T","?","?","R","E","M","R","BOSS","M","M","M","$","M","E","R","M","T","?","R","?","?","M","R","BOSS"],"build_version":"2018-08-30","purchased_purges":3,"victory":true,"max_hp_per_floor":[80,80,80,80,80,80,80,80,86,86,86,86,86,86,86,95,95,98,98,101,101,101,101,101,104,110,110,110,110,110,113,113,122,122,125,125,128,128,128,131,131,131,131,131,131,131,131,131,131,140],"card_choices":[{"not_picked":["Hemokinesis","True Grit","Havoc"],"picked":"SKIP","floor":1},{"not_picked":["Wild Strike","True Grit"],"picked":"Body Slam","floor":3},{"not_picked":["Battle Trance+1","Sword Boomerang"],"picked":"Flex+1","floor":5},{"not_picked":["Sentinel+1","Perfected Strike"],"picked":"Flex+1","floor":7},{"not_picked":["Wild Strike","Reckless Charge","Pommel Strike"],"picked":"SKIP","floor":10},{"not_picked":["Dark Embrace","Heavy Blade"],"picked":"Shockwave+1","floor":11},{"not_picked":["Havoc+1","Anger","Dual Wield+1"],"picked":"SKIP","floor":13},{"not_picked":["Warcry+1","Anger","Wild Strike"],"picked":"SKIP","floor":14},{"not_picked":["Immolate","Juggernaut"],"picked":"Limit Break+1","floor":16},{"not_picked":["Iron Wave","Thunderclap","Twin Strike"],"picked":"SKIP","floor":18},{"not_picked":["Burning Pact+1","Anger"],"picked":"Inflame+1","floor":19},{"not_picked":["True Grit+1","Pommel Strike","Perfected Strike"],"picked":"SKIP","floor":20},{"not_picked":["Uppercut","Sever Soul"],"picked":"Feel No Pain","floor":22},{"not_picked":["Body Slam","Anger","Shockwave+1"],"picked":"SKIP","floor":25},{"not_picked":["True Grit+1","Rupture","Rage+1"],"picked":"SKIP","floor":28},{"not_picked":["Burning Pact+1","Body Slam+1"],"picked":"Seeing Red+1","floor":30},{"not_picked":["Body Slam","Thunderclap"],"picked":"Limit Break+1","floor":31},{"not_picked":["Immolate","Brutality"],"picked":"Limit Break+1","floor":33},{"not_picked":["Clothesline+1","Perfected Strike"],"picked":"Whirlwind+1","floor":35},{"not_picked":["Thunderclap","Anger+1","Burning Pact+1"],"picked":"SKIP","floor":36},{"not_picked":["Heavy Blade","Power Through+1","Thunderclap+1"],"picked":"SKIP","floor":37},{"not_picked":["Power Through+1","Thunderclap","Twin Strike"],"picked":"SKIP","floor":39},{"not_picked":["Bloodletting+1","Rampage","Metallicize"],"picked":"SKIP","floor":40},{"not_picked":["Metallicize+1","Armaments+1","Cleave"],"picked":"SKIP","floor":42},{"not_picked":["Shrug It Off+1","Spot Weakness+1","Pommel Strike"],"picked":"SKIP","floor":48}],"player_experience":482305,"relics_obtained":[{"floor":9,"key":"Oddly Smooth Stone"},{"floor":10,"key":"Ornamental Fan"},{"floor":26,"key":"Girya"},{"floor":30,"key":"Orichalcum"},{"floor":40,"key":"MawBank"}],"event_choices":[{"event_name":"World of Goop","player_choice":"Gather Gold","floor":2,"damage_taken":0},{"event_name":"Scrap Ooze","player_choice":"success","floor":4,"damage_taken":3},{"event_name":"The Mausoleum","player_choice":"No","floor":21,"damage_taken":0},{"event_name":"Accursed Blacksmith","player_choice":"Forge","floor":44,"damage_taken":0},{"event_name":"Duplicator","player_choice":"One dupe","floor":46,"damage_taken":0},{"event_name":"Tomb of Lord Red Mask","player_choice":"Paid","floor":47,"damage_taken":0}],"is_beta":false,"boss_relics":[{"not_picked":["Runic Dome","Astrolabe"],"picked":"Runic Cube"},{"not_picked":["Empty Cage","Calling Bell"],"picked":"Lizard Tail"}],"items_purged_floors":[12,24,38],"is_endless":false,"potions_floor_spawned":[1,11,14,19,22,28,31,36,37,39],"ascension_level":0}