{"gold_per_floor":[111,4,4,17,92,92,109,34,108,29,29,39,53,88,88,191,191,211,211,178,12,29,58,71,71,71,71,84,15,28,43,43,43],"floor_reached":33,"playtime":1990,"items_purged":["Doubt"],"score":294,"play_id":"c2aea82a-31da-4db5-8947-f14ca296e347","local_time":"20190309013057","is_ascension_mode":false,"campfire_choices":[{"data":"Shrug It Off","floor":6,"key":"SMITH"},{"data":"Flame Barrier","floor":11,"key":"SMITH"},{"floor":15,"key":"REST"},{"floor":25,"key":"REST"},{"floor":32,"key":"REST"}],"neow_cost":"CURSE","seed_source_timestamp":100146439574700,"circlet_count":0,"master_deck":["Strike_R","Strike_R","Strike_R","Strike_R","Strike_R","Defend_R","Defend_R","Defend_R","Defend_R","Bash","Bludgeon","Shrug It Off+1","Flame Barrier+1","Inflame","Feel No Pain","Flame Barrier","Battle Trance","Metallicize","Impervious","Whirlwind","Discovery","Second Wind","Clothesline","True Grit","Pommel Strike"],"relics":["Burning Blood","Strawberry","Mark of Pain","Singing Bowl","Lantern","Self Forming Clay","Potion Belt"],"potions_floor_usage":[12,23,24,28,31],"damage_taken":[{"damage":1,"enemies":"Cultist","floor":1,"turns":3},{"damage":2,"enemies":"Small Slimes","floor":4,"turns":4},{"damage":16,"enemies":"Jaw Worm","floor":7,"turns":4},{"damage":11,"enemies":"Lots of Slimes","floor":12,"turns":5},{"damage":9,"enemies":"Blue Slaver","floor":13,"turns":5},{"damage":31,"enemies":"Lagavulin","floor":14,"turns":13},{"damage":42,"enemies":"Slime Boss","floor":16,"turns":11},{"damage":0,"enemies":"3 Byrds","floor":18,"turns":5},{"damage":12,"enemies":"2 Thieves","floor":20,"turns":5},{"damage":37,"enemies":"Centurion and Healer","floor":22,"turns":10},{"damage":34,"enemies":"Book of Stabbing","floor":23,"turns":9},{"damage":20,"enemies":"Shelled Parasite and Fungi","floor":24,"turns":8},{"damage":6,"enemies":"Snecko","floor":28,"turns":5},{"damage":13,"enemies":"Centurion and Healer","floor":30,"turns":16},{"damage":10,"enemies":"Snake Plant","floor":31,"turns":7},{"damage":78,"enemies":"Automaton","floor":33,"turns":10}],"seed_played":"4344188212943045769","potions_obtained":[{"floor":4,"key":"Block Potion"},{"floor":7,"key":"BloodPotion"},{"floor":16,"key":"Strength Potion"},{"floor":22,"key":"Explosive Potion"},{"floor":23,"key":"Swift Potion"},{"floor":24,"key":"Poison Potion"},{"floor":30,"key":"Dexterity Potion"}],"is_trial":false,"path_per_floor":["M","$","?","M","?","R","M","$","T","$","R","M","M","E","R","B",null,"M","?","M","$","M","E","M","R","T","?","M","$","M","M","R","B"],"character_chosen":"IRONCLAD","items_purchased":["Flame Barrier","Inflame","Feel No Pain","Whirlwind","Discovery","True Grit","Pommel Strike"],"campfire_rested":3,"item_purchase_floors":[2,2,10,21,21,29,29],"current_hp_per_floor":[80,80,80,80,72,72,62,62,62,62,62,65,62,44,70,34,87,87,87,83,83,54,26,12,39,39,39,41,41,36,34,63,0],"gold":43,"neow_bonus":"THREE_RARE_CARDS","is_prod":false,"is_daily":false,"chose_seed":false,"campfire_upgraded":2,"win_rate":0,"timestamp":1552107657,"path_taken":["M","$","?","M","?","R","M","$","T","$","R","?","M","E","R","BOSS","M","?","?","$","M","E","M","R","T","?","M","?","M","M","R","BOSS"],"build_version":"2019-02-06","purchased_purges":1,"victory":false,"max_hp_per_floor":[80,80,80,80,80,80,80,80,80,80,80,80,80,87,87,87,87,87,87,89,89,91,91,91,91,91,91,93,93,95,97,97,97],"card_choices":[{"not_picked":["Brutality","Reaper"],"picked":"Bludgeon","floor":0},{"not_picked":["True Grit","Fire Breathing"],"picked":"Shrug It Off","floor":1},{"not_picked":["Havoc","Warcry","Searing Blow"],"picked":"SKIP","floor":4},{"not_picked":["Bloodletting","Body Slam","Thunderclap"],"picked":"SKIP","floor":7},{"not_picked":["Sentinel","Fire Breathing"],"picked":"Flame Barrier","floor":12},{"not_picked":["Perfected Strike","Carnage"],"picked":"Battle Trance","floor":13},{"not_picked":["Clash","Spot Weakness"],"picked":"Metallicize","floor":14},{"not_picked":["Juggernaut","Brutality"],"picked":"Impervious","floor":16},{"not_picked":["Rampage","Shrug It Off+1","Wild Strike"],"picked":"SKIP","floor":18},{"not_picked":["Perfected Strike","Feel No Pain","Carnage"],"picked":"Singing Bowl","floor":20},{"not_picked":["True Grit","Battle Trance","Headbutt"],"picked":"Singing Bowl","floor":22},{"not_picked":["Body Slam","Anger"],"picked":"Second Wind","floor":23},{"not_picked":["Body Slam","Brutality"],"picked":"Clothesline","floor":24},{"not_picked":["Armaments","Body Slam","True Grit"],"picked":"Singing Bowl","floor":28},{"not_picked":["Offering","Body Slam","Sword Boomerang"],"picked":"Singing Bowl","floor":30},{"not_picked":["Perfected Strike","Warcry","Corruption+1"],"picked":"Singing Bowl","floor":31}],"player_experience":696527,"relics_obtained":[{"floor":14,"key":"Strawberry"},{"floor":23,"key":"Lantern"},{"floor":26,"key":"Self Forming Clay"}],"event_choices":[{"damage_healed":0,"gold_gain":0,"player_choice":"Leave","damage_taken":0,"max_hp_gain":0,"max_hp_loss":0,"event_name":"The Cleric","floor":3,"gold_loss":0},{"damage_healed":0,"gold_gain":75,"player_choice":"Touch","damage_taken":8,"max_hp_gain":0,"max_hp_loss":0,"event_name":"FaceTrader","floor":5,"gold_loss":0},{"damage_healed":0,"gold_gain":0,"player_choice":"Gave Potion","damage_taken":0,"relics_obtained":["Singing Bowl"],"max_hp_gain":0,"max_hp_loss":0,"event_name":"WeMeetAgain","floor":19,"gold_loss":0},{"damage_healed":0,"gold_gain":0,"player_choice":"Opened","damage_taken":0,"relics_obtained":["Potion Belt"],"max_hp_gain":0,"max_hp_loss":0,"event_name":"The Mausoleum","floor":27,"gold_loss":0}],"is_beta":true,"boss_relics":[{"not_picked":["Ectoplasm","Fusion Hammer"],"picked":"Mark of Pain"}],"items_purged_floors":[8],"is_endless":false,"potions_floor_spawned":[4,7,16,22,23,24,30],"killed_by":"Automaton","ascension_level":0}