{"gold_per_floor":[218,218,237,237,247,247,281,281,281,291,291,86,86,101,101,178,178,196,169,17,35,35,35,68,68,94,123,138,138],"floor_reached":29,"playtime":1529,"items_purged":["Strike_R"],"score":579,"play_id":"71fb17fa-8f92-412b-a01a-e081c2c9c703","local_time":"20190325161654","is_ascension_mode":true,"campfire_choices":[{"data":"Uppercut","floor":6,"key":"SMITH"},{"data":"Shrug It Off","floor":11,"key":"SMITH"},{"data":"Body Slam","floor":13,"key":"SMITH"},{"floor":15,"key":"REST"},{"floor":23,"key":"REST"},{"data":"Shrug It Off","floor":25,"key":"SMITH"}],"neow_cost":"NONE","seed_source_timestamp":5997248355060,"circlet_count":0,"master_deck":["AscendersBane","Strike_R","Strike_R","Strike_R","Strike_R","Defend_R","Defend_R","Defend_R","Defend_R","Bash","Clothesline","Uppercut+1","Shrug It Off+1","Barricade+1","Metallicize+1","Body Slam+1","Metallicize+1","Offering","Disarm","Shrug It Off+1","Inflame+1","Parasite","Shrug It Off","Disarm"],"relics":["Burning Blood","Turnip","Sundial","Frozen Egg 2","Cursed Key","Gremlin Horn","Boot","Red Skull"],"potions_floor_usage":[19,21,24,27,28],"damage_taken":[{"damage":7,"enemies":"Cultist","floor":1,"turns":4},{"damage":16,"enemies":"Jaw Worm","floor":3,"turns":6},{"damage":5,"enemies":"Small Slimes","floor":5,"turns":4},{"damage":24,"enemies":"Gremlin Nob","floor":7,"turns":4},{"damage":8,"enemies":"2 Fungi Beasts","floor":10,"turns":4},{"damage":5,"enemies":"Blue Slaver","floor":14,"turns":5},{"damage":0,"enemies":"Hexaghost","floor":16,"turns":10},{"damage":12,"enemies":"Shell Parasite","floor":18,"turns":7},{"damage":15,"enemies":"2 Thieves","floor":19,"turns":4},{"damage":37,"enemies":"Cultist and Chosen","floor":21,"turns":8},{"damage":14,"enemies":"Gremlin Leader","floor":24,"turns":7},{"damage":33,"enemies":"Book of Stabbing","floor":27,"turns":8},{"damage":5,"enemies":"3 Cultists","floor":28,"turns":7},{"damage":16,"enemies":"Shelled Parasite and Fungi","floor":29,"turns":1}],"seed_played":"-23468270423943210","potions_obtained":[{"floor":5,"key":"Explosive Potion"},{"floor":18,"key":"FearPotion"},{"floor":24,"key":"Strength Potion"},{"floor":27,"key":"Weak Potion"}],"is_trial":false,"path_per_floor":["M","?","M","?","M","R","E","T","T","M","R","$","R","M","R","B",null,"M","M","$","M","?","R","E","R","T","E","M","M"],"character_chosen":"IRONCLAD","items_purchased":["Metallicize+1","Body Slam","Shrug It Off","Inflame+1","PowerPotion"],"campfire_rested":2,"item_purchase_floors":[12,12,20,20,20],"current_hp_per_floor":[67,67,57,52,53,53,35,35,35,33,33,33,33,34,56,62,72,66,57,57,26,26,48,40,40,40,13,14,0],"gold":138,"neow_bonus":"HUNDRED_GOLD","is_prod":false,"is_daily":false,"chose_seed":false,"campfire_upgraded":4,"win_rate":0,"timestamp":1553527014,"path_taken":["M","?","M","?","M","R","E","?","T","M","R","$","R","M","R","BOSS","M","M","$","M","?","R","E","R","T","E","M","?"],"build_version":"2019-01-23","purchased_purges":1,"victory":false,"max_hp_per_floor":[75,75,75,75,75,75,75,75,75,75,75,75,75,75,75,75,75,75,75,75,75,75,75,75,75,75,75,75,75],"card_choices":[{"not_picked":["Sword Boomerang","Hemokinesis","Dual Wield"],"picked":"SKIP","floor":1},{"not_picked":["Havoc","Bludgeon"],"picked":"Clothesline","floor":3},{"not_picked":["Pommel Strike","Havoc"],"picked":"Uppercut","floor":5},{"not_picked":["Cleave","Clash"],"picked":"Shrug It Off","floor":7},{"not_picked":["Perfected Strike","Warcry"],"picked":"Barricade+1","floor":10},{"not_picked":["Warcry","Spot Weakness"],"picked":"Metallicize+1","floor":14},{"not_picked":["Immolate","Reaper"],"picked":"Offering","floor":16},{"not_picked":["Iron Wave","Blood for Blood","Flex"],"picked":"SKIP","floor":18},{"not_picked":["True Grit+1","Reckless Charge"],"picked":"Disarm","floor":19},{"not_picked":["Dropkick","Clash","Sword Boomerang"],"picked":"SKIP","floor":21},{"not_picked":["Sentinel","Intimidate","Sword Boomerang"],"picked":"SKIP","floor":24},{"not_picked":["Havoc","Immolate"],"picked":"Shrug It Off","floor":27},{"not_picked":["Ghostly Armor","True Grit"],"picked":"Disarm","floor":28}],"player_experience":773689,"relics_obtained":[{"floor":8,"key":"Sundial"},{"floor":9,"key":"Frozen Egg 2"},{"floor":24,"key":"Gremlin Horn"},{"floor":26,"key":"Boot"},{"floor":27,"key":"Red Skull"}],"event_choices":[{"damage_healed":0,"gold_gain":0,"player_choice":"Ignored","damage_taken":0,"max_hp_gain":0,"max_hp_loss":0,"event_name":"Liars Game","floor":2,"gold_loss":0},{"damage_healed":0,"gold_gain":0,"player_choice":"Success","damage_taken":5,"relics_obtained":["Turnip"],"max_hp_gain":0,"max_hp_loss":0,"event_name":"Scrap Ooze","floor":4,"gold_loss":0},{"damage_healed":0,"gold_gain":0,"player_choice":"0 cards matched","damage_taken":0,"max_hp_gain":0,"max_hp_loss":0,"event_name":"Match and Keep!","floor":22,"gold_loss":0,"cards_obtained":[]}],"is_beta":false,"boss_relics":[{"not_picked":["Empty Cage","Pandora\u0027s Box"],"picked":"Cursed Key"}],"items_purged_floors":[12],"is_endless":false,"potions_floor_spawned":[5,18,24,27],"killed_by":"Shelled Parasite and Fungi","ascension_level":17}