{"gold_per_floor":[111,111,66,90,115,115,146,146,146,146,169,94,94,112,112,210,210,210,24,24,24,24,24,24,24,24,24,24,24,24,24,24,24],"floor_reached":33,"playtime":1589,"items_purged":["Parasite"],"score":566,"play_id":"e8f77932-1df8-4022-aa10-c9b3f881ad61","local_time":"20190203110804","is_ascension_mode":true,"campfire_choices":[{"data":"Poisoned Stab","floor":6.0,"key":"SMITH"},{"floor":8.0,"key":"REST"},{"data":"Footwork","floor":15.0,"key":"SMITH"},{"data":"Burst","floor":23.0,"key":"SMITH"},{"data":"Deadly Poison","floor":29.0,"key":"SMITH"},{"floor":32.0,"key":"REST"}],"neow_cost":"NONE","seed_source_timestamp":1705211273688570,"circlet_count":0,"master_deck":["AscendersBane","Defend_G+1","Defend_G+1","Defend_G+1","Defend_G+1","Defend_G+1","Strike_G+1","Strike_G+1","Strike_G+1","Strike_G+1","Survivor","Neutralize","Poisoned Stab+1","PiercingWail","Deadly Poison+1","Footwork+1","Corpse Explosion","Burst+1","Bandage Up","Dash","Cloak And Dagger+1","Leg Sweep","Tools of the Trade"],"special_seed":0,"relics":["Ring of the Snake","Bloody Idol","Bronze Scales","Mummified Hand","Ectoplasm","StoneCalendar","Ninja Scroll","Prayer Wheel"],"potions_floor_usage":[33],"damage_taken":[{"damage":0.0,"enemies":"2 Louse","floor":1.0,"turns":6.0},{"damage":1.0,"enemies":"Small Slimes","floor":4.0,"turns":4.0},{"damage":2.0,"enemies":"Jaw Worm","floor":5.0,"turns":6.0},{"damage":45.0,"enemies":"Gremlin Nob","floor":7.0,"turns":6.0},{"damage":9.0,"enemies":"Large Slime","floor":11.0,"turns":6.0},{"damage":0.0,"enemies":"Looter","floor":14.0,"turns":3.0},{"damage":1.0,"enemies":"The Guardian","floor":16.0,"turns":10.0},{"damage":0.0,"enemies":"3 Byrds","floor":18.0,"turns":2.0},{"damage":13.0,"enemies":"Shell Parasite","floor":22.0,"turns":4.0},{"damage":0.0,"enemies":"Centurion and Healer","floor":24.0,"turns":6.0},{"damage":16.0,"enemies":"Gremlin Leader","floor":25.0,"turns":6.0},{"damage":7.0,"enemies":"Slavers","floor":28.0,"turns":2.0},{"damage":10.0,"enemies":"3 Cultists","floor":31.0,"turns":5.0},{"damage":49,"enemies":"Collector","floor":33,"turns":5}],"seed_played":"7982000426317897937","potions_obtained":[{"floor":4.0,"key":"Ancient Potion"},{"floor":11.0,"key":"Weak Potion"},{"floor":14.0,"key":"GhostInAJar"},{"floor":16.0,"key":"Fire Potion"},{"floor":18.0,"key":"GamblersBrew"},{"floor":25.0,"key":"SkillPotion"},{"floor":31.0,"key":"Strength Potion"}],"is_trial":false,"path_per_floor":["M","?","?","M","M","R","E","R","T","?","M","$","?","M","R","B",null,"M","$","?","?","M","R","M","E","T","?","E","R","?","M","R","B"],"character_chosen":"THE_SILENT","items_purchased":["Bandage Up","Dash"],"campfire_rested":2,"item_purchase_floors":[19,19],"current_hp_per_floor":[59,59,59,58,56,56,11,29,29,44,35,35,35,35,35,34,51,51,51,51,51,42,42,46,34,34,34,31,31,31,25,42,0],"gold":24,"neow_bonus":"REMOVE_CARD","is_prod":false,"is_daily":false,"chose_seed":false,"campfire_upgraded":4,"win_rate":0,"timestamp":1549213684,"path_taken":["M","?","?","M","M","R","E","R","T","?","M","$","?","M","R","BOSS","M","$","?","?","M","R","M","E","T","?","E","R","?","M","R","BOSS"],"build_version":"2019-01-23","purchased_purges":1,"victory":false,"max_hp_per_floor":[66,60,60,60,60,60,60,60,60,60,60,57,57,57,57,57,57,57,57,57,57,57,57,57,57,57,57,57,57,57,57,57,57],"card_choices":[{"not_picked":["Bane","Dodge and Roll"],"picked":"Poisoned Stab","floor":1.0},{"not_picked":["Setup","Expertise","Bane"],"picked":"SKIP","floor":4.0},{"not_picked":["Slice","Dodge and Roll"],"picked":"PiercingWail","floor":5.0},{"not_picked":["Blade Dance","Masterful Stab"],"picked":"Deadly Poison","floor":7.0},{"not_picked":["Blur","Slice"],"picked":"Footwork","floor":11.0},{"not_picked":["Concentrate","Skewer"],"picked":"Corpse Explosion","floor":14.0},{"not_picked":["Malaise","Tools of the Trade"],"picked":"Burst","floor":16.0},{"not_picked":["Prepared","Concentrate","Slice"],"picked":"SKIP","floor":18.0},{"not_picked":["Infinite Blades","Flying Knee+1"],"picked":"Cloak And Dagger+1","floor":22.0},{"not_picked":["Predator","Deflect","Dagger Throw"],"picked":"SKIP","floor":24.0},{"not_picked":["Dash","Outmaneuver"],"picked":"Leg Sweep","floor":25.0},{"not_picked":["Terror","Predator"],"picked":"Tools of the Trade","floor":28.0},{"not_picked":["Deflect","Dagger Throw+1","Eviscerate"],"picked":"SKIP","floor":31.0},{"not_picked":["Slice","Outmaneuver","Skewer"],"picked":"SKIP","floor":31.0}],"player_experience":690538,"relics_obtained":[{"floor":7.0,"key":"Bronze Scales"},{"floor":9.0,"key":"Mummified Hand"},{"floor":25.0,"key":"StoneCalendar"},{"floor":26.0,"key":"Ninja Scroll"},{"floor":28.0,"key":"Prayer Wheel"}],"event_choices":[{"damage_healed":0.0,"max_hp_gain":0.0,"max_hp_loss":6.0,"gold_gain":0.0,"event_name":"Golden Idol","player_choice":"Lose Max HP","floor":2.0,"gold_loss":0.0,"damage_taken":0.0,"relics_obtained":["Golden Idol"]},{"damage_healed":0.0,"max_hp_gain":0.0,"max_hp_loss":0.0,"gold_gain":0.0,"event_name":"World of Goop","player_choice":"Left Gold","floor":3.0,"gold_loss":45.0,"damage_taken":0.0},{"damage_healed":15.0,"max_hp_gain":0.0,"max_hp_loss":0.0,"gold_gain":0.0,"event_name":"Mushrooms","player_choice":"Healed and dodged fight","floor":10.0,"gold_loss":0.0,"damage_taken":0.0,"cards_obtained":["Parasite"]},{"damage_healed":0.0,"max_hp_gain":0.0,"max_hp_loss":0.0,"gold_gain":0.0,"event_name":"Golden Wing","player_choice":"Ignored","floor":13.0,"gold_loss":0.0,"damage_taken":0.0},{"damage_healed":0.0,"max_hp_gain":0.0,"max_hp_loss":0.0,"gold_gain":0.0,"event_name":"Back to Basics","player_choice":"Simplicity","floor":20.0,"gold_loss":0.0,"damage_taken":0.0,"cards_upgraded":["Defend_G","Defend_G","Defend_G","Defend_G","Defend_G","Strike_G","Strike_G","Strike_G","Strike_G"]},{"damage_healed":0.0,"max_hp_gain":0.0,"max_hp_loss":0.0,"gold_gain":0.0,"event_name":"Forgotten Altar","player_choice":"Gave Idol","floor":21.0,"relics_lost":["Golden Idol"],"gold_loss":0.0,"damage_taken":0.0,"relics_obtained":["Bloody Idol"]},{"damage_healed":0.0,"max_hp_gain":0.0,"max_hp_loss":0.0,"gold_gain":0.0,"event_name":"Cursed Tome","player_choice":"Ignored","floor":27.0,"gold_loss":0.0,"damage_taken":0.0}],"is_beta":false,"boss_relics":[{"not_picked":["Lizard Tail","Eternal Feather"],"picked":"Ectoplasm"}],"items_purged_floors":[12],"is_endless":false,"potions_floor_spawned":[4,11,14,16,18,25,31],"killed_by":"Collector","ascension_level":20}