{"gold_per_floor":[115,125,135,66,66,66,86,86,86,102,102,115,193,212,212,336,336,352,477,492,513,323,323,323,122,122,122,135,168,168,178,178,280,280,291,310,321,321,321,350,350,366,366,366,380,34,51,62,62,62],"floor_reached":51,"playtime":3666,"items_purged":[],"score":743,"play_id":"c84db8f8-3fa8-48a4-9e0e-a37978537978","local_time":"20180826023758","is_ascension_mode":false,"campfire_choices":[{"data":"Zap","floor":6,"key":"SMITH"},{"data":"White Noise","floor":8,"key":"SMITH"},{"data":"Defragment","floor":11,"key":"SMITH"},{"data":"Storm","floor":15,"key":"SMITH"},{"data":"Creative AI","floor":23,"key":"SMITH"},{"data":"Defragment","floor":27,"key":"SMITH"},{"data":"Chill","floor":30,"key":"SMITH"},{"data":"Static Discharge","floor":32,"key":"SMITH"},{"floor":41,"key":"REST"},{"floor":44,"key":"DIG"},{"floor":49,"key":"DIG"}],"neow_cost":"NONE","seed_source_timestamp":162452418702984,"circlet_count":0,"master_deck":["Strike_B","Strike_B","Strike_B","Strike_B","Defend_B","Defend_B","Defend_B","Defend_B","Zap+1","Dualcast","Conserve Battery","Sweeping Beam","Capacitor","Self Repair","Defragment+1","White Noise+1","Conserve Battery","Auto Shields","Storm+1","Conserve Battery","Defragment+1","Ball Lightning","White Noise","Creative AI+1","White Noise","Aggregate","Storm+1","Chaos+1","Cold Snap+1","Steam","Heatsinks","Turbo","Chill+1","Chill+1","Self Repair","Static Discharge+1","Echo Form","Force Field+1","Force Field+1","BootSequence+1","Barrage+1","Loop","Go for the Eyes+1","Consume+1","Consume+1","Stack+1","Sweeping Beam+1","Static Discharge+1","Melter+1","Capacitor","Go for the Eyes+1","Hello World","Capacitor+1"],"relics":["FrozenCore","Bloody Idol","Prayer Wheel","Mango","Torii","Meat on the Bone","Ancient Tea Set","Toolbox","Kunai","Question Card","Fusion Hammer","Nunchaku","Ginger","Shovel","Omamori","Strange Spoon","Lantern","Symbiotic Virus"],"potions_floor_usage":[13,31,40,40,50],"damage_taken":[{"damage":0,"enemies":"Cultist","floor":1,"turns":4},{"damage":0,"enemies":"Small Slimes","floor":2,"turns":5},{"damage":0,"enemies":"2 Louse","floor":3,"turns":3},{"damage":8,"enemies":"Red Slaver","floor":7,"turns":4},{"damage":12,"enemies":"Blue Slaver","floor":10,"turns":4},{"damage":0,"enemies":"Exordium Wildlife","floor":12,"turns":5},{"damage":15,"enemies":"Gremlin Nob","floor":13,"turns":4},{"damage":8,"enemies":"Lots of Slimes","floor":14,"turns":2},{"damage":33,"enemies":"Hexaghost","floor":16,"turns":6},{"damage":8,"enemies":"Spheric Guardian","floor":18,"turns":4},{"damage":23,"enemies":"Colosseum Slavers","floor":19,"turns":5},{"damage":52,"enemies":"Colosseum Nobs","floor":19,"turns":5},{"damage":11,"enemies":"2 Thieves","floor":20,"turns":2},{"damage":1,"enemies":"Centurion and Healer","floor":21,"turns":4},{"damage":0,"enemies":"Snecko","floor":28,"turns":3},{"damage":23,"enemies":"Gremlin Leader","floor":29,"turns":6},{"damage":22,"enemies":"3 Cultists","floor":31,"turns":5},{"damage":0,"enemies":"Automaton","floor":33,"turns":6},{"damage":7,"enemies":"Orb Walker","floor":35,"turns":3},{"damage":11,"enemies":"3 Darklings","floor":36,"turns":4},{"damage":0,"enemies":"Transient","floor":37,"turns":5},{"damage":19,"enemies":"Mind Bloom Boss Battle","floor":39,"turns":5},{"damage":78,"enemies":"2 Orb Walkers","floor":40,"turns":6},{"damage":6,"enemies":"Maw","floor":42,"turns":5},{"damage":20,"enemies":"4 Shapes","floor":45,"turns":4},{"damage":1,"enemies":"Spire Growth","floor":47,"turns":5},{"damage":1,"enemies":"Transient","floor":48,"turns":5},{"damage":61,"enemies":"Awakened One","floor":50,"turns":7}],"seed_played":"-8447295553594241896","potions_obtained":[{"floor":2,"key":"Ancient Potion"},{"floor":10,"key":"PowerPotion"},{"floor":14,"key":"Swift Potion"},{"floor":28,"key":"FocusPotion"},{"floor":31,"key":"Ancient Potion"},{"floor":35,"key":"Block Potion"},{"floor":36,"key":"Block Potion"}],"is_trial":false,"path_per_floor":["M","M","M","$","?","R","M","R","T","M","R","M","?","M","R","B",null,"M","?","M","M","$","R","?","$","T","R","M","E","R","M","R","B",null,"M","M","M","?","?","E","R","M","T","R","M","$","M","M","R","B"],"character_chosen":"DEFECT","items_purchased":["Defragment","Ancient Tea Set","Heatsinks","Toolbox","Strange Spoon","Lantern"],"campfire_rested":1,"item_purchase_floors":[4,22,22,25,46,46],"current_hp_per_floor":[75,75,75,75,57,57,49,49,49,44,44,51,57,56,56,30,89,88,34,35,53,53,53,53,53,53,53,58,59,59,65,65,84,89,87,88,89,89,84,37,63,69,69,69,61,61,65,76,76,37],"gold":62,"neow_bonus":"THREE_CARDS","is_prod":false,"is_daily":false,"chose_seed":false,"campfire_upgraded":8,"win_rate":0,"timestamp":1535247478,"path_taken":["M","M","?","$","?","R","M","R","T","?","R","M","?","M","R","BOSS","M","?","M","M","$","R","?","$","T","R","?","E","R","?","R","BOSS","M","M","M","?","?","E","R","M","T","R","M","$","?","M","R","BOSS"],"build_version":"2018-08-23v2","purchased_purges":0,"victory":true,"max_hp_per_floor":[75,75,75,75,75,75,75,75,75,75,75,75,89,89,89,89,89,89,89,89,89,89,89,89,89,89,89,89,89,89,89,89,89,89,89,89,89,89,89,89,89,89,89,89,89,89,89,89,89,89],"card_choices":[{"not_picked":["Streamline","Genetic Algorithm"],"picked":"Conserve Battery","floor":0},{"not_picked":["Gash","Streamline"],"picked":"Sweeping Beam","floor":1},{"not_picked":["Lockon","Compile Driver"],"picked":"Capacitor","floor":2},{"not_picked":["Turbo","Rebound"],"picked":"Self Repair","floor":3},{"not_picked":["Lockon","Rebound"],"picked":"White Noise","floor":7},{"not_picked":["Compile Driver","Gash"],"picked":"Conserve Battery","floor":10},{"not_picked":["Gash","All For One"],"picked":"Auto Shields","floor":10},{"not_picked":["FTL","Coolheaded"],"picked":"Storm","floor":12},{"not_picked":["Heatsinks","Leap"],"picked":"Conserve Battery","floor":12},{"not_picked":["BootSequence","Sweeping Beam"],"picked":"Defragment","floor":13},{"not_picked":["Reprogram","Leap"],"picked":"Ball Lightning","floor":14},{"not_picked":["Doom and Gloom","Turbo"],"picked":"White Noise","floor":14},{"not_picked":["Thunder Strike","Meteor Strike"],"picked":"Creative AI","floor":16},{"not_picked":["Recycle","Fusion"],"picked":"White Noise","floor":18},{"not_picked":["Hello World","Rebound"],"picked":"Aggregate","floor":18},{"not_picked":["Stack+1","Chill"],"picked":"Storm+1","floor":19},{"not_picked":["Beam Cell","Rebound"],"picked":"Coolheaded","floor":20},{"not_picked":["Coolheaded","Hyperbeam"],"picked":"Chaos+1","floor":20},{"not_picked":["Chaos","Turbo"],"picked":"Cold Snap+1","floor":21},{"not_picked":["Skim","Coolheaded"],"picked":"Steam","floor":21},{"not_picked":["Fusion","Leap"],"picked":"Turbo","floor":28},{"not_picked":["Glacier","Rip and Tear"],"picked":"Chill+1","floor":28},{"not_picked":["Beam Cell+1","Gash"],"picked":"Chill","floor":29},{"not_picked":["Turbo","Go for the Eyes","Coolheaded"],"picked":"Self Repair","floor":31},{"not_picked":["Core Surge","Steam","Chill+1"],"picked":"Static Discharge","floor":31},{"not_picked":["Rainbow","Biased Cognition","All For One"],"picked":"Echo Form","floor":33},{"not_picked":["Barrage","Fusion","Auto Shields+1"],"picked":"Force Field+1","floor":35},{"not_picked":["Chill+1","Barrage+1","Redo"],"picked":"Force Field+1","floor":35},{"not_picked":["Conserve Battery","Darkness","Rebound"],"picked":"BootSequence+1","floor":36},{"not_picked":["Hologram","Redo","Tempest+1"],"picked":"Barrage+1","floor":36},{"not_picked":["Cold Snap","Glacier+1","Sweeping Beam"],"picked":"Loop","floor":37},{"not_picked":["Cold Snap+1","Rebound","Gash"],"picked":"Go for the Eyes+1","floor":37},{"not_picked":["Chaos","All For One","FTL+1"],"picked":"Consume+1","floor":39},{"not_picked":["Blizzard+1","Streamline","Genetic Algorithm"],"picked":"Consume+1","floor":40},{"not_picked":["Beam Cell","Chaos","Conserve Battery+1"],"picked":"Stack+1","floor":42},{"not_picked":["Rip and Tear","Leap+1","Ball Lightning"],"picked":"Sweeping Beam+1","floor":42},{"not_picked":["Consume","Redo","Ball Lightning"],"picked":"Static Discharge+1","floor":45},{"not_picked":["Compile Driver+1","Fusion+1","Cold Snap+1"],"picked":"Melter+1","floor":45},{"not_picked":["Reinforced Body+1","Hologram","Leap+1"],"picked":"Capacitor","floor":47},{"not_picked":["Reprogram+1","Redo","Lockon+1"],"picked":"Go for the Eyes+1","floor":47},{"not_picked":["Hyperbeam","Turbo","Leap"],"picked":"Hello World","floor":48},{"not_picked":["Streamline","Stack","Chill+1"],"picked":"Capacitor+1","floor":48}],"player_experience":446958,"relics_obtained":[{"floor":9,"key":"Prayer Wheel"},{"floor":13,"key":"Mango"},{"floor":19,"key":"Torii"},{"floor":19,"key":"Meat on the Bone"},{"floor":26,"key":"Kunai"},{"floor":29,"key":"Question Card"},{"floor":39,"key":"Nunchaku"},{"floor":40,"key":"Ginger"},{"floor":43,"key":"Shovel"},{"floor":44,"key":"Omamori"},{"floor":49,"key":"Symbiotic Virus"}],"event_choices":[{"event_name":"Golden Idol","player_choice":"Take Damage","floor":5,"damage_taken":0},{"event_name":"Dead Adventurer","player_choice":"Searched \u00272\u0027 times","floor":13,"damage_taken":0},{"event_name":"Colosseum","player_choice":"Fight","floor":19,"damage_taken":0},{"event_name":"Colosseum","player_choice":"Fought Nobs","floor":19,"damage_taken":0},{"event_name":"Forgotten Altar","player_choice":"Gave Idol","floor":24,"damage_taken":0},{"event_name":"Falling","player_choice":"Removed Skill","floor":38,"damage_taken":0},{"event_name":"MindBloom","player_choice":"Fight","floor":39,"damage_taken":0}],"is_beta":false,"boss_relics":[{"not_picked":["Orrery","Velvet Choker"],"picked":"FrozenCore"},{"not_picked":["Empty Cage","Runic Dome"],"picked":"Fusion Hammer"}],"items_purged_floors":[],"is_endless":false,"potions_floor_spawned":[2,10,14,19,28,29,31,35,36,39],"ascension_level":0}