{"gold_per_floor":[109,119,5,16,28,59,114,114,114,148,159,159,159,174,174,251,251,271,290,304,16,16,16],"floor_reached":23,"playtime":1485,"items_purged":["Eviscerate","Strike_G"],"score":406,"play_id":"472c3313-4fef-4270-b9b1-b0e88623795a","local_time":"20190317000721","is_ascension_mode":true,"campfire_choices":[{"floor":8.0,"key":"REST"},{"data":"Neutralize","floor":13.0,"key":"SMITH"},{"data":"Bouncing Flask","floor":15.0,"key":"SMITH"}],"neow_cost":"NONE","seed_source_timestamp":282970642263337,"circlet_count":0,"master_deck":["AscendersBane","Defend_G","Defend_G","Defend_G","Defend_G","Defend_G","Strike_G","Strike_G","Strike_G","Survivor","Neutralize+1","Bouncing Flask","Bouncing Flask+1","Well Laid Plans","Backstab","Backstab","Terror","Well Laid Plans","Burst","PiercingWail","Dash","Backflip"],"special_seed":0,"relics":["Ring of the Snake","Bag of Preparation","Torii","Matryoshka","Juzu Bracelet","Boot","Black Star"],"potions_floor_usage":[23,23],"damage_taken":[{"damage":5.0,"enemies":"Cultist","floor":1.0,"turns":5.0},{"damage":6.0,"enemies":"Small Slimes","floor":2.0,"turns":5.0},{"damage":0.0,"enemies":"Jaw Worm","floor":4.0,"turns":5.0},{"damage":7.0,"enemies":"Exordium Wildlife","floor":5.0,"turns":4.0},{"damage":29.0,"enemies":"Gremlin Nob","floor":6.0,"turns":4.0},{"damage":3.0,"enemies":"Gremlin Nob","floor":7.0,"turns":3.0},{"damage":6.0,"enemies":"3 Sentries","floor":10.0,"turns":8.0},{"damage":0.0,"enemies":"Large Slime","floor":11.0,"turns":3.0},{"damage":0.0,"enemies":"Looter","floor":14.0,"turns":3.0},{"damage":10.0,"enemies":"The Guardian","floor":16.0,"turns":8.0},{"damage":18.0,"enemies":"Shell Parasite","floor":18.0,"turns":6.0},{"damage":18.0,"enemies":"2 Thieves","floor":19.0,"turns":4.0},{"damage":11.0,"enemies":"Centurion and Healer","floor":20.0,"turns":9.0},{"damage":19,"enemies":"Slavers","floor":23,"turns":2}],"seed_played":"8073142864138583248","potions_obtained":[{"floor":1.0,"key":"FearPotion"},{"floor":2.0,"key":"Ancient Potion"},{"floor":4.0,"key":"Fire Potion"},{"floor":6.0,"key":"Swift Potion"},{"floor":7.0,"key":"Energy Potion"},{"floor":19.0,"key":"SpeedPotion"}],"is_trial":false,"path_per_floor":["M","M","$","M","M","E","?","R","T","E","M","?","R","M","R","B",null,"M","M","M","$","?","E"],"character_chosen":"THE_SILENT","items_purchased":["Well Laid Plans","Regen Potion","Energy Potion","Backflip"],"campfire_rested":1,"item_purchase_floors":[3,21,21,21],"current_hp_per_floor":[54,48,48,48,41,12,9,28,28,22,22,22,22,22,22,12,53,35,17,6,6,6,0],"gold":16,"neow_bonus":"TRANSFORM_CARD","is_prod":false,"is_daily":false,"chose_seed":false,"campfire_upgraded":2,"win_rate":0,"timestamp":1552799241,"path_taken":["M","M","?","M","M","E","?","R","T","E","M","?","R","M","R","BOSS","M","M","M","$","?","E"],"build_version":"2019-01-23","purchased_purges":2,"victory":false,"max_hp_per_floor":[66,66,66,66,66,66,66,66,66,66,66,66,66,66,66,66,66,66,66,66,66,66,66],"card_choices":[{"not_picked":["Acrobatics","Blade Dance"],"picked":"Bouncing Flask","floor":1.0},{"not_picked":["Predator","Sucker Punch"],"picked":"Bouncing Flask","floor":2.0},{"not_picked":["Flechettes","Dodge and Roll"],"picked":"Slice","floor":4.0},{"not_picked":["Leg Sweep","Dodge and Roll"],"picked":"Backstab","floor":5.0},{"not_picked":["Prepared","Poisoned Stab","Sucker Punch"],"picked":"SKIP","floor":6.0},{"not_picked":["Quick Slash","Underhanded Strike"],"picked":"Backstab","floor":7.0},{"not_picked":["Bane","Prepared"],"picked":"Terror","floor":10.0},{"not_picked":["Venomology","Terror"],"picked":"Well Laid Plans","floor":11.0},{"not_picked":["Dagger Throw","Dagger Spray","Slice"],"picked":"SKIP","floor":14.0},{"not_picked":["Bullet Time","Doppelganger"],"picked":"Burst","floor":16.0},{"not_picked":["Sucker Punch","Poisoned Stab+1","Flying Knee"],"picked":"SKIP","floor":18.0},{"not_picked":["Blur","Flying Knee"],"picked":"PiercingWail","floor":19.0},{"not_picked":["Quick Slash","Bane"],"picked":"Dash","floor":20.0}],"player_experience":793617,"relics_obtained":[{"floor":6.0,"key":"Bag of Preparation"},{"floor":7.0,"key":"Torii"},{"floor":9.0,"key":"Matryoshka"},{"floor":10.0,"key":"Juzu Bracelet"}],"event_choices":[{"damage_healed":0.0,"max_hp_gain":0.0,"max_hp_loss":0.0,"gold_gain":30.0,"event_name":"Dead Adventurer","player_choice":"Searched \u00272\u0027 times","floor":7.0,"gold_loss":0.0,"damage_taken":0.0},{"cards_removed":["Slice"],"damage_healed":0.0,"max_hp_gain":0.0,"max_hp_loss":0.0,"gold_gain":0.0,"event_name":"WeMeetAgain","player_choice":"Gave Card","floor":12.0,"gold_loss":0.0,"damage_taken":0.0,"relics_obtained":["Boot"]},{"damage_healed":0.0,"max_hp_gain":0.0,"max_hp_loss":0.0,"gold_gain":0.0,"event_name":"Beggar","player_choice":"Ignored","floor":22.0,"gold_loss":0.0,"damage_taken":0.0}],"is_beta":false,"boss_relics":[{"not_picked":["Orrery","WristBlade"],"picked":"Black Star"}],"items_purged_floors":[3,21],"is_endless":false,"potions_floor_spawned":[1,2,4,6,7,19],"killed_by":"Slavers","ascension_level":20}