{"gold_per_floor":[114,30,30,30,30,60,60,91,117,117,148,159,84,98,98,177,177,197,30,49,49,67,67,97,97,97,97,130,130,130,230,230,230],"floor_reached":33,"playtime":2091,"items_purged":[],"score":619,"play_id":"8fbca232-1037-4a80-a335-bd583445354f","local_time":"20190308095545","is_ascension_mode":true,"campfire_choices":[{"data":"Noxious Fumes","floor":7.0,"key":"SMITH"},{"floor":10.0,"key":"REST"},{"data":"Neutralize","floor":15.0,"key":"SMITH"},{"floor":23.0,"key":"REST"},{"floor":25.0,"key":"REST"},{"floor":32.0,"key":"REST"}],"neow_cost":"CURSE","seed_source_timestamp":522619369455364,"circlet_count":0,"master_deck":["AscendersBane","Defend_G","Defend_G","Defend_G","Defend_G","Defend_G","Strike_G","Survivor","Neutralize+1","Clumsy","Heel Hook","Masterful Stab","Noxious Fumes+1","Slice","Sucker Punch","Dash","Bouncing Flask","Well Laid Plans","Dash","Deflect","Corpse Explosion","PiercingWail+1","Glass Knife","Well Laid Plans","Cloak And Dagger"],"special_seed":0,"relics":["Ring of the Snake","Bag of Marbles","Anchor","Pen Nib","PreservedInsect","Black Star","Lantern","Bag of Preparation","Potion Belt","Gremlin Horn","Bottled Tornado","MutagenicStrength","Nunchaku","Pear"],"potions_floor_usage":[33,33],"damage_taken":[{"damage":0.0,"enemies":"Jaw Worm","floor":1.0,"turns":3.0},{"damage":30.0,"enemies":"3 Sentries","floor":6.0,"turns":10.0},{"damage":7.0,"enemies":"Lagavulin","floor":8.0,"turns":5.0},{"damage":20.0,"enemies":"Gremlin Nob","floor":11.0,"turns":4.0},{"damage":0.0,"enemies":"2 Louse","floor":12.0,"turns":3.0},{"damage":1.0,"enemies":"Small Slimes","floor":14.0,"turns":3.0},{"damage":14.0,"enemies":"Hexaghost","floor":16.0,"turns":9.0},{"damage":19.0,"enemies":"2 Thieves","floor":18.0,"turns":4.0},{"damage":0.0,"enemies":"3 Byrds","floor":20.0,"turns":2.0},{"damage":3.0,"enemies":"Cultist and Chosen","floor":22.0,"turns":5.0},{"damage":14.0,"enemies":"Slavers","floor":24.0,"turns":2.0},{"damage":35.0,"enemies":"Book of Stabbing","floor":28.0,"turns":5.0},{"damage":0.0,"enemies":"Colosseum Slavers","floor":31.0,"turns":2.0},{"damage":0.0,"enemies":"Colosseum Nobs","floor":31.0,"turns":1.0},{"damage":50,"enemies":"Champ","floor":33,"turns":13}],"seed_played":"-4488081851648529074","potions_obtained":[{"floor":1.0,"key":"FairyPotion"},{"floor":6.0,"key":"LiquidBronze"},{"floor":18.0,"key":"Swift Potion"},{"floor":24.0,"key":"Dexterity Potion"},{"floor":31.0,"key":"GamblersBrew"}],"is_trial":false,"path_per_floor":["M","$","?","?","$","E","R","E","T","R","E","M","?","M","R","B",null,"M","$","M","?","M","R","E","R","T","?","E","?","$","?","R","B"],"character_chosen":"THE_SILENT","items_purchased":["Slice","Poison Potion","Lantern"],"campfire_rested":4,"item_purchase_floors":[2,2,19],"current_hp_per_floor":[59,59,59,64,64,34,34,27,27,48,28,28,28,27,27,13,57,38,38,38,18,15,37,23,45,45,45,10,10,10,20,45,0],"gold":230,"neow_bonus":"TRANSFORM_TWO_CARDS","is_prod":false,"is_daily":false,"chose_seed":false,"campfire_upgraded":2,"win_rate":0,"timestamp":1552060545,"path_taken":["M","$","?","?","?","E","R","E","T","R","E","M","?","M","R","BOSS","M","$","M","?","M","R","E","R","T","?","E","?","$","?","R","BOSS"],"build_version":"2019-01-23","purchased_purges":0,"victory":false,"max_hp_per_floor":[66,66,66,71,71,71,71,71,71,71,71,71,71,71,71,71,71,71,71,71,76,76,76,76,76,76,76,76,76,76,86,86,86],"card_choices":[{"not_picked":["Cloak And Dagger","Heel Hook"],"picked":"Noxious Fumes","floor":1.0},{"not_picked":["PiercingWail","Deflect"],"picked":"Dash","floor":6.0},{"not_picked":["Doppelganger","Flying Knee"],"picked":"Bouncing Flask","floor":8.0},{"not_picked":["Reflex","Sucker Punch"],"picked":"Well Laid Plans","floor":11.0},{"not_picked":["Concentrate","Prepared"],"picked":"Dash","floor":12.0},{"not_picked":["Crippling Poison","Flechettes"],"picked":"Deflect","floor":14.0},{"not_picked":["Phantasmal Killer","Glass Knife"],"picked":"Corpse Explosion","floor":16.0},{"not_picked":["Concentrate","Quick Slash","Outmaneuver"],"picked":"SKIP","floor":18.0},{"not_picked":["Noxious Fumes","Backflip"],"picked":"PiercingWail+1","floor":20.0},{"not_picked":["Deadly Poison","Venomology","Predator"],"picked":"SKIP","floor":22.0},{"not_picked":["Riddle With Holes","Dash"],"picked":"Glass Knife","floor":24.0},{"not_picked":["Finisher","Setup+1"],"picked":"Well Laid Plans","floor":28.0},{"not_picked":["Predator","Flying Knee+1"],"picked":"Cloak And Dagger","floor":31.0}],"player_experience":705435,"relics_obtained":[{"floor":6.0,"key":"Bag of Marbles"},{"floor":8.0,"key":"Anchor"},{"floor":9.0,"key":"Pen Nib"},{"floor":11.0,"key":"PreservedInsect"},{"floor":24.0,"key":"Bag of Preparation"},{"floor":24.0,"key":"Potion Belt"},{"floor":26.0,"key":"Gremlin Horn"},{"floor":28.0,"key":"Bottled Tornado"},{"floor":31.0,"key":"Nunchaku"},{"floor":31.0,"key":"Pear"}],"event_choices":[{"damage_healed":0.0,"max_hp_gain":0.0,"max_hp_loss":0.0,"gold_gain":0.0,"cards_transformed":["Strike_G"],"event_name":"Living Wall","player_choice":"Change","floor":3.0,"gold_loss":0.0,"damage_taken":0.0,"cards_obtained":["Sucker Punch"]},{"damage_healed":0.0,"max_hp_gain":5.0,"max_hp_loss":0.0,"gold_gain":0.0,"event_name":"Big Fish","player_choice":"Donut","floor":4.0,"gold_loss":0.0,"damage_taken":0.0},{"cards_removed":["Strike_G"],"damage_healed":0.0,"max_hp_gain":0.0,"max_hp_loss":0.0,"gold_gain":0.0,"event_name":"The Cleric","player_choice":"Card Removal","floor":13.0,"gold_loss":75.0,"damage_taken":0.0},{"damage_healed":0.0,"max_hp_gain":5.0,"max_hp_loss":0.0,"gold_gain":0.0,"event_name":"Forgotten Altar","player_choice":"Shed Blood","floor":21.0,"gold_loss":0.0,"damage_taken":25.0},{"damage_healed":0.0,"max_hp_gain":0.0,"max_hp_loss":0.0,"gold_gain":0.0,"event_name":"Drug Dealer","player_choice":"Inject Mutagens","floor":29.0,"gold_loss":0.0,"damage_taken":0.0,"relics_obtained":["MutagenicStrength"]},{"damage_healed":0.0,"max_hp_gain":0.0,"max_hp_loss":0.0,"gold_gain":0.0,"event_name":"Colosseum","player_choice":"Fight","floor":31.0,"gold_loss":0.0,"damage_taken":0.0},{"damage_healed":0.0,"max_hp_gain":0.0,"max_hp_loss":0.0,"gold_gain":0.0,"event_name":"Colosseum","player_choice":"Fought Nobs","floor":31.0,"gold_loss":0.0,"damage_taken":0.0}],"is_beta":false,"boss_relics":[{"not_picked":["Empty Cage","Eternal Feather"],"picked":"Black Star"}],"items_purged_floors":[],"is_endless":false,"potions_floor_spawned":[1,6,18,24,31],"killed_by":"Champ","ascension_level":20}