{"gold_per_floor":[111,111,129,129,148,183,12,12,83,83,99,99,119,119,119,217,217,197,197,3,3,15,48,65,65,65,65,75,90,90,190,190,190],"floor_reached":33,"playtime":2108,"items_purged":[],"score":290,"play_id":"aa42f36b-32dd-42b6-a8ba-2a18405b72ab","local_time":"20190219191014","is_ascension_mode":false,"campfire_choices":[{"data":"Apotheosis","floor":8,"key":"SMITH"},{"floor":10,"key":"REST"},{"floor":12,"key":"REST"},{"data":"Escape Plan","floor":15,"key":"SMITH"},{"floor":25,"key":"REST"},{"floor":30,"key":"REST"},{"floor":32,"key":"REST"}],"neow_cost":"NONE","seed_source_timestamp":11454504137231,"circlet_count":0,"master_deck":["Defend_G","Defend_G","Defend_G","Defend_G+1","Strike_G","Strike_G","Strike_G","Strike_G","Strike_G","Survivor+1","Neutralize","Escape Plan+1","Bane","Bane","PiercingWail","Apotheosis+1","Blur+1","Poisoned Stab","Burst+1","Deadly Poison+1","Ghostly+1","Ghostly+1","Ghostly+1","Ghostly+1","Ghostly+1","Leg Sweep+1","Prepared+1","Crippling Poison+1","Expertise+1"],"relics":["Ring of the Snake","NeowsBlessing","War Paint","Pantograph","Toxic Egg 2","White Beast Statue","TwistedFunnel","Ornamental Fan","Unceasing Top","Frozen Egg 2"],"potions_floor_usage":[16,23,29,31,31,31,33],"damage_taken":[{"damage":0,"enemies":"2 Louse","floor":1,"turns":1},{"damage":0,"enemies":"Jaw Worm","floor":3,"turns":1},{"damage":0,"enemies":"Cultist","floor":5,"turns":1},{"damage":47,"enemies":"Gremlin Nob","floor":6,"turns":7},{"damage":7,"enemies":"Large Slime","floor":11,"turns":7},{"damage":0,"enemies":"Looter","floor":13,"turns":3},{"damage":13,"enemies":"Hexaghost","floor":16,"turns":11},{"damage":12,"enemies":"2 Thieves","floor":18,"turns":4},{"damage":3,"enemies":"Shell Parasite","floor":22,"turns":6},{"damage":19,"enemies":"Book of Stabbing","floor":23,"turns":7},{"damage":8,"enemies":"Shelled Parasite and Fungi","floor":24,"turns":10},{"damage":3,"enemies":"Centurion and Healer","floor":28,"turns":7},{"damage":1,"enemies":"Snecko","floor":29,"turns":5},{"damage":2,"enemies":"Colosseum Slavers","floor":31,"turns":6},{"damage":0,"enemies":"Colosseum Nobs","floor":31,"turns":5},{"damage":44,"enemies":"Automaton","floor":33,"turns":12}],"seed_played":"6386518493276230802","potions_obtained":[{"floor":1,"key":"SkillPotion"},{"floor":6,"key":"EssenceOfSteel"},{"floor":11,"key":"PowerPotion"},{"floor":18,"key":"SmokeBomb"},{"floor":22,"key":"Weak Potion"},{"floor":23,"key":"FearPotion"},{"floor":24,"key":"SteroidPotion"},{"floor":28,"key":"Swift Potion"},{"floor":29,"key":"Fire Potion"},{"floor":31,"key":"Fire Potion"}],"is_trial":false,"path_per_floor":["M","?","M","?","M","E","$","R","T","R","M","R","M","?","R","B",null,"M","?","$","?","M","E","M","R","T","$","M","M","R","?","R","B"],"character_chosen":"THE_SILENT","items_purchased":["Apotheosis","TwistedFunnel"],"campfire_rested":5,"item_purchase_floors":[7,20],"current_hp_per_floor":[70,67,67,67,67,20,20,20,20,41,34,55,55,55,55,57,70,58,35,35,35,32,13,5,15,15,15,12,11,21,19,29,0],"gold":190,"neow_bonus":"THREE_ENEMY_KILL","is_prod":false,"is_daily":false,"chose_seed":false,"campfire_upgraded":2,"win_rate":0,"timestamp":1550599814,"path_taken":["M","?","M","?","M","E","$","R","T","R","M","R","?","?","R","BOSS","M","?","$","?","?","E","M","R","T","?","M","M","R","?","R","BOSS"],"build_version":"2019-01-23","purchased_purges":0,"victory":false,"max_hp_per_floor":[70,70,70,70,70,70,70,70,70,70,70,70,70,70,70,70,70,70,35,35,35,35,35,35,35,35,35,35,35,35,35,35,35],"card_choices":[{"not_picked":["Infinite Blades","Eviscerate","Underhanded Strike"],"picked":"SKIP","floor":1},{"not_picked":["Dodge and Roll","Outmaneuver"],"picked":"Escape Plan","floor":3},{"not_picked":["Flying Knee","Setup"],"picked":"Bane","floor":5},{"not_picked":["Acrobatics","Well Laid Plans"],"picked":"PiercingWail","floor":6},{"not_picked":["Finisher","Sucker Punch"],"picked":"Blur+1","floor":11},{"not_picked":["Concentrate+1","Bane"],"picked":"Poisoned Stab","floor":13},{"not_picked":["Venomology+1","After Image"],"picked":"Burst+1","floor":16},{"not_picked":["Blur+1","Blade Dance+1"],"picked":"Deadly Poison+1","floor":18},{"not_picked":["Flying Knee","Slice","Deflect+1"],"picked":"SKIP","floor":22},{"not_picked":["Flechettes","Slice"],"picked":"Leg Sweep+1","floor":23},{"not_picked":["Caltrops","Poisoned Stab"],"picked":"Prepared+1","floor":24},{"not_picked":["Underhanded Strike","Sucker Punch"],"picked":"Crippling Poison+1","floor":28},{"not_picked":["Dagger Spray","Cloak And Dagger+1","Distraction+1"],"picked":"SKIP","floor":29},{"not_picked":["Leg Sweep+1","Bane"],"picked":"Expertise+1","floor":31}],"player_experience":649543,"relics_obtained":[{"floor":6,"key":"Pantograph"},{"floor":9,"key":"Toxic Egg 2"},{"floor":23,"key":"Ornamental Fan"},{"floor":31,"key":"Unceasing Top"},{"floor":31,"key":"Frozen Egg 2"}],"event_choices":[{"damage_healed":0,"gold_gain":0,"player_choice":"Success","damage_taken":3,"relics_obtained":["War Paint"],"max_hp_gain":0,"max_hp_loss":0,"event_name":"Scrap Ooze","floor":2,"gold_loss":0},{"damage_healed":0,"gold_gain":0,"cards_transformed":["Defend_G"],"player_choice":"Transformed","damage_taken":0,"max_hp_gain":0,"max_hp_loss":0,"event_name":"Transmorgrifier","floor":4,"gold_loss":0,"cards_obtained":["Bane"]},{"damage_healed":0,"gold_gain":0,"player_choice":"Ignored","damage_taken":0,"max_hp_gain":0,"max_hp_loss":0,"event_name":"Shining Light","floor":14,"gold_loss":0},{"damage_healed":0,"gold_gain":0,"player_choice":"Became a Ghost","damage_taken":0,"max_hp_gain":0,"max_hp_loss":35,"event_name":"Ghosts","floor":19,"gold_loss":0,"cards_obtained":["Ghostly","Ghostly","Ghostly","Ghostly","Ghostly"]},{"damage_healed":0,"gold_gain":0,"player_choice":"Ignored","damage_taken":0,"max_hp_gain":0,"max_hp_loss":0,"event_name":"Beggar","floor":21,"gold_loss":0},{"damage_healed":0,"gold_gain":0,"player_choice":"Fight","damage_taken":0,"max_hp_gain":0,"max_hp_loss":0,"event_name":"Colosseum","floor":31,"gold_loss":0},{"damage_healed":0,"gold_gain":0,"player_choice":"Fought Nobs","damage_taken":0,"max_hp_gain":0,"max_hp_loss":0,"event_name":"Colosseum","floor":31,"gold_loss":0}],"is_beta":false,"boss_relics":[{"not_picked":["Runic Dome","HoveringKite"],"picked":"White Beast Statue"}],"items_purged_floors":[],"is_endless":false,"potions_floor_spawned":[1,6,11,18,22,23,24,28,29,31,31],"killed_by":"Automaton","ascension_level":0}