{"gold_per_floor":[365,365,379,379,0,0,24,54,93,134,146,171,194,237,249,261],"floor_reached":16,"playtime":793,"items_purged":["Normality"],"score":236,"play_id":"96460d21-28bf-494f-9426-0fc2d3f58888","local_time":"20190203114409","is_ascension_mode":true,"campfire_choices":[{"data":"Dash","floor":6.0,"key":"SMITH"},{"floor":11.0,"key":"REST"},{"floor":15.0,"key":"REST"}],"neow_cost":"CURSE","seed_source_timestamp":1709278036029596,"circlet_count":0,"master_deck":["AscendersBane","Defend_G","Defend_G","Defend_G","Defend_G","Defend_G","Strike_G","Strike_G","Strike_G","Strike_G","Strike_G","Survivor","Neutralize+1","Dash+1","Dagger Throw","Blur","Bandage Up","Backflip","Dash","Leg Sweep"],"special_seed":0,"relics":["Ring of the Snake","Du-Vu Doll","Regal Pillow","Odd Mushroom","MawBank","Smiling Mask","Juzu Bracelet","Bag of Marbles"],"potions_floor_usage":[16],"damage_taken":[{"damage":4.0,"enemies":"2 Louse","floor":1.0,"turns":3.0},{"damage":3.0,"enemies":"Cultist","floor":3.0,"turns":5.0},{"damage":8.0,"enemies":"The Mushroom Lair","floor":7.0,"turns":6.0},{"damage":28.0,"enemies":"Gremlin Nob","floor":8.0,"turns":5.0},{"damage":20.0,"enemies":"Lagavulin","floor":10.0,"turns":7.0},{"damage":0.0,"enemies":"Jaw Worm","floor":12.0,"turns":4.0},{"damage":0.0,"enemies":"Exordium Wildlife","floor":13.0,"turns":2.0},{"damage":34.0,"enemies":"Gremlin Nob","floor":14.0,"turns":6.0},{"damage":63,"enemies":"Slime Boss","floor":16,"turns":11}],"seed_played":"-3779719825089042869","potions_obtained":[{"floor":1.0,"key":"Ancient Potion"},{"floor":3.0,"key":"PowerPotion"},{"floor":10.0,"key":"Dexterity Potion"},{"floor":12.0,"key":"Fire Potion"}],"is_trial":false,"path_per_floor":["M","?","M","T","$","R","?","E","T","E","R","M","M","E","R","B"],"character_chosen":"THE_SILENT","items_purchased":["Blur","Regal Pillow","Bandage Up"],"campfire_rested":2,"item_purchase_floors":[5,5,5],"current_hp_per_floor":[55,55,52,52,52,52,48,24,24,8,42,46,50,20,54,0],"gold":261,"neow_bonus":"TWO_FIFTY_GOLD","is_prod":false,"is_daily":false,"chose_seed":false,"campfire_upgraded":1,"win_rate":0,"timestamp":1549215849,"path_taken":["M","?","?","?","$","R","?","E","T","E","R","M","M","E","R","BOSS"],"build_version":"2019-01-23","purchased_purges":1,"victory":false,"max_hp_per_floor":[66,66,66,66,66,66,66,66,66,66,66,66,66,66,66,66],"card_choices":[{"not_picked":["Outmaneuver","Flying Knee"],"picked":"Dash","floor":1.0},{"not_picked":["Accuracy","Quick Slash"],"picked":"Dagger Throw","floor":3.0},{"not_picked":["Dagger Throw","Dodge and Roll"],"picked":"Backflip","floor":7.0},{"not_picked":["Deflect","Flying Knee","Dagger Spray"],"picked":"SKIP","floor":8.0},{"not_picked":["All Out Attack","Terror","Choke"],"picked":"SKIP","floor":10.0},{"not_picked":["Sucker Punch","Prepared","Choke"],"picked":"SKIP","floor":12.0},{"not_picked":["Storm of Steel","Masterful Stab"],"picked":"Dash","floor":13.0},{"not_picked":["Prepared","Riddle With Holes"],"picked":"Leg Sweep","floor":14.0}],"player_experience":693241,"relics_obtained":[{"floor":4.0,"key":"Du-Vu Doll"},{"floor":7.0,"key":"Odd Mushroom"},{"floor":8.0,"key":"MawBank"},{"floor":9.0,"key":"Smiling Mask"},{"floor":10.0,"key":"Juzu Bracelet"},{"floor":14.0,"key":"Bag of Marbles"}],"event_choices":[{"damage_healed":0.0,"max_hp_gain":0.0,"max_hp_loss":0.0,"gold_gain":0.0,"event_name":"Accursed Blacksmith","player_choice":"Forge","floor":2.0,"gold_loss":0.0,"damage_taken":0.0,"cards_upgraded":["Neutralize"]},{"damage_healed":0.0,"max_hp_gain":0.0,"max_hp_loss":0.0,"gold_gain":0.0,"event_name":"Mushrooms","player_choice":"Fought Mushrooms","floor":7.0,"gold_loss":0.0,"damage_taken":0.0}],"is_beta":false,"boss_relics":[],"items_purged_floors":[5],"is_endless":false,"potions_floor_spawned":[1,3,10,12],"killed_by":"Slime Boss","ascension_level":20}