{"gold_per_floor":[109,109,123,123,135,135,135,135,160,38,38,56,75,89,89,191,191,210,230,248,248,248,248,260,260,283,167,178,178,178,194,194,295,295,312,330,343,359,280,280,292,305,305,318,318,336,351,22,22,22],"floor_reached":51,"playtime":9825,"items_purged":[],"score":622,"play_id":"4cc9b837-d381-4f1a-94a2-04b0582d6ed0","local_time":"20180717003727","is_ascension_mode":false,"campfire_choices":[{"data":"Chill","floor":6,"key":"SMITH"},{"data":"Sunder","floor":8,"key":"SMITH"},{"data":"Zap","floor":11,"key":"SMITH"},{"data":"Sunder","floor":15,"key":"SMITH"},{"data":"Machine Learning","floor":23,"key":"SMITH"},{"data":"Defragment","floor":25,"key":"SMITH"},{"data":"Amplify","floor":30,"key":"SMITH"},{"floor":32,"key":"REST"},{"data":"Self Repair","floor":40,"key":"SMITH"},{"data":"Hologram","floor":45,"key":"SMITH"},{"data":"Static Discharge","floor":49,"key":"SMITH"}],"neow_cost":"NONE","seed_source_timestamp":0,"circlet_count":0,"master_deck":["Strike_B","Defend_B","Defend_B","Defend_B","Defend_B","Zap+1","Dualcast","Loop+1","Static Discharge+1","Seek+1","Steam","Sunder+1","Chill+1","Conserve Battery","Sweeping Beam","Cold Snap","Beam Cell","Sunder+1","Cold Snap","Machine Learning+1","Static Discharge","Beam Cell","Aggregate","Defragment+1","Self Repair+1","Hologram+1","Amplify+1","Conserve Battery","Electrodynamics","Redo+1","Hello World+1","Auto Shields","Rebound+1","Loop","Steam+1","Gash","All For One","Hologram+1","Leap","Meteor Strike","Static Discharge+1"],"special_seed":17728,"relics":["Astrolabe","Pantograph","GremlinMask","Happy Flower","Nuclear Battery","Oddly Smooth Stone","Lizard Tail","Incense Burner"],"potions_floor_usage":[18,19,28,28,31,37,38,44,46,50,50,50],"damage_taken":[{"damage":6,"enemies":"Jaw Worm","floor":1,"turns":4},{"damage":0,"enemies":"2 Louse","floor":3,"turns":5},{"damage":4,"enemies":"Cultist","floor":5,"turns":4},{"damage":0,"enemies":"Blue Slaver","floor":12,"turns":4},{"damage":2,"enemies":"3 Louse","floor":13,"turns":3},{"damage":0,"enemies":"2 Fungi Beasts","floor":14,"turns":2},{"damage":38,"enemies":"Hexaghost","floor":16,"turns":4},{"damage":0,"enemies":"Shell Parasite","floor":18,"turns":4},{"damage":0,"enemies":"3 Byrds","floor":19,"turns":5},{"damage":20,"enemies":"Centurion and Healer","floor":20,"turns":6},{"damage":19,"enemies":"Snake Plant","floor":24,"turns":4},{"damage":2,"enemies":"Sentry and Sphere","floor":28,"turns":4},{"damage":27,"enemies":"3 Cultists","floor":31,"turns":5},{"damage":33,"enemies":"Collector","floor":33,"turns":10},{"damage":19,"enemies":"Orb Walker","floor":35,"turns":4},{"damage":24,"enemies":"Flame Bruiser 1 Orb","floor":36,"turns":8},{"damage":0,"enemies":"Maw","floor":37,"turns":8},{"damage":20,"enemies":"Transient","floor":38,"turns":5},{"damage":29,"enemies":"3 Darklings","floor":41,"turns":6},{"damage":9,"enemies":"Flame Bruiser 2 Orb","floor":42,"turns":7},{"damage":15,"enemies":"Spire Growth","floor":44,"turns":7},{"damage":21,"enemies":"Transient","floor":46,"turns":5},{"damage":13,"enemies":"Sphere and 2 Shapes","floor":47,"turns":4},{"damage":125,"enemies":"Awakened One","floor":50,"turns":12}],"seed_played":"-2205032152784244808","potions_obtained":[{"floor":3,"key":"Block Potion"},{"floor":13,"key":"Explosive Potion"},{"floor":16,"key":"Poison Potion"},{"floor":24,"key":"Strength Potion"},{"floor":28,"key":"GamblersBrew"},{"floor":35,"key":"Regen Potion"},{"floor":37,"key":"Weak Potion"},{"floor":42,"key":"SpeedPotion"},{"floor":44,"key":"PowerPotion"},{"floor":46,"key":"Regen Potion"}],"is_trial":false,"path_per_floor":["M","?","M","?","M","R","?","R","T","$","R","M","M","M","R","B",null,"M","M","M","?","?","R","M","R","T","$","M","?","R","M","R","B",null,"M","M","M","M","$","R","M","M","T","M","R","M","M","$","R","B"],"character_chosen":"DEFECT","items_purchased":["Conserve Battery","Sweeping Beam","Cold Snap","Self Repair","Hologram","Loop","Energy Potion","Energy Potion","Meteor Strike","Static Discharge"],"campfire_rested":1,"item_purchase_floors":[10,10,10,27,27,39,48,48,48,48],"current_hp_per_floor":[69,66,66,66,62,62,62,62,62,62,62,62,60,60,60,37,75,75,75,55,55,55,55,36,36,36,36,41,41,41,21,43,35,75,63,53,75,69,69,69,60,71,71,66,66,45,52,52,52,15],"gold":22,"neow_bonus":"BOSS_RELIC","is_prod":false,"is_daily":false,"chose_seed":false,"campfire_upgraded":10,"win_rate":0,"timestamp":1531784247,"path_taken":["M","?","M","?","M","R","?","R","T","?","R","M","M","M","R","BOSS","M","M","M","?","?","R","M","R","T","?","M","?","R","M","R","BOSS","M","M","M","M","$","R","M","M","T","M","R","M","M","$","R","BOSS"],"build_version":"2018-07-12","purchased_purges":0,"victory":true,"max_hp_per_floor":[75,75,75,75,75,75,75,75,75,75,75,75,75,75,75,75,75,75,75,75,75,75,75,75,75,75,75,75,75,75,75,75,75,75,75,75,75,75,75,75,75,75,75,75,75,75,75,75,75,75],"card_choices":[{"not_picked":["Double Energy","Turbo"],"picked":"Steam","floor":1},{"not_picked":["Coolheaded","Glacier"],"picked":"Sunder","floor":3},{"not_picked":["Double Energy","BootSequence"],"picked":"Chill","floor":5},{"not_picked":["Turbo","Steam Power"],"picked":"Beam Cell","floor":12},{"not_picked":["Redo","Go for the Eyes"],"picked":"Sunder","floor":13},{"not_picked":["Compile Driver","Sweeping Beam"],"picked":"Cold Snap","floor":14},{"not_picked":["Hyperbeam","Multi-Cast"],"picked":"Machine Learning","floor":16},{"not_picked":["Coolheaded","Steam Power"],"picked":"Static Discharge","floor":18},{"not_picked":["Chaos","Barrage"],"picked":"Beam Cell","floor":19},{"not_picked":["Steam","Streamline"],"picked":"Aggregate","floor":20},{"not_picked":["Melter","Steam Power+1"],"picked":"Defragment","floor":24},{"not_picked":["Beam Cell+1","Cold Snap"],"picked":"Amplify","floor":28},{"not_picked":["Go for the Eyes+1","Beam Cell"],"picked":"Conserve Battery","floor":31},{"not_picked":["Thunder Strike","Reboot"],"picked":"Electrodynamics","floor":33},{"not_picked":["Ball Lightning","Melter"],"picked":"Redo+1","floor":35},{"not_picked":["BootSequence+1","Consume+1"],"picked":"Hello World+1","floor":36},{"not_picked":["Recycle","Rebound"],"picked":"Auto Shields","floor":37},{"not_picked":["Fusion","Go for the Eyes+1"],"picked":"Rebound+1","floor":38},{"not_picked":["Stack+1","Recycle"],"picked":"Steam+1","floor":41},{"not_picked":["Fusion+1","Ball Lightning"],"picked":"Gash","floor":42},{"not_picked":["Leap+1","Darkness+1"],"picked":"All For One","floor":44},{"not_picked":["Gash+1","Glacier"],"picked":"Hologram+1","floor":46},{"not_picked":["Rebound+1","Hologram"],"picked":"Leap","floor":47}],"player_experience":75251,"relics_obtained":[{"floor":9,"key":"Happy Flower"},{"floor":26,"key":"Oddly Smooth Stone"},{"floor":43,"key":"Incense Burner"}],"event_choices":[{"event_name":"Scrap Ooze","player_choice":"success","floor":2,"damage_taken":3},{"event_name":"FaceTrader","player_choice":"Trade","floor":4,"damage_taken":0},{"event_name":"Liars Game","player_choice":"disagreed","floor":7,"damage_taken":0},{"event_name":"Drug Dealer","player_choice":"Ignored","floor":21,"damage_taken":0},{"event_name":"Ghosts","player_choice":"Ignored","floor":22,"damage_taken":0},{"event_name":"Beggar","player_choice":"Ignored","floor":29,"damage_taken":0}],"boss_relics":[{"not_picked":["Calling Bell","Velvet Choker"],"picked":"Nuclear Battery"},{"not_picked":["Philosopher\u0027s Stone","Snecko Eye"],"picked":"Lizard Tail"}],"items_purged_floors":[],"is_endless":false,"potions_floor_spawned":[3,13,16,24,28,35,37,42,44,46],"ascension_level":0}