{"gold_per_floor":[117,133,133,152,43,74,88,88,88,119,119,139,214,240,240,335,335,349,360,24,38,38,38,52,18,18,18,52,52,52,72,72,72],"floor_reached":33,"playtime":2031,"items_purged":[],"score":285,"play_id":"c8dc04dc-2d17-4b6a-b224-f112ebffaeec","local_time":"20190127171802","is_ascension_mode":false,"campfire_choices":[{"floor":8,"key":"RECALL"},{"floor":11,"key":"REST"},{"data":"Disarm","floor":15,"key":"SMITH"},{"data":"Mind Blast","floor":23,"key":"SMITH"},{"data":"Disarm","floor":27,"key":"SMITH"},{"data":"Intimidate","floor":29,"key":"SMITH"},{"data":"Havoc","floor":32,"key":"SMITH"}],"neow_cost":"NONE","seed_source_timestamp":5088574268326012,"circlet_count":0,"master_deck":["Strike_R+1","Strike_R","Strike_R+1","Strike_R","Strike_R","Defend_R","Defend_R","Defend_R","Defend_R","Bash","Madness","Spot Weakness","Thunderclap","Disarm+1","Metallicize","Disarm+1","Inflame","Second Wind","Flex","Rage","Flame Barrier","Immolate","Havoc","Headbutt","Sever Soul","Ghostly Armor","Mind Blast+1","Intimidate+1","Metallicize","Heavy Blade","Havoc+1"],"relics":["Black Blood","Orichalcum","Mummified Hand","Meat on the Bone","Dead Branch","Whetstone","Happy Flower"],"potions_floor_usage":[10,24,33,33,33],"damage_taken":[{"damage":2,"enemies":"2 Louse","floor":1,"turns":3},{"damage":6,"enemies":"Cultist","floor":2,"turns":3},{"damage":10,"enemies":"Small Slimes","floor":4,"turns":4},{"damage":7,"enemies":"Lagavulin","floor":6,"turns":7},{"damage":6,"enemies":"3 Louse","floor":7,"turns":5},{"damage":32,"enemies":"3 Sentries","floor":10,"turns":6},{"damage":1,"enemies":"Red Slaver","floor":12,"turns":4},{"damage":6,"enemies":"Gremlin Nob","floor":14,"turns":5},{"damage":9,"enemies":"Hexaghost","floor":16,"turns":12},{"damage":16,"enemies":"Shell Parasite","floor":18,"turns":7},{"damage":0,"enemies":"Chosen","floor":19,"turns":8},{"damage":0,"enemies":"Snake Plant","floor":21,"turns":7},{"damage":18,"enemies":"Sentry and Sphere","floor":24,"turns":5},{"damage":46,"enemies":"Slavers","floor":28,"turns":5},{"damage":0,"enemies":"Cultist and Chosen","floor":31,"turns":6},{"damage":61,"enemies":"Automaton","floor":33,"turns":6}],"seed_played":"-7608202202528401335","potions_obtained":[{"floor":2,"key":"GamblersBrew"},{"floor":4,"key":"GamblersBrew"},{"floor":7,"key":"FearPotion"},{"floor":18,"key":"Explosive Potion"},{"floor":24,"key":"Explosive Potion"}],"is_trial":false,"path_per_floor":["M","M","?","M","$","E","M","R","T","E","R","M","?","E","R","B",null,"M","M","$","M","?","R","M","$","T","R","E","R","?","M","R","B"],"character_chosen":"IRONCLAD","items_purchased":["Metallicize","Disarm","Dead Branch","Sever Soul","Metallicize"],"campfire_rested":1,"item_purchase_floors":[5,5,20,20,25],"current_hp_per_floor":[80,80,80,76,76,75,75,75,75,49,73,78,67,67,67,64,80,74,80,80,80,80,80,72,72,72,72,48,48,48,58,58,0],"gold":72,"neow_bonus":"RANDOM_COLORLESS","is_prod":false,"is_daily":false,"chose_seed":false,"campfire_upgraded":5,"win_rate":0,"timestamp":1548609482,"path_taken":["M","M","?","?","$","E","?","R","T","E","R","M","?","E","R","BOSS","M","M","$","M","?","R","?","$","T","R","E","R","?","M","R","BOSS"],"build_version":"2019-01-23","purchased_purges":0,"victory":false,"max_hp_per_floor":[80,80,80,80,80,80,80,80,80,80,80,80,80,80,80,80,80,80,80,80,80,80,80,80,80,80,80,80,80,80,80,80,80],"card_choices":[{"not_picked":["Blood for Blood","Sword Boomerang"],"picked":"Spot Weakness","floor":1},{"not_picked":["Fire Breathing","Carnage"],"picked":"Thunderclap","floor":2},{"not_picked":["Havoc","Wild Strike"],"picked":"Disarm","floor":4},{"not_picked":["Sword Boomerang","Entrench"],"picked":"Inflame","floor":6},{"not_picked":["Cleave","Shrug It Off"],"picked":"Second Wind","floor":7},{"not_picked":["Wild Strike","Iron Wave"],"picked":"Flex","floor":10},{"not_picked":["Sword Boomerang","Entrench"],"picked":"Rage","floor":12},{"not_picked":["Twin Strike","Clash"],"picked":"Flame Barrier","floor":14},{"not_picked":["Double Tap","Offering"],"picked":"Immolate","floor":16},{"not_picked":["Clothesline","Combust+1"],"picked":"Havoc","floor":18},{"not_picked":["Warcry","Bloodletting"],"picked":"Headbutt","floor":19},{"not_picked":["Iron Wave","Anger"],"picked":"Ghostly Armor","floor":21},{"not_picked":["Reckless Charge+1","Armaments"],"picked":"Intimidate","floor":24},{"not_picked":["Rampage","Wild Strike"],"picked":"Heavy Blade","floor":28},{"not_picked":["Thunderclap","Perfected Strike"],"picked":"Havoc","floor":31}],"player_experience":937783,"relics_obtained":[{"floor":6,"key":"Orichalcum"},{"floor":10,"key":"Mummified Hand"},{"floor":14,"key":"Meat on the Bone"},{"floor":26,"key":"Whetstone"},{"floor":28,"key":"Happy Flower"}],"event_choices":[{"damage_healed":0,"gold_gain":0,"player_choice":"Ignored","damage_taken":0,"max_hp_gain":0,"max_hp_loss":0,"event_name":"Purifier","floor":3,"gold_loss":0},{"damage_healed":0,"gold_gain":75,"player_choice":"Gather Gold","damage_taken":11,"max_hp_gain":0,"max_hp_loss":0,"event_name":"World of Goop","floor":13,"gold_loss":0},{"damage_healed":0,"gold_gain":0,"player_choice":"1 cards matched","damage_taken":0,"max_hp_gain":0,"max_hp_loss":0,"event_name":"Match and Keep!","floor":22,"gold_loss":0,"cards_obtained":["Mind Blast"]},{"damage_healed":0,"gold_gain":0,"player_choice":"Ignored","damage_taken":0,"max_hp_gain":0,"max_hp_loss":0,"event_name":"Purifier","floor":30,"gold_loss":0}],"is_beta":false,"boss_relics":[{"not_picked":["Snecko Eye","Runic Cube"],"picked":"Black Blood"}],"items_purged_floors":[],"is_endless":false,"potions_floor_spawned":[2,4,7,18,24],"killed_by":"Automaton","ascension_level":0}