{"gold_per_floor":[114,9,59,59,134,134,164,164,239,39,69,69,84,99,99,199,199,214,229,244,24,54,84,84,99,124,223,223,238,253,3,3,103,103,143,158,173,23,38,38,103,103,103,118,133,133,163,163,163,163],"floor_reached":51,"playtime":8155,"items_purged":[],"score":802,"play_id":"75c740f8-9166-4670-abd8-54ac343526fc","local_time":"20181026193956","daily_mods":["Shiny","Colorless Cards","DeadlyEvents"],"is_ascension_mode":false,"campfire_choices":[{"data":"Barricade","floor":6,"key":"SMITH"},{"data":"Berserk","floor":8,"key":"SMITH"},{"floor":12,"key":"REST"},{"data":"Enlightenment","floor":15,"key":"SMITH"},{"data":"1","floor":24,"key":"LIFT"},{"data":"2","floor":28,"key":"LIFT"},{"data":"3","floor":32,"key":"LIFT"},{"data":"Apotheosis","floor":40,"key":"SMITH"},{"data":"Limit Break","floor":42,"key":"SMITH"},{"data":"Limit Break","floor":46,"key":"SMITH"},{"floor":49,"key":"REST"}],"neow_cost":"","seed_source_timestamp":0,"circlet_count":0,"master_deck":["Double Tap+1","Demon Form+1","Bludgeon+1","Feed+1","Limit Break+1","Barricade+1","Fiend Fire+1","Dark Embrace+1","Berserk+1","Impervious+1","Juggernaut+1","Brutality+1","Reaper+1","Exhume+1","Offering+1","Immolate+1","Thunderclap+1","Flex+1","Cleave+1","Discovery+1","Pommel Strike+1","Enlightenment+1","PanicButton+1","Dramatic Entrance+1","Limit Break+1","Armaments+1","Finesse+1","Metallicize+1","Apotheosis+1","Flex+1","Body Slam+1","PanicButton+1","Carnage+1","Twin Strike+1","Pommel Strike+1","HandOfGreed+1","Headbutt+1","Thunderclap+1","Good Instincts+1","Secret Weapon+1","Parasite","Panacea+1","Finesse+1","Havoc+1","Heavy Blade+1"],"special_seed":17830,"relics":["Burning Blood","Dream Catcher","Ancient Tea Set","Molten Egg 2","Toy Ornithopter","Paper Frog","Girya","Red Skull","Centennial Puzzle","Sling","Black Star","Whetstone","Mango","Torii","Unceasing Top","Mark of the Bloom"],"potions_floor_usage":[22,23,30,30,33,36,50],"damage_taken":[{"damage":6,"enemies":"Cultist","floor":1,"turns":2},{"damage":27,"enemies":"3 Sentries","floor":7,"turns":3},{"damage":23,"enemies":"Gremlin Nob","floor":11,"turns":3},{"damage":6,"enemies":"Small Slimes","floor":13,"turns":1},{"damage":0,"enemies":"Jaw Worm","floor":14,"turns":2},{"damage":17,"enemies":"Slime Boss","floor":16,"turns":6},{"damage":16,"enemies":"Shell Parasite","floor":18,"turns":3},{"damage":30,"enemies":"Chosen","floor":19,"turns":5},{"damage":6,"enemies":"Centurion and Healer","floor":20,"turns":6},{"damage":32,"enemies":"Gremlin Leader","floor":22,"turns":9},{"damage":43,"enemies":"Book of Stabbing","floor":23,"turns":5},{"damage":6,"enemies":"Snake Plant","floor":25,"turns":1},{"damage":0,"enemies":"Snecko","floor":29,"turns":3},{"damage":36,"enemies":"Shelled Parasite and Fungi","floor":30,"turns":4},{"damage":34,"enemies":"Automaton","floor":33,"turns":5},{"damage":13,"enemies":"Orb Walker","floor":35,"turns":3},{"damage":29,"enemies":"3 Shapes","floor":36,"turns":6},{"damage":6,"enemies":"Transient","floor":37,"turns":5},{"damage":16,"enemies":"3 Darklings","floor":39,"turns":3},{"damage":14,"enemies":"4 Shapes","floor":41,"turns":6},{"damage":40,"enemies":"Writhing Mass","floor":44,"turns":5},{"damage":0,"enemies":"Jaw Worm Horde","floor":45,"turns":2},{"damage":6,"enemies":"Giant Head","floor":47,"turns":7},{"damage":63,"enemies":"Time Eater","floor":50,"turns":5}],"seed_played":"4193333135353494508","potions_obtained":[{"floor":11,"key":"SteroidPotion"},{"floor":22,"key":"Weak Potion"},{"floor":23,"key":"SkillPotion"},{"floor":25,"key":"SkillPotion"},{"floor":29,"key":"Fruit Juice"},{"floor":30,"key":"LiquidBronze"},{"floor":35,"key":"BloodPotion"},{"floor":36,"key":"SkillPotion"},{"floor":41,"key":"Regen Potion"}],"is_trial":false,"path_per_floor":["M","$","T","?","?","R","E","R","T","$","E","R","M","M","R","B",null,"M","M","M","$","E","E","R","M","T","?","R","M","M","$","R","B",null,"M","M","M","$","M","R","M","R","T","M","M","R","E","?","R","B"],"character_chosen":"IRONCLAD","items_purchased":["Flex","Cleave","Toy Ornithopter","Apotheosis","Flex","Sling","Energy Potion","Whetstone"],"campfire_rested":2,"item_purchase_floors":[2,2,10,21,21,31,31,38],"current_hp_per_floor":[80,80,80,80,69,69,48,48,48,48,31,55,55,67,67,80,83,76,58,66,66,94,80,80,80,80,80,80,86,72,72,72,77,99,92,87,102,102,102,102,101,101,115,89,95,95,95,95,95,32],"gold":163,"neow_bonus":"","is_prod":false,"is_daily":true,"chose_seed":false,"campfire_upgraded":6,"win_rate":0,"timestamp":1540579196,"path_taken":["M","$","?","?","?","R","E","R","T","$","E","R","M","M","R","BOSS","M","M","M","?","?","E","R","M","T","?","R","M","M","$","R","BOSS","M","M","M","$","?","R","M","R","T","M","M","R","?","?","R","BOSS"],"build_version":"2018-10-25v2","purchased_purges":0,"victory":true,"max_hp_per_floor":[80,80,80,80,80,80,80,80,80,80,80,80,80,80,80,83,83,86,86,94,94,94,94,94,94,94,94,94,94,99,99,99,99,99,99,102,102,102,102,102,102,102,116,116,116,116,116,116,116,116],"card_choices":[{"not_picked":["Pommel Strike","Anger"],"picked":"Thunderclap","floor":1},{"not_picked":["Armaments","PanicButton"],"picked":"Discovery","floor":7},{"not_picked":["True Grit","Forethought"],"picked":"Pommel Strike+1","floor":11},{"not_picked":["Havoc","Burning Pact"],"picked":"Enlightenment","floor":12},{"not_picked":["Sever Soul+1","Blind"],"picked":"PanicButton","floor":13},{"not_picked":["Shrug It Off","Twin Strike+1"],"picked":"Dramatic Entrance+1","floor":14},{"not_picked":["HandOfGreed+1","Chrysalis"],"picked":"Limit Break","floor":16},{"not_picked":["Twin Strike+1","Sentinel+1"],"picked":"Armaments+1","floor":18},{"not_picked":["Clash+1","Anger+1"],"picked":"Finesse","floor":19},{"not_picked":["Pommel Strike+1","Cleave+1"],"picked":"Metallicize","floor":20},{"not_picked":["Thunderclap+1","Thinking Ahead"],"picked":"Body Slam+1","floor":22},{"not_picked":["Wild Strike+1","Anger+1"],"picked":"PanicButton+1","floor":23},{"not_picked":["Sever Soul+1","Body Slam+1"],"picked":"Carnage+1","floor":25},{"not_picked":["Swift Strike+1","Perfected Strike+1"],"picked":"Twin Strike+1","floor":29},{"not_picked":["Clothesline+1","Good Instincts"],"picked":"Pommel Strike+1","floor":30},{"not_picked":["Apotheosis","Magnetism"],"picked":"HandOfGreed+1","floor":33},{"not_picked":["Twin Strike+1","Iron Wave+1"],"picked":"Headbutt+1","floor":35},{"not_picked":["Perfected Strike+1","Enlightenment"],"picked":"Thunderclap+1","floor":36},{"not_picked":["Dark Shackles","Sever Soul+1","Blood for Blood+1"],"picked":"SKIP","floor":37},{"not_picked":["Clash+1","Anger+1"],"picked":"Good Instincts","floor":39},{"not_picked":["Wild Strike+1","Iron Wave+1"],"picked":"Secret Weapon","floor":41},{"not_picked":["Shrug It Off+1","True Grit+1"],"picked":"Panacea+1","floor":44},{"not_picked":["True Grit","Clothesline+1"],"picked":"Finesse+1","floor":45},{"not_picked":["Burning Pact+1","Purity"],"picked":"Havoc+1","floor":47},{"not_picked":["Pommel Strike+1","PanicButton+1"],"picked":"Heavy Blade+1","floor":49}],"player_experience":635331,"relics_obtained":[{"floor":3,"key":"Dream Catcher"},{"floor":7,"key":"Ancient Tea Set"},{"floor":9,"key":"Molten Egg 2"},{"floor":11,"key":"Paper Frog"},{"floor":22,"key":"Girya"},{"floor":23,"key":"Red Skull"},{"floor":26,"key":"Centennial Puzzle"},{"floor":43,"key":"Mango"},{"floor":47,"key":"Torii"},{"floor":47,"key":"Unceasing Top"}],"event_choices":[{"damage_healed":0,"gold_gain":0,"player_choice":"Ignored","damage_taken":0,"max_hp_gain":0,"max_hp_loss":0,"event_name":"Liars Game","floor":4,"gold_loss":0},{"damage_healed":0,"gold_gain":75,"player_choice":"Gather Gold","damage_taken":11,"max_hp_gain":0,"max_hp_loss":0,"event_name":"World of Goop","floor":5,"gold_loss":0},{"damage_healed":0,"gold_gain":99,"player_choice":"Stole From Cult","damage_taken":0,"max_hp_gain":0,"max_hp_loss":0,"event_name":"Nest","floor":27,"gold_loss":0},{"damage_healed":0,"gold_gain":0,"player_choice":"Upgrade","damage_taken":0,"relics_obtained":["Mark of the Bloom"],"max_hp_gain":0,"max_hp_loss":0,"event_name":"MindBloom","floor":48,"gold_loss":0,"cards_upgraded":["Double Tap","Demon Form","Bludgeon","Fiend Fire","Dark Embrace","Impervious","Juggernaut","Brutality","Reaper","Exhume","Offering","Immolate","Thunderclap","Flex","Discovery","PanicButton","Finesse","Metallicize","Flex","Good Instincts","Secret Weapon"]}],"is_beta":false,"boss_relics":[{"not_picked":["Calling Bell","Empty Cage","Philosopher\u0027s Stone"]},{"not_picked":["White Beast Statue","Lizard Tail"],"picked":"Black Star"}],"items_purged_floors":[],"is_endless":false,"potions_floor_spawned":[11,22,23,25,29,30,35,36,39,41],"ascension_level":0}