{"gold_per_floor":[115,130,55,55,71,71,105,105,105,115,129,3,20,33,33,137,137,155,81,94,105,105,105,105,105,174,174],"floor_reached":27,"playtime":960,"items_purged":["Strike_B","Defend_B"],"score":215,"play_id":"ab9be400-1874-41d5-ac34-3d3f3b0f0ac1","local_time":"20190210085720","is_ascension_mode":false,"campfire_choices":[{"data":"Dualcast","floor":6,"key":"SMITH"},{"data":"Auto Shields","floor":8,"key":"SMITH"},{"data":"Redo","floor":15,"key":"SMITH"},{"data":"Echo Form","floor":23,"key":"SMITH"},{"data":"Hologram","floor":25,"key":"SMITH"}],"neow_cost":"NONE","seed_source_timestamp":322159328234799,"circlet_count":0,"master_deck":["Strike_B","Strike_B","Strike_B","Defend_B","Defend_B","Defend_B","Zap+1","Dualcast+1","Leap","Auto Shields+1","Electrodynamics","Go for the Eyes","Redo+1","Hologram+1","Echo Form+1","Capacitor"],"relics":["Cracked Core","Kunai","Omamori","Busted Crown"],"potions_floor_usage":[16,16,16,16,21],"damage_taken":[{"damage":1,"enemies":"Cultist","floor":1,"turns":3},{"damage":0,"enemies":"Small Slimes","floor":2,"turns":2},{"damage":0,"enemies":"Jaw Worm","floor":5,"turns":3},{"damage":15,"enemies":"3 Sentries","floor":7,"turns":10},{"damage":8,"enemies":"Exordium Wildlife","floor":10,"turns":4},{"damage":0,"enemies":"2 Fungi Beasts","floor":11,"turns":3},{"damage":6,"enemies":"Large Slime","floor":13,"turns":4},{"damage":0,"enemies":"Blue Slaver","floor":14,"turns":3},{"damage":22,"enemies":"The Guardian","floor":16,"turns":10},{"damage":1,"enemies":"3 Byrds","floor":18,"turns":4},{"damage":12,"enemies":"Chosen","floor":20,"turns":5},{"damage":24,"enemies":"Snecko","floor":21,"turns":6},{"damage":25,"enemies":"Colosseum Slavers","floor":27,"turns":2}],"seed_played":"2055721834507184615","potions_obtained":[{"floor":1,"key":"Weak Potion"},{"floor":4,"key":"FocusPotion"},{"floor":4,"key":"EntropicBrew"},{"floor":16,"key":"FearPotion"},{"floor":20,"key":"Strength Potion"}],"is_trial":false,"path_per_floor":["M","M","$","?","M","R","E","R","T","M","M","$","M","M","R","B",null,"M","$","M","M","?","R","$","R","T","?"],"character_chosen":"DEFECT","items_purchased":["Redo","Capacitor"],"campfire_rested":0,"item_purchase_floors":[12,19],"current_hp_per_floor":[74,74,74,74,74,74,59,59,59,51,51,51,45,45,45,23,75,74,74,62,38,24,24,24,24,24,0],"gold":174,"neow_bonus":"UPGRADE_CARD","is_prod":false,"is_daily":false,"chose_seed":false,"campfire_upgraded":5,"win_rate":0,"timestamp":1549810640,"path_taken":["M","?","$","?","?","R","E","R","T","?","M","$","M","M","R","BOSS","M","$","M","M","?","R","$","R","T","?"],"build_version":"2019-01-23","purchased_purges":2,"victory":false,"max_hp_per_floor":[75,75,75,75,75,75,75,75,75,75,75,75,75,75,75,75,75,75,75,75,75,80,80,80,80,80,80],"card_choices":[{"not_picked":["Hello World","Beam Cell"],"picked":"Leap","floor":1},{"not_picked":["Ball Lightning","Leap","Barrage"],"picked":"SKIP","floor":2},{"not_picked":["Leap","Darkness"],"picked":"Auto Shields","floor":5},{"not_picked":["Barrage","Lockon"],"picked":"Electrodynamics","floor":7},{"not_picked":["Steam","Sunder","Force Field"],"picked":"SKIP","floor":10},{"not_picked":["Gash","Heatsinks"],"picked":"Go for the Eyes","floor":11},{"not_picked":["Leap","Darkness"],"picked":"Hologram","floor":13},{"not_picked":["BootSequence","Sunder","Storm"],"picked":"SKIP","floor":14},{"not_picked":["Reboot","Buffer"],"picked":"Echo Form","floor":16},{"not_picked":["Cold Snap"],"picked":"SKIP","floor":18},{"not_picked":["Streamline"],"picked":"SKIP","floor":20},{"not_picked":["Compile Driver"],"picked":"SKIP","floor":21}],"player_experience":761890,"relics_obtained":[{"floor":7,"key":"Kunai"},{"floor":9,"key":"Omamori"}],"event_choices":[{"damage_healed":0,"gold_gain":0,"player_choice":"Got Potions","damage_taken":0,"max_hp_gain":0,"max_hp_loss":0,"event_name":"Lab","floor":4,"gold_loss":0},{"damage_healed":0,"gold_gain":0,"player_choice":"Shed Blood","damage_taken":19,"max_hp_gain":5,"max_hp_loss":0,"event_name":"Forgotten Altar","floor":22,"gold_loss":0},{"damage_healed":0,"gold_gain":0,"player_choice":"Fight","damage_taken":0,"max_hp_gain":0,"max_hp_loss":0,"event_name":"Colosseum","floor":27,"gold_loss":0}],"is_beta":false,"boss_relics":[{"not_picked":["Velvet Choker","Eternal Feather"],"picked":"Busted Crown"}],"items_purged_floors":[3,12],"is_endless":false,"potions_floor_spawned":[1,5,10,14,16,20],"killed_by":"Colosseum Slavers","ascension_level":0}