{"gold_per_floor":[116,130,150,68,86,115,115,145,145,179,179,190,75,75,75,180,180,198,198,198,198,212,212,242,256,280,299,11,11,11,44,44,149,149,168,243,261,261,261,261,279,279,279,279,279,0,0,17,17,17],"floor_reached":51,"playtime":4262,"items_purged":["Clumsy"],"score":760,"play_id":"0313a164-5992-45d8-a777-62da75e6877d","local_time":"20180811122633","is_ascension_mode":true,"campfire_choices":[{"data":"Chill","floor":7,"key":"SMITH"},{"data":"Go for the Eyes","floor":11,"key":"SMITH"},{"data":"Loop","floor":15,"key":"SMITH"},{"floor":23,"key":"REST"},{"data":"Creative AI","floor":29,"key":"SMITH"},{"floor":32,"key":"REST"},{"data":"Storm","floor":40,"key":"SMITH"},{"data":"White Noise","floor":42,"key":"SMITH"},{"data":"Buffer","floor":44,"key":"SMITH"},{"floor":47,"key":"REST"},{"data":"Loop","floor":49,"key":"SMITH"}],"neow_cost":"NONE","seed_source_timestamp":3677967727367335,"circlet_count":0,"master_deck":["Strike_B+1","Strike_B+1","Strike_B+1","Strike_B+1","Defend_B+1","Defend_B+1","Defend_B+1","Defend_B+1","Zap","Dualcast","BootSequence","Chill+1","Cold Snap","Go for the Eyes+1","Storm+1","Coolheaded","Cold Snap","Heatsinks","Gash","Steam","BootSequence+1","Loop+1","Creative AI+1","Gash+1","White Noise+1","Go for the Eyes","Beam Cell+1","BootSequence","Panache","Loop+1","Buffer+1","Storm+1","Leap+1","Turbo","Madness","Madness","Coolheaded","Clumsy","Regret","Loop+1"],"relics":["Cracked Core","Vajra","Darkstone Periapt","Bottled Flame","Matryoshka","Cursed Key","Bottled Lightning","Art of War","Potion Belt","Nloth\u0027s Gift","Whetstone","Lizard Tail","Ice Cream","Centennial Puzzle","Mummified Hand","Dodecahedron","Red Mask"],"potions_floor_usage":[16,16,31,31,33],"damage_taken":[{"damage":0,"enemies":"Cultist","floor":1,"turns":4},{"damage":1,"enemies":"Small Slimes","floor":2,"turns":3},{"damage":0,"enemies":"2 Louse","floor":3,"turns":2},{"damage":0,"enemies":"2 Fungi Beasts","floor":5,"turns":4},{"damage":0,"enemies":"3 Sentries","floor":6,"turns":11},{"damage":1,"enemies":"Lagavulin","floor":8,"turns":11},{"damage":10,"enemies":"3 Sentries","floor":10,"turns":9},{"damage":0,"enemies":"Exordium Wildlife","floor":12,"turns":6},{"damage":19,"enemies":"The Guardian","floor":16,"turns":15},{"damage":15,"enemies":"Spheric Guardian","floor":18,"turns":7},{"damage":3,"enemies":"Shell Parasite","floor":22,"turns":7},{"damage":9,"enemies":"Book of Stabbing","floor":24,"turns":8},{"damage":15,"enemies":"Snake Plant","floor":25,"turns":5},{"damage":0,"enemies":"Centurion and Healer","floor":27,"turns":8},{"damage":14,"enemies":"Slavers","floor":31,"turns":5},{"damage":33,"enemies":"Collector","floor":33,"turns":8},{"damage":0,"enemies":"Orb Walker","floor":35,"turns":4},{"damage":0,"enemies":"3 Shapes","floor":37,"turns":5},{"damage":0,"floor":38,"turns":4},{"damage":1,"enemies":"3 Darklings","floor":41,"turns":4},{"damage":0,"enemies":"Transient","floor":48,"turns":5},{"damage":34,"enemies":"Awakened One","floor":50,"turns":7}],"seed_played":"-6009027119601084081","potions_obtained":[{"floor":1,"key":"Dexterity Potion"},{"floor":8,"key":"Weak Potion"},{"floor":12,"key":"Poison Potion"},{"floor":22,"key":"Weak Potion"},{"floor":25,"key":"Regen Potion"},{"floor":27,"key":"Explosive Potion"},{"floor":31,"key":"LiquidBronze"},{"floor":35,"key":"EntropicBrew"},{"floor":48,"key":"Fire Potion"}],"is_trial":false,"path_per_floor":["M","M","M","$","M","E","R","E","T","E","R","M","$","?","R","B",null,"M","?","?","?","M","R","E","M","T","M","$","R","?","E","R","B",null,"M","?","M","?","?","R","M","R","T","R","T","?","R","M","R","B"],"character_chosen":"DEFECT","items_purchased":["Storm","BootSequence","Loop","Panache"],"campfire_rested":3,"item_purchase_floors":[4,13,13,28],"current_hp_per_floor":[75,74,74,74,74,74,74,73,73,63,63,63,63,63,63,44,75,60,44,44,44,41,63,54,39,45,45,45,45,45,43,67,34,81,81,73,73,73,63,63,62,62,68,68,74,74,93,93,93,59],"gold":17,"neow_bonus":"THREE_CARDS","is_prod":false,"is_daily":false,"chose_seed":false,"campfire_upgraded":8,"win_rate":0,"timestamp":1533986793,"path_taken":["M","?","M","$","M","E","R","E","T","E","R","M","$","?","R","BOSS","M","?","?","?","M","R","E","M","T","M","$","R","?","E","R","BOSS","M","?","M","?","?","R","?","R","T","R","?","?","R","M","R","BOSS"],"build_version":"2018-08-09","purchased_purges":1,"victory":true,"max_hp_per_floor":[75,75,75,75,75,75,75,75,75,75,75,75,75,75,75,75,75,75,75,75,75,75,75,75,75,81,81,81,81,81,81,81,81,81,81,81,81,81,81,81,81,81,87,87,93,93,93,93,93,93],"card_choices":[{"not_picked":["Coolheaded","Stack"],"picked":"BootSequence","floor":0},{"not_picked":["Conserve Battery","Cold Snap"],"picked":"Chill","floor":1},{"not_picked":["Stack","Rip and Tear"],"picked":"Cold Snap","floor":2},{"not_picked":["Leap","Genetic Algorithm"],"picked":"Go for the Eyes","floor":3},{"not_picked":["Beam Cell","Steam Power"],"picked":"Coolheaded","floor":5},{"not_picked":["Barrage","Multi-Cast"],"picked":"Cold Snap","floor":6},{"not_picked":["Beam Cell","Aggregate"],"picked":"Heatsinks","floor":8},{"not_picked":["Rip and Tear","Compile Driver"],"picked":"Gash","floor":10},{"not_picked":["Barrage","Stack"],"picked":"Steam","floor":12},{"not_picked":["Buffer","Multi-Cast"],"picked":"Creative AI","floor":16},{"not_picked":["Genetic Algorithm","Compile Driver"],"picked":"Gash","floor":18},{"not_picked":["Go for the Eyes","Tempest"],"picked":"White Noise","floor":22},{"not_picked":["Ball Lightning+1","Barrage"],"picked":"Go for the Eyes","floor":24},{"not_picked":["Heatsinks","Multi-Cast"],"picked":"Beam Cell","floor":25},{"not_picked":["Heatsinks+1","Ball Lightning"],"picked":"BootSequence","floor":27},{"not_picked":["Hyperbeam","Blizzard"],"picked":"Loop+1","floor":31},{"not_picked":["Hyperbeam","Rainbow"],"picked":"Buffer","floor":33},{"not_picked":["Barrage","Biased Cognition"],"picked":"Storm+1","floor":35},{"not_picked":["Hello World","Force Field"],"picked":"Leap+1","floor":37},{"not_picked":["Streamline","Fusion+1"],"picked":"Turbo","floor":38},{"not_picked":["Hyperbeam","Go for the Eyes+1"],"picked":"Coolheaded","floor":41},{"not_picked":["Recycle","Streamline+1"],"picked":"Loop","floor":48}],"player_experience":331361,"relics_obtained":[{"floor":6,"key":"Vajra"},{"floor":8,"key":"Darkstone Periapt"},{"floor":9,"key":"Bottled Flame"},{"floor":10,"key":"Matryoshka"},{"floor":19,"key":"Nilry\u0027s Codex"},{"floor":24,"key":"Bottled Lightning"},{"floor":26,"key":"Art of War"},{"floor":26,"key":"Potion Belt"},{"floor":31,"key":"Whetstone"},{"floor":38,"key":"Ice Cream"},{"floor":43,"key":"Centennial Puzzle"},{"floor":43,"key":"Mummified Hand"},{"floor":45,"key":"Dodecahedron"}],"event_choices":[{"event_name":"Accursed Blacksmith","player_choice":"Forge","floor":14,"damage_taken":0},{"event_name":"Cursed Tome","player_choice":"Obtained Book","floor":19,"damage_taken":0},{"event_name":"Back to Basics","player_choice":"Simplicity","floor":20,"damage_taken":0},{"event_name":"Drug Dealer","player_choice":"Ignored","floor":21,"damage_taken":0},{"event_name":"N\u0027loth","player_choice":"Traded a Nilry\u0027s Codex","floor":30,"damage_taken":0},{"event_name":"FaceTrader","player_choice":"Touch","floor":36,"damage_taken":0},{"event_name":"MindBloom","player_choice":"Fight","floor":38,"damage_taken":0},{"event_name":"Winding Halls","player_choice":"Embrace Madness","floor":39,"damage_taken":0},{"event_name":"Tomb of Lord Red Mask","player_choice":"Paid","floor":46,"damage_taken":0}],"is_beta":false,"boss_relics":[{"not_picked":["Snecko Eye","Calling Bell"],"picked":"Cursed Key"},{"not_picked":["Orrery","Runic Pyramid"],"picked":"Lizard Tail"}],"items_purged_floors":[28],"is_endless":false,"potions_floor_spawned":[1,8,12,22,25,27,31,35,48],"ascension_level":1}