{"gold_per_floor":[129,49,79,4,19,19,34,34,84,84,99,129,48,48,48,148,148,163,83,98,98,197,197,212,227,227,242,242,242,242,287,287,387,387,402,417,417,417,432,432,447,462,462,492,492,107,122,137,137,137],"floor_reached":51,"playtime":3736,"items_purged":[],"score":949,"play_id":"06f65acd-4835-4e2b-ac3a-4de550c02548","local_time":"20180821024159","daily_mods":["Allstar","Night Terrors","Hoarder"],"is_ascension_mode":false,"campfire_choices":[{"data":"Transmutation","floor":6,"key":"SMITH"},{"floor":8,"key":"REST"},{"floor":15,"key":"REST"},{"floor":23,"key":"REST"},{"data":"Storm","floor":28,"key":"SMITH"},{"data":"Storm","floor":30,"key":"SMITH"},{"data":"Apotheosis","floor":32,"key":"SMITH"},{"data":"White Noise","floor":40,"key":"SMITH"},{"data":"White Noise","floor":49,"key":"SMITH"}],"neow_cost":"","seed_source_timestamp":0,"circlet_count":0,"master_deck":["Strike_B","Strike_B","Strike_B","Strike_B","Defend_B","Defend_B","Defend_B","Defend_B","Zap","Dualcast","Transmutation","Transmutation","Transmutation+1","Apotheosis+1","Apotheosis","Apotheosis","Jack Of All Trades","Jack Of All Trades","Jack Of All Trades","Enlightenment","Enlightenment","Enlightenment","Blind","Blind","Blind","Aggregate","Aggregate","Aggregate","Defragment","Defragment","Defragment","Conserve Battery","Conserve Battery","Conserve Battery","Capacitor","Capacitor","Capacitor","Stack","Stack","Stack","Go for the Eyes","Go for the Eyes","Go for the Eyes","Stack","Stack","Stack","Barrage+1","Barrage+1","Storm+1","Storm","Storm+1","Thunder Strike+1","Thunder Strike+1","Thunder Strike+1","Beam Cell+1","Beam Cell+1","Static Discharge","Static Discharge","Static Discharge","Lockon+1","Lockon+1","Lockon+1","Consume","Consume","Consume","Gash+1","Gash+1","Gash+1","Storm","Storm","Storm","Heatsinks","Heatsinks","Heatsinks","Undo","Undo","Undo","White Noise","White Noise+1","White Noise+1","Force Field+1","Force Field+1","Force Field+1","BootSequence","BootSequence","BootSequence","Gash+1","Gash+1","Gash+1","Beam Cell+1","Beam Cell+1","Beam Cell+1","Amplify+1","Amplify","Amplify","Go for the Eyes+1","Go for the Eyes+1","Go for the Eyes+1","Defragment+1","Defragment+1","Defragment+1","Storm","Storm","Storm","Tempest","Tempest","Tempest","Gash+1","Gash+1","Gash+1","Heatsinks","Heatsinks","Heatsinks","Static Discharge","Static Discharge","Static Discharge","Beam Cell+1","Beam Cell+1","Beam Cell+1","Trip","Trip","Trip","Master of Strategy","Master of Strategy","Master of Strategy","White Noise+1","White Noise+1","White Noise+1","Double Energy+1","Double Energy+1","Double Energy+1"],"special_seed":17764,"relics":["Cracked Core","Bag of Marbles","Molten Egg 2","Pear","Orrery","Dream Catcher","Gambling Chip","Oddly Smooth Stone","Eternal Feather","Symbiotic Virus","Incense Burner"],"potions_floor_usage":[31,50,50],"damage_taken":[{"damage":5,"enemies":"Small Slimes","floor":1,"turns":3},{"damage":2,"enemies":"2 Louse","floor":3,"turns":3},{"damage":6,"enemies":"Cultist","floor":5,"turns":4},{"damage":16,"enemies":"3 Louse","floor":7,"turns":2},{"damage":2,"enemies":"Looter","floor":11,"turns":2},{"damage":41,"enemies":"Gremlin Nob","floor":12,"turns":5},{"damage":32,"enemies":"Slime Boss","floor":16,"turns":9},{"damage":45,"enemies":"3 Byrds","floor":18,"turns":7},{"damage":17,"enemies":"Spheric Guardian","floor":20,"turns":4},{"damage":30,"enemies":"Snake Plant","floor":24,"turns":5},{"damage":0,"enemies":"Centurion and Healer","floor":25,"turns":2},{"damage":2,"enemies":"3 Cultists","floor":27,"turns":2},{"damage":18,"enemies":"Book of Stabbing","floor":31,"turns":5},{"damage":36,"enemies":"Automaton","floor":33,"turns":5},{"damage":9,"enemies":"3 Shapes","floor":35,"turns":5},{"damage":16,"enemies":"Flame Bruiser 1 Orb","floor":36,"turns":5},{"damage":18,"enemies":"3 Darklings","floor":39,"turns":3},{"damage":2,"enemies":"Sphere and 2 Shapes","floor":41,"turns":3},{"damage":0,"enemies":"Transient","floor":42,"turns":5},{"damage":30,"enemies":"Giant Head","floor":44,"turns":7},{"damage":12,"enemies":"Spire Growth","floor":47,"turns":5},{"damage":23,"enemies":"3 Darklings","floor":48,"turns":3},{"damage":59,"enemies":"Donu and Deca","floor":50,"turns":6}],"seed_played":"-3893326877167468496","potions_obtained":[{"floor":3,"key":"Ancient Potion"},{"floor":11,"key":"FearPotion"},{"floor":18,"key":"SteroidPotion"},{"floor":25,"key":"Regen Potion"},{"floor":39,"key":"SpeedPotion"},{"floor":41,"key":"FocusPotion"},{"floor":48,"key":"Regen Potion"}],"is_trial":false,"path_per_floor":["M","$","M","$","M","R","M","R","T","?","M","E","$","?","R","B",null,"M","$","M","?","?","R","M","M","T","M","R","?","R","E","R","B",null,"M","M","?","?","M","R","M","M","T","E","?","$","M","M","R","B"],"character_chosen":"DEFECT","items_purchased":["Defragment","Capacitor","Storm","Heatsinks","Static Discharge","Beam Cell+1","Trip","Master of Strategy"],"campfire_rested":3,"item_purchase_floors":[2,4,13,19,46,46,46,46],"current_hp_per_floor":[70,70,68,68,62,62,46,70,70,58,56,29,29,29,75,43,75,30,30,13,13,13,70,40,52,52,50,50,50,50,41,41,5,70,61,45,45,45,27,70,70,70,70,40,40,40,28,5,70,30],"gold":137,"neow_bonus":"","is_prod":false,"is_daily":true,"chose_seed":false,"campfire_upgraded":6,"win_rate":0,"timestamp":1534815719,"path_taken":["M","$","M","$","M","R","M","R","T","?","M","E","?","?","R","BOSS","M","$","M","?","?","R","?","M","T","M","R","?","R","E","R","BOSS","M","M","?","?","?","R","M","M","T","E","?","$","M","M","R","BOSS"],"build_version":"2018-08-16","purchased_purges":0,"victory":true,"max_hp_per_floor":[75,75,75,75,75,75,75,70,70,70,70,80,80,80,75,75,75,75,75,75,75,75,70,70,70,70,70,70,70,70,70,70,70,70,70,70,70,70,70,70,70,70,70,70,70,70,70,70,70,70],"card_choices":[{"not_picked":["Reprogram","BootSequence"],"picked":"Aggregate","floor":1},{"not_picked":["Beam Cell","Compile Driver"],"picked":"Conserve Battery","floor":3},{"not_picked":["Hologram","Genetic Algorithm"],"picked":"Stack","floor":5},{"not_picked":["Steam Power","Redo"],"picked":"Go for the Eyes","floor":7},{"not_picked":["Rebound+1","Recycle"],"picked":"Stack","floor":11},{"not_picked":["Hologram","Biased Cognition"],"picked":"Barrage+1","floor":12},{"not_picked":["Hyperbeam+1","Rainbow"],"picked":"Thunder Strike+1","floor":16},{"not_picked":["Conserve Battery","Hologram"],"picked":"Beam Cell+1","floor":17},{"not_picked":["Barrage+1","Double Energy"],"picked":"Static Discharge","floor":17},{"not_picked":["Sweeping Beam+1","Redo"],"picked":"Lockon+1","floor":17},{"not_picked":["Rebound+1","Steam"],"picked":"Consume","floor":17},{"not_picked":["Reinforced Body","Rebound+1"],"picked":"Gash+1","floor":17},{"not_picked":["FTL+1","Turbo"],"picked":"Storm","floor":18},{"not_picked":["Capacitor","Rebound+1"],"picked":"Undo","floor":20},{"not_picked":["Meteor Strike+1","Streamline+1"],"picked":"White Noise","floor":23},{"not_picked":["Darkness","Compile Driver+1"],"picked":"Force Field+1","floor":24},{"not_picked":["Double Energy+1","Go for the Eyes+1"],"picked":"BootSequence","floor":25},{"not_picked":["Ball Lightning+1","Scrape+1"],"picked":"Gash+1","floor":27},{"not_picked":["BootSequence+1","Cold Snap+1"],"picked":"Beam Cell+1","floor":31},{"not_picked":["Fission","Biased Cognition"],"picked":"Amplify","floor":33},{"not_picked":["Redo","Blizzard+1"],"picked":"Go for the Eyes+1","floor":35},{"not_picked":["Go for the Eyes+1","Barrage+1"],"picked":"Defragment+1","floor":36},{"not_picked":["Ball Lightning+1","Leap"],"picked":"Tempest","floor":39},{"not_picked":["Coolheaded","Recycle"],"picked":"Gash+1","floor":41},{"not_picked":["Stack","Hologram","Cold Snap+1"],"picked":"SKIP","floor":42},{"not_picked":["Consume+1","Melter+1"],"picked":"Heatsinks","floor":44},{"not_picked":["Streamline+1","Defragment"],"picked":"White Noise+1","floor":47},{"not_picked":["Coolheaded","Streamline+1"],"picked":"Double Energy+1","floor":48}],"player_experience":425677,"relics_obtained":[{"floor":9,"key":"Bag of Marbles"},{"floor":12,"key":"Pear"},{"floor":26,"key":"Gambling Chip"},{"floor":31,"key":"Oddly Smooth Stone"},{"floor":43,"key":"Symbiotic Virus"},{"floor":44,"key":"Incense Burner"}],"event_choices":[{"event_name":"Scrap Ooze","player_choice":"success","floor":10,"damage_taken":12},{"event_name":"Liars Game","player_choice":"disagreed","floor":14,"damage_taken":0},{"event_name":"WeMeetAgain","player_choice":"Card","floor":21,"damage_taken":0},{"event_name":"Nest","player_choice":"Stole From Cult","floor":22,"damage_taken":0},{"event_name":"Beggar","player_choice":"Ignored","floor":29,"damage_taken":0},{"event_name":"Match and Keep!","player_choice":"1 cards matched","floor":37,"damage_taken":0},{"event_name":"Upgrade Shrine","player_choice":"Upgraded","floor":38,"damage_taken":0},{"event_name":"Falling","player_choice":"Removed Attack","floor":45,"damage_taken":0}],"is_beta":false,"boss_relics":[{"not_picked":["Nuclear Battery","FrozenCore"],"picked":"Orrery"},{"not_picked":["Sozu","White Beast Statue"],"picked":"Eternal Feather"}],"items_purged_floors":[],"is_endless":false,"potions_floor_spawned":[3,11,18,20,25,39,41,47,48],"ascension_level":0}