{"gold_per_floor":[110,156,173,173,173,173,204,204,204,223,30,30,56,73,73,170,170,184,47,0,12,28,28,57,57,57,57,30,65,65,90,90,90],"floor_reached":33,"playtime":1817,"items_purged":[],"score":324,"play_id":"b8fa23bf-7a4a-4b9c-a2ae-8eb2a1dcada1","local_time":"20180808063427","is_ascension_mode":true,"campfire_choices":[{"data":"Bash","floor":6,"key":"SMITH"},{"data":"Pommel Strike","floor":8,"key":"SMITH"},{"data":"Enlightenment","floor":12,"key":"SMITH"},{"data":"Immolate","floor":15,"key":"SMITH"},{"data":"Heavy Blade","floor":23,"key":"SMITH"},{"floor":25,"key":"REST"},{"floor":30,"key":"REST"},{"floor":32,"key":"REST"}],"neow_cost":"NONE","seed_source_timestamp":3400098847115068,"circlet_count":0,"master_deck":["Strike_R","Strike_R","Strike_R","Strike_R","Strike_R","Defend_R","Defend_R","Defend_R","Defend_R","Bash+1","Pommel Strike+1","Pommel Strike","Heavy Blade+1","Thunderclap","Enlightenment+1","Immolate+1","Fiend Fire","Thunderclap","Limit Break","Perfected Strike","Inflame+1","Armaments","Spot Weakness","Armaments","Sentinel+1"],"relics":["Burning Blood","Blood Vial","Blue Candle","Singing Bowl","Pantograph","Black Star","Matryoshka","Bottled Lightning","Juzu Bracelet","Art of War","Centennial Puzzle","Boot","Bag of Marbles","Dream Catcher"],"potions_floor_usage":[21,24,24,29],"damage_taken":[{"damage":6,"enemies":"Cultist","floor":1,"turns":3},{"damage":4,"enemies":"2 Louse","floor":3,"turns":3},{"damage":15,"enemies":"Gremlin Nob","floor":7,"turns":4},{"damage":0,"enemies":"Small Slimes","floor":10,"turns":2},{"damage":19,"enemies":"3 Sentries","floor":13,"turns":6},{"damage":8,"enemies":"Red Slaver","floor":14,"turns":4},{"damage":32,"enemies":"Slime Boss","floor":16,"turns":8},{"damage":5,"enemies":"Chosen","floor":18,"turns":3},{"damage":30,"enemies":"2 Thieves","floor":21,"turns":3},{"damage":10,"enemies":"Cultist and Chosen","floor":22,"turns":3},{"damage":62,"enemies":"Book of Stabbing","floor":24,"turns":5},{"damage":34,"enemies":"Slavers","floor":29,"turns":4},{"damage":52,"enemies":"Book of Stabbing","floor":31,"turns":5},{"damage":72,"enemies":"Automaton","floor":33,"turns":6}],"seed_played":"5212127755134444482","potions_obtained":[{"floor":1,"key":"BloodPotion"},{"floor":10,"key":"FearPotion"},{"floor":13,"key":"BloodPotion"},{"floor":24,"key":"Fire Potion"},{"floor":31,"key":"FearPotion"}],"is_trial":false,"path_per_floor":["M","T","M","?","?","R","E","R","T","M","$","R","E","M","R","B",null,"M","$","?","M","M","R","E","R","T","?","$","E","R","E","R"],"character_chosen":"IRONCLAD","items_purchased":["Enlightenment","Limit Break","Armaments"],"campfire_rested":3,"item_purchase_floors":[11,19,28],"current_hp_per_floor":[88,88,88,88,88,88,79,79,79,87,87,87,77,77,77,64,90,90,90,90,75,73,73,30,57,57,57,57,31,58,14,41,0],"gold":90,"neow_bonus":"TEN_PERCENT_HP_BONUS","is_prod":false,"is_daily":false,"chose_seed":false,"campfire_upgraded":5,"win_rate":0,"timestamp":1533706467,"path_taken":["M","?","M","?","?","R","E","R","T","M","$","R","E","M","R","BOSS","M","$","?","M","M","R","E","R","T","?","$","E","R","E","R","BOSS"],"build_version":"2018-08-02","purchased_purges":0,"victory":false,"max_hp_per_floor":[88,88,88,88,88,88,88,88,88,88,88,88,90,90,90,90,90,90,90,90,90,90,90,92,92,92,92,92,92,92,92,92,92],"card_choices":[{"not_picked":["Corruption","Disarm"],"picked":"Pommel Strike","floor":1},{"not_picked":["Sever Soul","Reckless Charge"],"picked":"Pommel Strike","floor":3},{"not_picked":["Rupture","Disarm"],"picked":"Heavy Blade","floor":7},{"not_picked":["Twin Strike","Carnage"],"picked":"Thunderclap","floor":10},{"not_picked":["Havoc","Sentinel","Sword Boomerang"],"picked":"Singing Bowl","floor":13},{"not_picked":["Carnage","True Grit"],"picked":"Immolate","floor":14},{"not_picked":["Immolate","Feed"],"picked":"Fiend Fire","floor":16},{"not_picked":["Second Wind","Hemokinesis"],"picked":"Thunderclap","floor":18},{"not_picked":["Warcry","Body Slam+1"],"picked":"Perfected Strike","floor":21},{"not_picked":["Feel No Pain","Rupture"],"picked":"Inflame+1","floor":22},{"not_picked":["Clothesline+1","Rupture","Combust+1"],"picked":"Singing Bowl","floor":24},{"not_picked":["Double Tap","Perfected Strike"],"picked":"Spot Weakness","floor":29},{"not_picked":["Carnage","Dropkick"],"picked":"Armaments","floor":31},{"not_picked":["Corruption","Clothesline"],"picked":"Sentinel+1","floor":32}],"player_experience":309769,"relics_obtained":[{"floor":2,"key":"Blood Vial"},{"floor":7,"key":"Blue Candle"},{"floor":9,"key":"Singing Bowl"},{"floor":13,"key":"Pantograph"},{"floor":24,"key":"Matryoshka"},{"floor":24,"key":"Bottled Lightning"},{"floor":26,"key":"Juzu Bracelet"},{"floor":26,"key":"Art of War"},{"floor":29,"key":"Centennial Puzzle"},{"floor":29,"key":"Boot"},{"floor":31,"key":"Bag of Marbles"},{"floor":31,"key":"Dream Catcher"}],"event_choices":[{"event_name":"The Cleric","player_choice":"Leave","floor":4,"damage_taken":0},{"event_name":"Accursed Blacksmith","player_choice":"Ignore","floor":5,"damage_taken":0},{"event_name":"Masked Bandits","player_choice":"Paid Bandits 47 gold","floor":20,"damage_taken":0},{"event_name":"Beggar","player_choice":"Ignored","floor":27,"damage_taken":0}],"is_beta":false,"boss_relics":[{"not_picked":["Velvet Choker","Runic Cube"],"picked":"Black Star"}],"items_purged_floors":[],"is_endless":false,"potions_floor_spawned":[1,10,13,14,24,31],"killed_by":"Automaton","ascension_level":1}