{"gold_per_floor":[110,60,90,90,39,39,52,52,75,95,55,55,75,0,0,97,97,109,208,208,208,9,9,28,28,54,88,115,115,129,3,3,102,102,119,119,56,56,71,71,91,91,118,118,118,118,118,131,131,131],"floor_reached":51,"playtime":754,"items_purged":["Strike_R","Strike_R","Strike_R"],"score":672,"play_id":"954ec0e9-8527-49e9-8713-834f52d6a156","local_time":"20190327214431","is_ascension_mode":false,"campfire_choices":[{"data":"Flex","floor":6.0,"key":"SMITH"},{"data":"Bash","floor":8.0,"key":"SMITH"},{"data":"Spot Weakness","floor":15.0,"key":"SMITH"},{"data":"Whirlwind","floor":23.0,"key":"SMITH"},{"data":"Disarm","floor":25.0,"key":"SMITH"},{"data":"Metallicize","floor":29.0,"key":"SMITH"},{"floor":32.0,"key":"REST"},{"floor":40.0,"key":"REST"},{"floor":42.0,"key":"REST"},{"floor":44.0,"key":"REST"},{"floor":46.0,"key":"REST"},{"floor":49.0,"key":"REST"}],"neow_cost":"NONE","seed_source_timestamp":17118879303246,"circlet_count":0,"master_deck":["Strike_R","Defend_R","Defend_R+1","Defend_R+1","Defend_R","Bash+1","Metallicize+1","Flex+1","Twin Strike","Spot Weakness+1","Spot Weakness+1","Fiend Fire","Disarm+1","Whirlwind+1","Panacea","Flex","Demon Form","Sword Boomerang","Heavy Blade+1","Enlightenment","Inflame+1"],"special_seed":0,"relics":["Burning Blood","NeowsBlessing","Tiny Chest","War Paint","Runic Dome","Red Skull","Membership Card","Pen Nib","Ancient Tea Set","Omamori","Fusion Hammer","Anchor"],"potions_floor_usage":[50,50],"damage_taken":[{"damage":0.0,"enemies":"Jaw Worm","floor":1.0,"turns":1.0},{"damage":0.0,"enemies":"2 Louse","floor":7.0,"turns":1.0},{"damage":0.0,"enemies":"Small Slimes","floor":10.0,"turns":2.0},{"damage":2.0,"enemies":"Looter","floor":13.0,"turns":2.0},{"damage":46.0,"enemies":"The Guardian","floor":16.0,"turns":9.0},{"damage":2.0,"enemies":"Chosen","floor":18.0,"turns":2.0},{"damage":7.0,"enemies":"Shell Parasite","floor":24.0,"turns":5.0},{"damage":44.0,"enemies":"Slavers","floor":27.0,"turns":5.0},{"damage":16.0,"enemies":"Centurion and Healer","floor":30.0,"turns":3.0},{"damage":18.0,"enemies":"Champ","floor":33.0,"turns":10.0},{"damage":15.0,"enemies":"3 Shapes","floor":35.0,"turns":4.0},{"damage":33.0,"enemies":"3 Darklings","floor":39.0,"turns":4.0},{"damage":42.0,"enemies":"Maw","floor":41.0,"turns":6.0},{"damage":22.0,"enemies":"Spire Growth","floor":48.0,"turns":3.0},{"damage":72,"enemies":"Awakened One","floor":50,"turns":9}],"seed_played":"-6067145728096514622","potions_obtained":[{"floor":1.0,"key":"SkillPotion"},{"floor":10.0,"key":"SkillPotion"},{"floor":16.0,"key":"Weak Potion"},{"floor":24.0,"key":"Dexterity Potion"},{"floor":27.0,"key":"Strength Potion"},{"floor":33.0,"key":"SteroidPotion"}],"is_trial":false,"path_per_floor":["M","?","?","?","$","R","M","R","T","M","$","?","M","$","R","B",null,"M","?","?","?","$","R","M","R","T","E","T","R","M","$","R","B",null,"M","?","$","?","M","R","M","R","T","R","?","R","?","M","R","B",null],"character_chosen":"IRONCLAD","items_purchased":["Flex","Spot Weakness","Membership Card","Panacea","Flex"],"campfire_rested":6,"item_purchase_floors":[5,11,22,31,31],"current_hp_per_floor":[80,80,80,73,73,73,79,79,79,80,80,80,80,80,80,40,80,80,80,80,80,80,80,79,79,79,41,41,41,31,31,55,43,80,71,71,71,71,44,66,30,52,52,74,74,76,76,60,76,10],"gold":131,"neow_bonus":"THREE_ENEMY_KILL","is_prod":false,"is_daily":false,"chose_seed":false,"campfire_upgraded":6,"win_rate":0,"timestamp":1553744671,"path_taken":["M","?","?","?","$","R","M","R","T","M","$","?","?","$","R","BOSS","M","?","?","?","$","R","M","R","T","E","?","R","?","$","R","BOSS","M","?","$","?","M","R","?","R","T","R","?","R","?","M","R","BOSS"],"build_version":"2019-01-23","purchased_purges":3,"victory":true,"max_hp_per_floor":[80,80,80,80,80,80,80,80,80,80,80,80,80,80,80,80,80,80,80,80,80,80,80,80,80,80,80,80,80,80,80,80,80,80,80,76,76,76,76,76,76,76,76,76,76,76,76,76,76,76],"card_choices":[{"not_picked":["Fire Breathing","Blood for Blood"],"picked":"Metallicize","floor":1.0},{"not_picked":["Iron Wave","Flame Barrier"],"picked":"Twin Strike","floor":7.0},{"not_picked":["Flame Barrier","Sword Boomerang"],"picked":"Spot Weakness","floor":10.0},{"not_picked":["Perfected Strike","Havoc","Body Slam"],"picked":"SKIP","floor":13.0},{"not_picked":["Berserk","Exhume"],"picked":"Fiend Fire","floor":16.0},{"not_picked":["Cleave","Havoc"],"picked":"Disarm","floor":18.0},{"not_picked":["Flex","Iron Wave","Clothesline"],"picked":"SKIP","floor":24.0},{"not_picked":["Intimidate","Shrug It Off","Dropkick"],"picked":"SKIP","floor":27.0},{"not_picked":["Rampage","Reckless Charge","Second Wind"],"picked":"SKIP","floor":30.0},{"not_picked":["Juggernaut","Double Tap"],"picked":"Demon Form","floor":33.0},{"not_picked":["Infernal Blade+1","Wild Strike+1"],"picked":"Sword Boomerang","floor":35.0},{"not_picked":["Twin Strike","Cleave","Rampage+1"],"picked":"SKIP","floor":39.0},{"not_picked":["Pommel Strike+1","Twin Strike+1"],"picked":"Heavy Blade+1","floor":41.0},{"not_picked":["Mind Blast","Blind"],"picked":"Enlightenment","floor":45.0},{"not_picked":["Rampage+1","Body Slam+1"],"picked":"Inflame+1","floor":48.0}],"player_experience":1133610,"relics_obtained":[{"floor":9.0,"key":"War Paint"},{"floor":26.0,"key":"Pen Nib"},{"floor":27.0,"key":"Ancient Tea Set"},{"floor":28.0,"key":"Omamori"},{"floor":43.0,"key":"Anchor"}],"event_choices":[{"cards_removed":["Strike_R"],"damage_healed":0.0,"max_hp_gain":0.0,"max_hp_loss":0.0,"gold_gain":0.0,"event_name":"The Cleric","player_choice":"Card Removal","floor":2.0,"gold_loss":50.0,"damage_taken":0.0},{"damage_healed":0.0,"max_hp_gain":0.0,"max_hp_loss":0.0,"gold_gain":0.0,"event_name":"Big Fish","player_choice":"Box","floor":3.0,"gold_loss":0.0,"damage_taken":0.0,"relics_obtained":["Tiny Chest"],"cards_obtained":["Regret"]},{"cards_removed":["Regret"],"damage_healed":0.0,"max_hp_gain":0.0,"max_hp_loss":0.0,"gold_gain":0.0,"event_name":"Golden Wing","player_choice":"Card Removal","floor":4.0,"gold_loss":0.0,"damage_taken":7.0},{"damage_healed":0.0,"max_hp_gain":0.0,"max_hp_loss":0.0,"gold_gain":0.0,"event_name":"Upgrade Shrine","player_choice":"Upgraded","floor":12.0,"gold_loss":0.0,"damage_taken":0.0,"cards_upgraded":["Spot Weakness"]},{"damage_healed":0.0,"max_hp_gain":0.0,"max_hp_loss":0.0,"gold_gain":99.0,"event_name":"Nest","player_choice":"Stole From Cult","floor":19.0,"gold_loss":0.0,"damage_taken":0.0},{"damage_healed":0.0,"max_hp_gain":0.0,"max_hp_loss":0.0,"gold_gain":0.0,"event_name":"The Mausoleum","player_choice":"Opened","floor":20.0,"gold_loss":0.0,"damage_taken":0.0,"relics_obtained":["Red Skull"]},{"damage_healed":0.0,"max_hp_gain":0.0,"max_hp_loss":0.0,"gold_gain":0.0,"event_name":"The Library","player_choice":"Read","floor":21.0,"gold_loss":0.0,"damage_taken":0.0,"cards_obtained":["Whirlwind"]},{"damage_healed":0.0,"max_hp_gain":0.0,"max_hp_loss":4.0,"gold_gain":0.0,"event_name":"Winding Halls","player_choice":"Max HP","floor":36.0,"gold_loss":0.0,"damage_taken":0.0},{"damage_healed":0.0,"max_hp_gain":0.0,"max_hp_loss":0.0,"gold_gain":0.0,"event_name":"Match and Keep!","player_choice":"0 cards matched","floor":38.0,"gold_loss":0.0,"damage_taken":0.0,"cards_obtained":[]},{"damage_healed":0.0,"max_hp_gain":0.0,"max_hp_loss":0.0,"gold_gain":0.0,"event_name":"SensoryStone","player_choice":"Memory 1","floor":45.0,"gold_loss":0.0,"damage_taken":0.0},{"damage_healed":0.0,"max_hp_gain":0.0,"max_hp_loss":0.0,"gold_gain":0.0,"event_name":"MindBloom","player_choice":"Heal","floor":47.0,"gold_loss":0.0,"damage_taken":0.0,"cards_obtained":["Doubt"]}],"is_beta":false,"boss_relics":[{"not_picked":["Black Star","Empty Cage"],"picked":"Runic Dome"},{"not_picked":["Runic Pyramid","Philosopher\u0027s Stone"],"picked":"Fusion Hammer"}],"items_purged_floors":[14,31,37],"is_endless":false,"potions_floor_spawned":[1,10,16,24,27,33],"ascension_level":0}