{"gold_per_floor":[110,122,142,161,161,161,52,81,135,155,216,243,243,253,253,357,357,376,6,6,26,40,40,67,67,147,173,173,199,199,229,229,331,331,351,451,451,298,298,298,316,316,316,331,356,371,399,419,419,419,419,419,4,38,38],"floor_reached":56,"playtime":5967,"items_purged":["Strike_G","Prepared"],"score":2209,"play_id":"8a8cc6ab-ff67-4998-8cd6-3d3adcc31050","local_time":"20190322202445","is_ascension_mode":true,"campfire_choices":[{"data":"Deadly Poison","floor":6.0,"key":"SMITH"},{"data":"Noxious Fumes","floor":13.0,"key":"SMITH"},{"data":"Leg Sweep","floor":15.0,"key":"SMITH"},{"data":"Ghostly","floor":23.0,"key":"SMITH"},{"data":"Ghostly","floor":25.0,"key":"SMITH"},{"data":"Ghostly","floor":28.0,"key":"SMITH"},{"data":"Ghostly","floor":30.0,"key":"SMITH"},{"data":"Footwork","floor":32.0,"key":"SMITH"},{"data":"Deadly Poison","floor":40.0,"key":"SMITH"},{"data":"Footwork","floor":42.0,"key":"SMITH"},{"floor":49.0,"key":"RECALL"},{"data":"Well Laid Plans","floor":52.0,"key":"SMITH"}],"neow_cost":"NONE","seed_source_timestamp":0,"circlet_count":0,"master_deck":["AscendersBane","Defend_G+1","Defend_G","Defend_G","Defend_G","Defend_G","Survivor","Neutralize","Deadly Poison+1","Backflip+1","Leg Sweep+1","Infinite Blades","Noxious Fumes+1","Well Laid Plans+1","Caltrops+1","A Thousand Cuts+1","Footwork+1","Footwork+1","Die Die Die","Ghostly+1","Ghostly+1","Ghostly+1","Ghostly+1","Ghostly","Footwork+1","PiercingWail+1","Prepared","Deadly Poison+1","Dodge and Roll+1","Crippling Poison+1","Noxious Fumes+1","Finesse","Footwork+1","Backflip"],"special_seed":0,"relics":["Ring of the Snake","Meat on the Bone","War Paint","Blood Vial","Orichalcum","Astrolabe","Bronze Scales","Potion Belt","Bottled Flame","FossilizedHelix","Frozen Egg 2","Oddly Smooth Stone","Coffee Dripper","The Specimen","Centennial Puzzle","Question Card","Lantern","Bottled Tornado"],"potions_floor_usage":[55,55,55],"damage_taken":[{"damage":7.0,"enemies":"Cultist","floor":1.0,"turns":6.0},{"damage":0.0,"enemies":"2 Louse","floor":2.0,"turns":3.0},{"damage":0.0,"enemies":"Small Slimes","floor":3.0,"turns":3.0},{"damage":1.0,"enemies":"Blue Slaver","floor":4.0,"turns":6.0},{"damage":12.0,"enemies":"3 Sentries","floor":8.0,"turns":8.0},{"damage":0.0,"enemies":"2 Fungi Beasts","floor":10.0,"turns":4.0},{"damage":20.0,"enemies":"Lagavulin Event","floor":11.0,"turns":7.0},{"damage":6.0,"enemies":"Lagavulin","floor":12.0,"turns":6.0},{"damage":0.0,"enemies":"Exordium Wildlife","floor":14.0,"turns":4.0},{"damage":5.0,"enemies":"The Guardian","floor":16.0,"turns":9.0},{"damage":5.0,"enemies":"Spheric Guardian","floor":18.0,"turns":5.0},{"damage":0.0,"enemies":"Shell Parasite","floor":21.0,"turns":5.0},{"damage":5.0,"enemies":"Chosen and Byrds","floor":22.0,"turns":7.0},{"damage":0.0,"enemies":"Gremlin Leader","floor":24.0,"turns":8.0},{"damage":12.0,"enemies":"Book of Stabbing","floor":27.0,"turns":7.0},{"damage":0.0,"enemies":"Slavers","floor":29.0,"turns":7.0},{"damage":12.0,"enemies":"Gremlin Leader","floor":31.0,"turns":7.0},{"damage":0.0,"enemies":"Champ","floor":33.0,"turns":13.0},{"damage":0.0,"enemies":"3 Darklings","floor":35.0,"turns":5.0},{"damage":0.0,"enemies":"Mind Bloom Boss Battle","floor":36.0,"turns":10.0},{"damage":0.0,"enemies":"Orb Walker","floor":41.0,"turns":4.0},{"damage":0.0,"enemies":"Sphere and 2 Shapes","floor":44.0,"turns":7.0},{"damage":0.0,"enemies":"Nemesis","floor":45.0,"turns":11.0},{"damage":0.0,"enemies":"Maw","floor":46.0,"turns":9.0},{"damage":0.0,"enemies":"Reptomancer","floor":47.0,"turns":8.0},{"damage":0.0,"enemies":"4 Shapes","floor":48.0,"turns":5.0},{"damage":0.0,"enemies":"Donu and Deca","floor":50.0,"turns":10.0},{"damage":0.0,"enemies":"Shield and Spear","floor":54.0,"turns":8.0},{"damage":12,"enemies":"The Heart","floor":55,"turns":12}],"seed_played":"-7983068608625480281","potions_obtained":[{"floor":2.0,"key":"Dexterity Potion"},{"floor":4.0,"key":"Explosive Potion"},{"floor":10.0,"key":"Dexterity Potion"},{"floor":11.0,"key":"Poison Potion"},{"floor":24.0,"key":"Fruit Juice"},{"floor":29.0,"key":"Block Potion"},{"floor":31.0,"key":"EssenceOfSteel"},{"floor":33.0,"key":"Regen Potion"},{"floor":45.0,"key":"Weak Potion"},{"floor":47.0,"key":"Ancient Potion"}],"is_trial":false,"path_per_floor":["M","M","M","M","?","R","$","E","T","M","?","E","R","M","R","B",null,"M","$","?","M","M","R","E","R","T","E","R","E","R","E","R","B",null,"M","?","?","$","?","R","M","R","T","M","E","M","E","M","R","B",null,"R","$","E","B",null],"character_chosen":"THE_SILENT","items_purchased":["Noxious Fumes","GhostInAJar","Footwork","Bronze Scales","Die Die Die","GhostInAJar","Lantern","Finesse","Footwork+1"],"campfire_rested":0,"item_purchase_floors":[7,7,19,19,19,38,53,53,53],"current_hp_per_floor":[63,63,63,62,62,62,62,50,50,50,42,50,50,52,52,49,70,67,67,38,38,33,33,35,35,35,30,30,32,32,22,22,24,38,40,42,41,41,41,41,41,41,41,41,41,41,41,41,41,41,41,41,41,41,29],"gold":38,"neow_bonus":"TEN_PERCENT_HP_BONUS","is_prod":false,"is_daily":false,"chose_seed":false,"campfire_upgraded":11,"win_rate":0,"timestamp":1553282685,"path_taken":["M","?","M","M","?","R","?","E","T","M","?","E","R","M","R","BOSS","M","$","?","M","M","R","E","R","T","E","R","E","R","E","R","BOSS","M","?","?","$","?","R","M","R","T","?","E","M","E","M","R","BOSS","R","$","E","BOSS"],"build_version":"2019-01-23","purchased_purges":2,"victory":true,"max_hp_per_floor":[77,77,77,77,77,77,77,77,77,77,77,77,77,77,77,77,77,77,77,38,38,38,38,38,38,38,43,43,43,43,43,43,43,43,43,43,41,41,41,41,41,41,41,41,41,41,41,41,41,41,41,41,41,41,41],"card_choices":[{"not_picked":["Reflex","Escape Plan"],"picked":"Deadly Poison","floor":1.0},{"not_picked":["Eviscerate","Dagger Spray"],"picked":"Backflip","floor":2.0},{"not_picked":["Poisoned Stab","Bane"],"picked":"Leg Sweep","floor":3.0},{"not_picked":["Quick Slash","Deflect","Tactician"],"picked":"SKIP","floor":4.0},{"not_picked":["Calculated Gamble","After Image"],"picked":"Well Laid Plans","floor":8.0},{"not_picked":["Poisoned Stab","Prepared","Eviscerate"],"picked":"SKIP","floor":10.0},{"not_picked":["Phantasmal Killer","Quick Slash","Blade Dance"],"picked":"SKIP","floor":12.0},{"not_picked":["Prepared","Acrobatics","Distraction"],"picked":"SKIP","floor":14.0},{"not_picked":["Flying Knee+1","Blade Dance","Outmaneuver"],"picked":"SKIP","floor":18.0},{"not_picked":["Sucker Punch","Dagger Spray"],"picked":"Footwork","floor":21.0},{"not_picked":["Flying Knee","Storm of Steel","Skewer+1"],"picked":"SKIP","floor":22.0},{"not_picked":["Distraction+1","Reflex"],"picked":"PiercingWail+1","floor":24.0},{"not_picked":["Dagger Throw","Dagger Spray","Outmaneuver"],"picked":"SKIP","floor":27.0},{"not_picked":["Infinite Blades","Skewer"],"picked":"Prepared","floor":29.0},{"not_picked":["Setup+1","Flying Knee","Underhanded Strike"],"picked":"SKIP","floor":31.0},{"not_picked":["PiercingWail","Prepared+1","Flechettes"],"picked":"SKIP","floor":35.0},{"not_picked":["PiercingWail","Outmaneuver"],"picked":"Deadly Poison","floor":36.0},{"not_picked":["Bane","Escape Plan"],"picked":"Dodge and Roll+1","floor":41.0},{"not_picked":["Quick Slash+1","PiercingWail"],"picked":"Crippling Poison+1","floor":44.0},{"not_picked":["Glass Knife","Doppelganger","Riddle With Holes+1"],"picked":"SKIP","floor":45.0},{"not_picked":["Quick Slash","Caltrops+1"],"picked":"Prepared","floor":46.0},{"not_picked":["All Out Attack","Dagger Throw"],"picked":"Noxious Fumes+1","floor":47.0},{"not_picked":["Blade Dance","Flying Knee","Accuracy+1","Quick Slash"],"picked":"SKIP","floor":48.0},{"not_picked":["Deflect","Night Terror","Underhanded Strike"],"picked":"Backflip","floor":54.0}],"player_experience":741447,"relics_obtained":[{"floor":8.0,"key":"Meat on the Bone"},{"floor":9.0,"key":"War Paint"},{"floor":11.0,"key":"Blood Vial"},{"floor":12.0,"key":"Orichalcum"},{"floor":24.0,"key":"Potion Belt"},{"floor":26.0,"key":"Bottled Flame"},{"floor":27.0,"key":"FossilizedHelix"},{"floor":29.0,"key":"Frozen Egg 2"},{"floor":31.0,"key":"Oddly Smooth Stone"},{"floor":36.0,"key":"The Specimen"},{"floor":45.0,"key":"Centennial Puzzle"},{"floor":47.0,"key":"Question Card"},{"floor":54.0,"key":"Bottled Tornado"}],"event_choices":[{"damage_healed":0.0,"max_hp_gain":0.0,"max_hp_loss":0.0,"gold_gain":0.0,"cards_transformed":["Strike_G"],"event_name":"Transmorgrifier","player_choice":"Transformed","floor":5.0,"gold_loss":0.0,"damage_taken":0.0,"cards_obtained":["Infinite Blades"]},{"damage_healed":0.0,"max_hp_gain":0.0,"max_hp_loss":0.0,"gold_gain":30.0,"event_name":"Dead Adventurer","player_choice":"Searched \u00273\u0027 times","floor":11.0,"gold_loss":0.0,"damage_taken":0.0},{"damage_healed":0.0,"max_hp_gain":0.0,"max_hp_loss":39.0,"gold_gain":0.0,"event_name":"Ghosts","player_choice":"Became a Ghost","floor":20.0,"gold_loss":0.0,"damage_taken":0.0,"cards_obtained":["Ghostly","Ghostly","Ghostly","Ghostly","Ghostly"]},{"damage_healed":0.0,"max_hp_gain":0.0,"max_hp_loss":0.0,"gold_gain":0.0,"event_name":"MindBloom","player_choice":"Fight","floor":36.0,"gold_loss":0.0,"damage_taken":0.0},{"damage_healed":0.0,"max_hp_gain":0.0,"max_hp_loss":2.0,"gold_gain":0.0,"event_name":"Winding Halls","player_choice":"Max HP","floor":37.0,"gold_loss":0.0,"damage_taken":0.0},{"damage_healed":0.0,"max_hp_gain":0.0,"max_hp_loss":0.0,"gold_gain":0.0,"event_name":"SensoryStone","player_choice":"Memory 1","floor":39.0,"gold_loss":0.0,"damage_taken":0.0}],"is_beta":false,"boss_relics":[{"not_picked":["Black Star","Orrery"],"picked":"Astrolabe"},{"not_picked":["Ring of the Serpent","Empty Cage"],"picked":"Coffee Dripper"}],"items_purged_floors":[38,53],"is_endless":false,"potions_floor_spawned":[2,4,10,11,24,29,31,33,36,45,47],"ascension_level":12}