{"gold_per_floor":[109,124,74,74,91,105,54,65,65,65,81,116,116,127,127,223,223,223,133,133,58,58,58,58,58,58,58,58,58,58,9,9,9,9,9,9,9,9,9,9,9,9,9,9,9,9,9,9,9,9],"floor_reached":50,"playtime":2134,"items_purged":["Strike_B"],"score":446,"play_id":"00da9f55-bbcb-45c6-9bf4-d001ff884a11","local_time":"20190208123938","is_ascension_mode":false,"campfire_choices":[{"data":"Leap","floor":13,"key":"SMITH"},{"data":"Sweeping Beam","floor":15,"key":"SMITH"},{"data":"Biased Cognition","floor":23,"key":"SMITH"},{"data":"Leap","floor":25,"key":"SMITH"},{"data":"Zap","floor":27,"key":"SMITH"},{"floor":32,"key":"REST"},{"floor":40,"key":"REST"},{"floor":42,"key":"REST"},{"floor":49,"key":"RECALL"}],"neow_cost":"NONE","seed_source_timestamp":161534883953085,"circlet_count":0,"master_deck":["Strike_B","Strike_B","Defend_B","Defend_B","Defend_B","Zap+1","Dualcast","Leap+1","Sweeping Beam+1","Ball Lightning","Leap+1","Biased Cognition+1","Glacier","Consume+1","Fusion+1","Madness+1","Madness+1","Parasite","Cold Snap+1","Coolheaded+1","Streamline+1"],"relics":["Busted Crown","Molten Egg 2","Letter Opener","Ectoplasm","Toxic Egg 2","Runic Pyramid","Question Card","CultistMask"],"potions_floor_usage":[12,16,29,29,29,33,37,50,50,50],"damage_taken":[{"damage":4,"enemies":"2 Louse","floor":1,"turns":2},{"damage":2,"enemies":"Small Slimes","floor":2,"turns":4},{"damage":0,"enemies":"Cultist","floor":5,"turns":3},{"damage":0,"enemies":"Exordium Wildlife","floor":6,"turns":4},{"damage":0,"enemies":"Blue Slaver","floor":8,"turns":3},{"damage":0,"enemies":"Large Slime","floor":11,"turns":4},{"damage":13,"enemies":"3 Sentries","floor":12,"turns":5},{"damage":0,"enemies":"Looter","floor":14,"turns":2},{"damage":38,"enemies":"Slime Boss","floor":16,"turns":8},{"damage":4,"enemies":"3 Byrds","floor":18,"turns":3},{"damage":5,"enemies":"2 Thieves","floor":19,"turns":4},{"damage":0,"enemies":"Snake Plant","floor":20,"turns":5},{"damage":0,"enemies":"Cultist and Chosen","floor":29,"turns":7},{"damage":56,"enemies":"Champ","floor":33,"turns":15},{"damage":0,"enemies":"3 Shapes","floor":35,"turns":5},{"damage":0,"enemies":"Orb Walker","floor":37,"turns":4},{"damage":58,"enemies":"Writhing Mass","floor":39,"turns":7},{"damage":31,"enemies":"4 Shapes","floor":41,"turns":6},{"damage":0,"enemies":"Transient","floor":46,"turns":5},{"damage":0,"enemies":"Writhing Mass","floor":47,"turns":9},{"damage":9,"enemies":"4 Shapes","floor":48,"turns":6},{"damage":23,"enemies":"Donu and Deca","floor":50,"turns":4}],"seed_played":"-2540623865552230871","potions_obtained":[{"floor":2,"key":"Explosive Potion"},{"floor":11,"key":"SpeedPotion"},{"floor":14,"key":"PowerPotion"},{"floor":16,"key":"SpeedPotion"},{"floor":19,"key":"Fire Potion"},{"floor":33,"key":"AttackPotion"},{"floor":35,"key":"EssenceOfSteel"},{"floor":41,"key":"Block Potion"},{"floor":48,"key":"LiquidBronze"}],"is_trial":false,"path_per_floor":["M","M","?","?","M","M","$","M","T","$","M","E","R","M","R","B",null,"M","M","M","$","?","R","?","R","T","R","?","M","?","$","R","B",null,"M","?","M","$","M","R","M","R","T","?","$","M","M","M","R","B"],"character_chosen":"DEFECT","items_purchased":["Ball Lightning","SkillPotion"],"campfire_rested":3,"item_purchase_floors":[7,31],"current_hp_per_floor":[71,69,69,69,69,69,69,69,69,69,69,56,56,56,56,18,75,71,66,66,66,66,66,66,66,66,66,52,52,52,52,76,20,80,80,70,70,70,12,36,5,29,29,29,29,29,29,20,20,0],"gold":9,"neow_bonus":"BOSS_RELIC","is_prod":false,"is_daily":false,"chose_seed":false,"campfire_upgraded":5,"win_rate":0,"timestamp":1549651178,"path_taken":["M","M","?","?","M","?","$","M","T","$","M","E","R","M","R","BOSS","M","M","M","$","?","R","?","R","T","R","?","M","?","?","R","BOSS","M","?","M","$","M","R","M","R","T","?","$","?","M","M","R","BOSS"],"build_version":"2019-01-23","purchased_purges":1,"victory":false,"max_hp_per_floor":[75,75,75,75,75,75,75,75,75,75,75,75,75,75,75,75,75,75,75,75,75,75,75,75,75,75,75,80,80,80,80,80,80,80,80,80,80,80,80,80,80,80,80,80,80,80,80,80,80,80],"card_choices":[{"not_picked":["Rebound"],"picked":"SKIP","floor":1},{"not_picked":["Turbo"],"picked":"SKIP","floor":2},{"not_picked":[],"picked":"Leap","floor":5},{"not_picked":[],"picked":"Sweeping Beam","floor":6},{"not_picked":["Heatsinks"],"picked":"SKIP","floor":8},{"not_picked":["Steam"],"picked":"SKIP","floor":11},{"not_picked":["Rebound+1"],"picked":"SKIP","floor":12},{"not_picked":[],"picked":"Leap","floor":14},{"not_picked":[],"picked":"Biased Cognition","floor":16},{"not_picked":[],"picked":"Glacier","floor":18},{"not_picked":[],"picked":"Consume+1","floor":19},{"not_picked":["Leap"],"picked":"SKIP","floor":20},{"not_picked":[],"picked":"Fusion+1","floor":29},{"not_picked":["Blizzard+1"],"picked":"SKIP","floor":35},{"not_picked":["Beam Cell+1"],"picked":"SKIP","floor":37},{"not_picked":[],"picked":"Cold Snap+1","floor":39},{"not_picked":[],"picked":"Coolheaded+1","floor":41},{"not_picked":["Streamline+1","Compile Driver+1"],"picked":"SKIP","floor":46},{"not_picked":["Coolheaded+1"],"picked":"Streamline+1","floor":47},{"not_picked":["Leap+1","Compile Driver+1"],"picked":"SKIP","floor":48}],"player_experience":756762,"relics_obtained":[{"floor":9,"key":"Molten Egg 2"},{"floor":12,"key":"Letter Opener"},{"floor":43,"key":"Question Card"}],"event_choices":[{"cards_removed":["Strike_B"],"damage_healed":0,"gold_gain":0,"player_choice":"Card Removal","damage_taken":0,"max_hp_gain":0,"max_hp_loss":0,"event_name":"The Cleric","floor":3,"gold_loss":50},{"cards_removed":["Defend_B"],"damage_healed":0,"gold_gain":0,"player_choice":"Offered Basic","damage_taken":0,"max_hp_gain":0,"max_hp_loss":0,"event_name":"Bonfire Elementals","floor":4,"gold_loss":0},{"damage_healed":0,"gold_gain":0,"player_choice":"Opened","damage_taken":0,"relics_obtained":["Toxic Egg 2"],"max_hp_gain":0,"max_hp_loss":0,"event_name":"The Mausoleum","floor":22,"gold_loss":0},{"damage_healed":0,"gold_gain":0,"player_choice":"Ignored","damage_taken":0,"max_hp_gain":0,"max_hp_loss":0,"event_name":"Vampires","floor":24,"gold_loss":0},{"damage_healed":0,"gold_gain":0,"player_choice":"Shed Blood","damage_taken":19,"max_hp_gain":5,"max_hp_loss":0,"event_name":"Forgotten Altar","floor":28,"gold_loss":0},{"damage_healed":0,"gold_gain":0,"player_choice":"Embrace Madness","damage_taken":10,"max_hp_gain":0,"max_hp_loss":0,"event_name":"Winding Halls","floor":36,"gold_loss":0,"cards_obtained":["Madness","Madness"]},{"damage_healed":0,"gold_gain":0,"player_choice":"Trade","damage_taken":0,"relics_obtained":["CultistMask"],"max_hp_gain":0,"max_hp_loss":0,"event_name":"FaceTrader","floor":44,"gold_loss":0}],"is_beta":false,"boss_relics":[{"not_picked":["Snecko Eye","Lizard Tail"],"picked":"Ectoplasm"},{"not_picked":["Coffee Dripper","Sozu"],"picked":"Runic Pyramid"}],"items_purged_floors":[21],"is_endless":false,"potions_floor_spawned":[2,11,14,16,19,33,35,41,48],"killed_by":"Donu and Deca","ascension_level":0}