{"gold_per_floor":[129,204,219,184,242,242,277,292,292,307,307,307,307,322,322,422,422,437,437,467,417,45,45,45,45,120,120,135,150,75,90,90,190,190,205,205,1204,1204,610,610,625,59,59,59,94,109,109,124,124,124],"floor_reached":51,"playtime":3639,"items_purged":["Normality","Normality"],"score":809,"play_id":"469395ff-59bc-496a-8ab9-0a266456dcd6","local_time":"20180907173916","daily_mods":["Allstar","Cursed Run","Night Terrors"],"is_ascension_mode":false,"campfire_choices":[{"data":"Transmutation","floor":6,"key":"SMITH"},{"data":"Metamorphosis","floor":11,"key":"SMITH"},{"data":"Concentrate","floor":13,"key":"SMITH"},{"data":"Crippling Poison","floor":15,"key":"SMITH"},{"data":"Noxious Fumes","floor":23,"key":"SMITH"},{"data":"Night Terror","floor":25,"key":"SMITH"},{"data":"Infinite Blades","floor":27,"key":"SMITH"},{"data":"Catalyst","floor":32,"key":"SMITH"},{"data":"Venomology","floor":40,"key":"SMITH"},{"data":"Noxious Fumes","floor":44,"key":"SMITH"},{"data":"Madness","floor":47,"key":"SMITH"},{"data":"Cloak And Dagger","floor":49,"key":"SMITH"}],"neow_cost":"","seed_source_timestamp":0,"circlet_count":0,"master_deck":["Defend_G","Defend_G","Defend_G","Defend_G","Defend_G","Strike_G","Strike_G","Strike_G","Strike_G","Strike_G","Survivor","Neutralize","Dark Shackles","Transmutation+1","Metamorphosis+1","Madness+1","Swift Strike","Dash","Poisoned Stab","Concentrate+1","Backstab","Dagger Spray","Crippling Poison+1","Decay","Night Terror+1","Infinite Blades+1","Noxious Fumes+1","Regret","Cloak And Dagger+1","Catalyst+1","Outmaneuver+1","Shame","Venomology+1","Accuracy+1","Noxious Fumes+1","Poisoned Stab+1","Caltrops","Underhanded Strike","Cloak And Dagger+1","Pain","Dagger Throw+1","Well Laid Plans+1","Backstab","Parasite"],"special_seed":17781,"relics":["Cursed Key","Darkstone Periapt","Du-Vu Doll","Ornamental Fan","Art of War","Philosopher\u0027s Stone","Spirit Poop","Tiny Chest","Dead Branch","Shuriken","Matryoshka","Eternal Feather","Mummified Hand","TwistedFunnel","Bird Faced Urn","Strawberry","Pear"],"potions_floor_usage":[28,28,29,41,48,50,50,50],"damage_taken":[{"damage":0,"enemies":"Small Slimes","floor":1,"turns":8},{"damage":1,"enemies":"Cultist","floor":3,"turns":5},{"damage":2,"enemies":"Jaw Worm","floor":7,"turns":4},{"damage":0,"enemies":"Looter","floor":8,"turns":3},{"damage":0,"enemies":"Lots of Slimes","floor":10,"turns":3},{"damage":1,"enemies":"Large Slime","floor":14,"turns":4},{"damage":29,"enemies":"Hexaghost","floor":16,"turns":9},{"damage":1,"enemies":"3 Byrds","floor":18,"turns":5},{"damage":1,"enemies":"2 Thieves","floor":28,"turns":3},{"damage":0,"enemies":"Snake Plant","floor":29,"turns":3},{"damage":0,"enemies":"Cultist and Chosen","floor":31,"turns":4},{"damage":32,"enemies":"Collector","floor":33,"turns":5},{"damage":16,"enemies":"3 Darklings","floor":35,"turns":3},{"damage":2,"enemies":"3 Shapes","floor":41,"turns":2},{"damage":0,"enemies":"Sphere and 2 Shapes","floor":45,"turns":2},{"damage":0,"enemies":"4 Shapes","floor":46,"turns":3},{"damage":31,"enemies":"3 Darklings","floor":48,"turns":3},{"damage":74,"enemies":"Donu and Deca","floor":50,"turns":6}],"seed_played":"-778787433029275369","potions_obtained":[{"floor":7,"key":"EssenceOfSteel"},{"floor":8,"key":"SkillPotion"},{"floor":14,"key":"Regen Potion"},{"floor":28,"key":"GhostInAJar"},{"floor":33,"key":"PowerPotion"},{"floor":45,"key":"SkillPotion"}],"is_trial":false,"path_per_floor":["M","?","M","?","?","R","M","M","T","M","R","?","R","M","R","B",null,"M","?","?","?","$","R","T","R","T","R","M","M","?","M","R","B",null,"M","?","?","?","$","R","M","$","T","R","M","M","R","M","R","B"],"character_chosen":"THE_SILENT","items_purchased":["Dead Branch","Noxious Fumes","Mummified Hand","TwistedFunnel","Noxious Fumes","Bird Faced Urn","Caltrops","Underhanded Strike","Cloak And Dagger"],"campfire_rested":0,"item_purchase_floors":[22,22,39,39,39,42,42,42,42],"current_hp_per_floor":[70,63,62,70,70,70,68,68,74,74,74,74,74,73,73,50,82,81,81,81,81,81,81,87,87,93,93,92,92,92,92,92,66,100,84,84,96,96,96,112,110,110,133,135,135,135,135,116,135,97],"gold":124,"neow_bonus":"","is_prod":false,"is_daily":true,"chose_seed":false,"campfire_upgraded":12,"win_rate":0,"timestamp":1536338356,"path_taken":["M","?","?","?","?","R","M","?","T","M","R","?","R","M","R","BOSS","M","?","?","?","$","R","?","R","T","R","M","?","?","M","R","BOSS","M","?","?","?","$","R","?","$","T","R","M","M","R","M","R","BOSS"],"build_version":"2018-09-06","purchased_purges":2,"victory":true,"max_hp_per_floor":[70,70,70,70,70,70,70,70,76,76,76,76,76,76,76,82,82,82,82,82,82,82,82,88,88,94,94,94,94,94,94,94,100,100,100,100,112,112,112,112,112,112,135,135,135,135,135,135,135,141],"card_choices":[{"not_picked":["Underhanded Strike","Dodge and Roll"],"picked":"Dash","floor":1},{"not_picked":["Acrobatics","Cloak And Dagger"],"picked":"Poisoned Stab","floor":3},{"not_picked":["Sucker Punch","Expertise"],"picked":"Concentrate","floor":7},{"not_picked":["Riddle With Holes","Poisoned Stab"],"picked":"Backstab","floor":8},{"not_picked":["PiercingWail","Skewer"],"picked":"Dagger Spray","floor":10},{"not_picked":["Riddle With Holes","Setup"],"picked":"Crippling Poison","floor":14},{"not_picked":["Storm of Steel","Glass Knife"],"picked":"Night Terror","floor":16},{"not_picked":["Prepared","Crippling Poison"],"picked":"Infinite Blades","floor":18},{"not_picked":["Backflip","Setup+1"],"picked":"Cloak And Dagger+1","floor":28},{"not_picked":["Deadly Poison+1","Blade Dance"],"picked":"Catalyst","floor":29},{"not_picked":["Underhanded Strike+1","Leg Sweep"],"picked":"Outmaneuver+1","floor":31},{"not_picked":["Unload","Malaise"],"picked":"Venomology","floor":33},{"not_picked":["Heel Hook","Dagger Throw+1"],"picked":"Accuracy+1","floor":35},{"not_picked":["PiercingWail","Dash+1"],"picked":"Poisoned Stab+1","floor":41},{"not_picked":["Dash","Bane"],"picked":"Dagger Throw+1","floor":45},{"not_picked":["PiercingWail","Wraith Form v2"],"picked":"Well Laid Plans+1","floor":46},{"not_picked":["Bane","PiercingWail"],"picked":"Backstab","floor":48}],"player_experience":510957,"relics_obtained":[{"floor":9,"key":"Ornamental Fan"},{"floor":12,"key":"Art of War"},{"floor":24,"key":"Shuriken"},{"floor":26,"key":"Matryoshka"},{"floor":43,"key":"Strawberry"},{"floor":43,"key":"Pear"}],"event_choices":[{"event_name":"FaceTrader","player_choice":"Touch","floor":2,"damage_taken":0},{"event_name":"The Cleric","player_choice":"Healed","floor":4,"damage_taken":0},{"event_name":"Golden Wing","player_choice":"Gained Gold","floor":5,"damage_taken":0},{"event_name":"Wheel of Change","player_choice":"Relic","floor":12,"damage_taken":0},{"event_name":"Bonfire Elementals","player_choice":"CURSE","floor":19,"damage_taken":0},{"event_name":"The Mausoleum","player_choice":"Yes","floor":20,"damage_taken":0},{"event_name":"The Joust","player_choice":"Bet on Owner","floor":21,"damage_taken":0},{"event_name":"Beggar","player_choice":"Gave Gold","floor":30,"damage_taken":0},{"event_name":"Tomb of Lord Red Mask","player_choice":"Ignored","floor":36,"damage_taken":0},{"event_name":"MindBloom","player_choice":"Gold","floor":37,"damage_taken":0},{"event_name":"SecretPortal","player_choice":"Rejected Portal.","floor":38,"damage_taken":0}],"is_beta":false,"boss_relics":[{"not_picked":["Velvet Choker","Runic Dome"],"picked":"Philosopher\u0027s Stone"},{"not_picked":["White Beast Statue","Empty Cage"],"picked":"Eternal Feather"}],"items_purged_floors":[39,42],"is_endless":false,"potions_floor_spawned":[7,8,14,16,18,28,33,45],"ascension_level":0}