{"gold_per_floor":[368,368,384,400,400,400,435,453,478,501,516,516,541,565,565,695,695,713,713],"floor_reached":19,"playtime":1286,"items_purged":[],"score":173,"play_id":"65bb2495-81cb-448a-b5cd-f7b3a619ba8a","local_time":"20190218172427","is_ascension_mode":false,"campfire_choices":[{"data":"Spot Weakness","floor":6.0,"key":"SMITH"},{"data":"Barricade","floor":12.0,"key":"SMITH"},{"data":"Body Slam","floor":15.0,"key":"SMITH"}],"neow_cost":"CURSE","seed_source_timestamp":0,"circlet_count":0,"master_deck":["Strike_R","Strike_R","Strike_R","Strike_R","Strike_R","Defend_R","Defend_R+1","Defend_R+1","Defend_R","Bash","Pain","Spot Weakness+1","Barricade+1","Body Slam+1","Shrug It Off","Reaper","Shrug It Off","Flame Barrier","Seeing Red","Body Slam","Armaments"],"special_seed":0,"relics":["Burning Blood","Golden Idol","War Paint","Orrery"],"potions_floor_usage":[18,19],"damage_taken":[{"damage":19.0,"enemies":"Jaw Worm","floor":1.0,"turns":5.0},{"damage":4.0,"enemies":"Cultist","floor":3.0,"turns":3.0},{"damage":5.0,"enemies":"2 Louse","floor":4.0,"turns":3.0},{"damage":22.0,"enemies":"Gremlin Nob","floor":7.0,"turns":4.0},{"damage":13.0,"enemies":"2 Fungi Beasts","floor":8.0,"turns":5.0},{"damage":5.0,"enemies":"3 Louse","floor":10.0,"turns":7.0},{"damage":1.0,"enemies":"Exordium Wildlife","floor":11.0,"turns":4.0},{"damage":11.0,"enemies":"Looter","floor":13.0,"turns":4.0},{"damage":10.0,"enemies":"Blue Slaver","floor":14.0,"turns":5.0},{"damage":17.0,"enemies":"Hexaghost","floor":16.0,"turns":9.0},{"damage":34,"enemies":"3 Byrds","floor":18,"turns":5},{"damage":52,"enemies":"Masked Bandits","floor":19,"turns":4}],"seed_played":"1933905629637189064","potions_obtained":[{"floor":2.0,"key":"Poison Potion"},{"floor":2.0,"key":"Poison Potion"},{"floor":2.0,"key":"Energy Potion"},{"floor":8.0,"key":"Strength Potion"},{"floor":10.0,"key":"Swift Potion"},{"floor":11.0,"key":"LiquidBronze"},{"floor":16.0,"key":"AttackPotion"},{"floor":18,"key":"Swift Potion"}],"is_trial":false,"path_per_floor":["M","?","M","M","?","R","E","M","T","M","M","R","M","M","R","B",null,"M","?"],"character_chosen":"IRONCLAD","items_purchased":[],"campfire_rested":0,"item_purchase_floors":[],"current_hp_per_floor":[67,67,69,70,50,50,34,27,27,28,33,33,28,24,24,13,80,52,0],"gold":713,"neow_bonus":"TWO_FIFTY_GOLD","is_prod":false,"is_daily":false,"chose_seed":false,"campfire_upgraded":3,"win_rate":0,"timestamp":1550507067,"path_taken":["M","?","M","?","?","R","E","M","T","M","M","R","M","M","R","BOSS","M","?"],"build_version":"2019-01-23","purchased_purges":0,"victory":false,"max_hp_per_floor":[80,80,80,80,80,80,80,80,80,80,80,80,80,80,80,80,80,80,80],"card_choices":[{"not_picked":["Havoc","Burning Pact","Entrench"],"picked":"SKIP","floor":1.0},{"not_picked":["Havoc","Body Slam"],"picked":"Spot Weakness","floor":3.0},{"not_picked":["Anger","Clothesline","Havoc"],"picked":"SKIP","floor":4.0},{"not_picked":["Pommel Strike","Sever Soul"],"picked":"Barricade","floor":7.0},{"not_picked":["Combust","Flex","Bloodletting"],"picked":"SKIP","floor":8.0},{"not_picked":["Searing Blow","Sword Boomerang","Inflame"],"picked":"SKIP","floor":10.0},{"not_picked":["Headbutt","Clothesline"],"picked":"Body Slam","floor":11.0},{"not_picked":["Combust","Wild Strike","Anger"],"picked":"SKIP","floor":13.0},{"not_picked":["Anger","Headbutt"],"picked":"Shrug It Off","floor":14.0},{"not_picked":["Feed","Double Tap"],"picked":"Reaper","floor":16.0},{"not_picked":["Cleave","Wild Strike"],"picked":"Shrug It Off","floor":17.0},{"not_picked":["Battle Trance","Flex"],"picked":"Flame Barrier","floor":17.0},{"not_picked":["Anger","Rampage"],"picked":"Seeing Red","floor":17.0},{"not_picked":["Heavy Blade","Cleave"],"picked":"Body Slam","floor":17.0},{"not_picked":["Spot Weakness","Dark Embrace"],"picked":"Armaments","floor":18}],"player_experience":640393,"relics_obtained":[{"floor":7.0,"key":"War Paint"}],"event_choices":[{"damage_healed":0.0,"max_hp_gain":0.0,"max_hp_loss":0.0,"gold_gain":0.0,"event_name":"Lab","player_choice":"Got Potions","floor":2.0,"gold_loss":0.0,"damage_taken":0.0},{"damage_healed":0.0,"max_hp_gain":0.0,"max_hp_loss":0.0,"gold_gain":0.0,"event_name":"Golden Idol","player_choice":"Take Damage","floor":5.0,"gold_loss":0.0,"damage_taken":20.0,"relics_obtained":["Golden Idol"]},{"damage_healed":0,"gold_gain":0,"player_choice":"Fought Bandits","damage_taken":0,"max_hp_gain":0,"max_hp_loss":0,"event_name":"Masked Bandits","floor":19,"gold_loss":0}],"is_beta":false,"boss_relics":[{"not_picked":["Philosopher\u0027s Stone","Fusion Hammer"],"picked":"Orrery"}],"items_purged_floors":[],"is_endless":false,"potions_floor_spawned":[4,8,10,11,16,18],"killed_by":"Masked Bandits","ascension_level":0}