{"gold_per_floor":[112,112,123,140,154,154,189,189,270,270,303,328,347,151,151,226,226,243,256,256,64,64,64,64],"floor_reached":24,"playtime":1044,"items_purged":["Strike_G"],"score":408,"play_id":"763f35dc-93d6-4356-9f24-3fa788227d54","local_time":"20190327093939","is_ascension_mode":true,"campfire_choices":[{"data":"Dagger Spray","floor":6.0,"key":"SMITH"},{"floor":8.0,"key":"REST"},{"data":"Deadly Poison","floor":10.0,"key":"SMITH"},{"data":"Leg Sweep","floor":15.0,"key":"SMITH"},{"data":"Noxious Fumes","floor":23.0,"key":"SMITH"}],"neow_cost":"NONE","seed_source_timestamp":1227939098500667,"circlet_count":0,"master_deck":["AscendersBane","Defend_G","Defend_G","Defend_G","Defend_G","Defend_G","Strike_G","Strike_G","Strike_G","Strike_G","Survivor","Neutralize+1","Backflip","Dagger Spray+1","Deadly Poison+1","Infinite Blades","Leg Sweep+1","Blur","Burst","Backflip","Noxious Fumes+1","Dash","Writhe"],"special_seed":0,"relics":["Ring of the Snake","Happy Flower","Turnip","Pantograph","Juzu Bracelet","Boot","Centennial Puzzle","Coffee Dripper","Dream Catcher"],"potions_floor_usage":[24],"damage_taken":[{"damage":0.0,"enemies":"2 Louse","floor":1.0,"turns":5.0},{"damage":0.0,"enemies":"Cultist","floor":3.0,"turns":5.0},{"damage":10.0,"enemies":"Jaw Worm","floor":4.0,"turns":8.0},{"damage":3.0,"enemies":"Looter","floor":5.0,"turns":4.0},{"damage":40.0,"enemies":"Gremlin Nob","floor":7.0,"turns":5.0},{"damage":15.0,"enemies":"Lagavulin","floor":11.0,"turns":5.0},{"damage":0.0,"enemies":"3 Louse","floor":13.0,"turns":2.0},{"damage":24.0,"enemies":"Hexaghost","floor":16.0,"turns":11.0},{"damage":29.0,"enemies":"2 Thieves","floor":18.0,"turns":4.0},{"damage":2.0,"enemies":"3 Byrds","floor":19.0,"turns":5.0},{"damage":2,"enemies":"Gremlin Leader","floor":24,"turns":7}],"seed_played":"-9083545033903912047","potions_obtained":[{"floor":1.0,"key":"Explosive Potion"},{"floor":7.0,"key":"Fire Potion"},{"floor":11.0,"key":"Swift Potion"},{"floor":13.0,"key":"GhostInAJar"}],"is_trial":false,"path_per_floor":["M","?","M","M","M","R","E","R","T","R","E","T","M","$","R","B",null,"M","M","?","$","?","R","E"],"character_chosen":"THE_SILENT","items_purchased":["Blur","Centennial Puzzle","Noxious Fumes","Dash"],"campfire_rested":1,"item_purchase_floors":[14,14,21,21],"current_hp_per_floor":[59,59,59,49,46,46,6,25,25,25,10,10,10,10,10,11,52,23,21,21,21,21,21,19],"gold":64,"neow_bonus":"RANDOM_COMMON_RELIC","is_prod":false,"is_daily":false,"chose_seed":false,"campfire_upgraded":4,"win_rate":0,"timestamp":1553693979,"path_taken":["M","?","M","?","M","R","E","R","T","R","E","?","M","$","R","BOSS","M","M","?","?","?","R","E"],"build_version":"2019-03-15","purchased_purges":1,"victory":false,"max_hp_per_floor":[66,66,66,66,66,66,66,66,66,66,66,66,66,66,66,66,66,66,66,66,66,66,66,66],"card_choices":[{"not_picked":["Calculated Gamble","Flechettes"],"picked":"Backflip","floor":1.0},{"not_picked":["Riddle With Holes","Flying Knee","Tactician"],"picked":"SKIP","floor":3.0},{"not_picked":["Blade Dance","Sucker Punch","Accuracy"],"picked":"SKIP","floor":4.0},{"not_picked":["Slice","Heel Hook"],"picked":"Dagger Spray","floor":5.0},{"not_picked":["Dagger Spray","Acrobatics"],"picked":"Deadly Poison","floor":7.0},{"not_picked":["Prepared","Endless Agony"],"picked":"Infinite Blades","floor":11.0},{"not_picked":["Acrobatics","Prepared"],"picked":"Leg Sweep","floor":13.0},{"not_picked":["Venomology","Bullet Time"],"picked":"Burst","floor":16.0},{"not_picked":["Slice","Bane","Flying Knee"],"picked":"SKIP","floor":18.0},{"not_picked":["Outmaneuver","Caltrops"],"picked":"Backflip","floor":19.0}],"player_experience":1317113,"relics_obtained":[{"floor":7.0,"key":"Turnip"},{"floor":9.0,"key":"Pantograph"},{"floor":11.0,"key":"Juzu Bracelet"},{"floor":12.0,"key":"Boot"}],"event_choices":[{"damage_healed":0.0,"max_hp_gain":0.0,"max_hp_loss":0.0,"gold_gain":0.0,"event_name":"Upgrade Shrine","player_choice":"Upgraded","floor":2.0,"gold_loss":0.0,"damage_taken":0.0,"cards_upgraded":["Neutralize"]},{"damage_healed":0.0,"max_hp_gain":0.0,"max_hp_loss":0.0,"gold_gain":0.0,"event_name":"N\u0027loth","player_choice":"Ignored","floor":20.0,"gold_loss":0.0,"damage_taken":0.0},{"damage_healed":0.0,"max_hp_gain":0.0,"max_hp_loss":0.0,"gold_gain":0.0,"event_name":"The Mausoleum","player_choice":"Opened","floor":22.0,"gold_loss":0.0,"damage_taken":0.0,"relics_obtained":["Dream Catcher"],"cards_obtained":["Writhe"]}],"is_beta":true,"boss_relics":[{"not_picked":["Busted Crown","Philosopher\u0027s Stone"],"picked":"Coffee Dripper"}],"items_purged_floors":[21],"is_endless":false,"potions_floor_spawned":[1,7,11,13,18,19],"killed_by":"Gremlin Leader","ascension_level":20}