{"gold_per_floor":[367,382,382,348,360,360,379,379,379,379,436,436,281,236],"floor_reached":14,"playtime":554,"items_purged":["Parasite"],"score":109,"play_id":"368bbc0d-7eb2-47fa-920f-179bdf2770ed","local_time":"20190221001246","is_ascension_mode":true,"campfire_choices":[{"data":"Defragment","floor":6,"key":"SMITH"},{"floor":8,"key":"REST"}],"neow_cost":"PERCENT_DAMAGE","seed_source_timestamp":7479410619765,"circlet_count":0,"master_deck":["Strike_B","Strike_B","Strike_B","Defend_B","Defend_B","Defend_B","Defend_B","Zap","Dualcast","Darkness","Defragment+1","Conserve Battery","Redo+1","Capacitor"],"relics":["Cracked Core","Lantern","Sundial"],"potions_floor_usage":[11],"damage_taken":[{"damage":0,"enemies":"Small Slimes","floor":1,"turns":3},{"damage":0,"enemies":"2 Louse","floor":2,"turns":2},{"damage":1,"enemies":"Cultist","floor":5,"turns":3},{"damage":28,"enemies":"Large Slime","floor":7,"turns":5},{"damage":23,"enemies":"3 Sentries","floor":11,"turns":9},{"damage":31,"enemies":"Exordium Thugs","floor":14,"turns":4}],"seed_played":"-8159678815073081427","potions_obtained":[{"floor":1,"key":"Dexterity Potion"}],"is_trial":false,"path_per_floor":["M","M","?","$","M","R","M","R","T","?","?","?","$","M"],"character_chosen":"DEFECT","items_purchased":["Defragment","Capacitor"],"campfire_rested":1,"item_purchase_floors":[4,13],"current_hp_per_floor":[50,50,43,43,42,42,14,36,36,54,31,31,31,0],"gold":236,"neow_bonus":"TWO_FIFTY_GOLD","is_prod":false,"is_daily":false,"chose_seed":false,"campfire_upgraded":1,"win_rate":0,"timestamp":1550704366,"path_taken":["M","M","?","$","M","R","M","R","T","?","?","?","$","M"],"build_version":"2019-01-23","purchased_purges":1,"victory":false,"max_hp_per_floor":[75,75,75,75,75,75,75,75,75,75,75,75,72,72],"card_choices":[{"not_picked":["Skim","Heatsinks"],"picked":"Darkness","floor":1},{"not_picked":["Stack","Streamline","Compile Driver"],"picked":"SKIP","floor":2},{"not_picked":["Stack","Gash","Turbo"],"picked":"SKIP","floor":5},{"not_picked":["Steam Power","Tempest"],"picked":"Conserve Battery","floor":7},{"not_picked":["Compile Driver","Rip and Tear"],"picked":"Redo","floor":11}],"player_experience":653656,"relics_obtained":[{"floor":9,"key":"Lantern"},{"floor":11,"key":"Sundial"}],"event_choices":[{"cards_removed":["Strike_B"],"damage_healed":0,"gold_gain":0,"player_choice":"Card Removal","damage_taken":7,"max_hp_gain":0,"max_hp_loss":0,"event_name":"Golden Wing","floor":3,"gold_loss":0},{"damage_healed":18,"gold_gain":0,"player_choice":"Healed and dodged fight","damage_taken":0,"max_hp_gain":0,"max_hp_loss":0,"event_name":"Mushrooms","floor":10,"gold_loss":0,"cards_obtained":["Parasite"]},{"damage_healed":0,"gold_gain":0,"player_choice":"Searched \u00272\u0027 times","damage_taken":0,"max_hp_gain":0,"max_hp_loss":0,"event_name":"Dead Adventurer","floor":11,"gold_loss":0},{"damage_healed":0,"gold_gain":0,"player_choice":"Upgraded","damage_taken":0,"max_hp_gain":0,"max_hp_loss":0,"event_name":"Upgrade Shrine","floor":12,"gold_loss":0,"cards_upgraded":["Redo"]}],"is_beta":false,"boss_relics":[],"items_purged_floors":[13],"is_endless":false,"potions_floor_spawned":[1],"killed_by":"Exordium Thugs","ascension_level":8}