{"gold_per_floor":[116,116,139,85,85,119,132,132,159,159,159,159,193,208,208,307,307,332,607,167,187,207,207,240,240,240,264,264,295,309,325,325,418,418,434,134,154,29,29,29,154,169,169,169,203,203,221,241,241,241,241,241,241,12,50,50],"floor_reached":57,"playtime":6568,"items_purged":["Regret","Strike_G","Strike_G"],"score":2685,"play_id":"5725dc37-1323-4fe7-943e-4cafef3134f2","local_time":"20190306145533","is_ascension_mode":true,"campfire_choices":[{"data":"Skewer","floor":10.0,"key":"SMITH"},{"floor":12.0,"key":"REST"},{"data":"Poisoned Stab","floor":15.0,"key":"SMITH"},{"data":"Footwork","floor":23.0,"key":"SMITH"},{"floor":25.0,"key":"REST"},{"floor":28.0,"key":"REST"},{"floor":32.0,"key":"REST"},{"floor":40.0,"key":"REST"},{"floor":46.0,"key":"RECALL"},{"floor":49.0,"key":"REST"},{"floor":53.0,"key":"REST"}],"neow_cost":"NONE","seed_source_timestamp":363617949170628,"circlet_count":0,"master_deck":["AscendersBane","Defend_G","Defend_G","Defend_G","Defend_G","Strike_G","Strike_G","Survivor","Neutralize+1","Skewer+1","Bane","PiercingWail","Well Laid Plans","Well Laid Plans","Blur+1","Poisoned Stab+1","Bullet Time+1","Dodge and Roll+1","Footwork+1","Bane+1","Deadly Poison+1","Caltrops","Tools of the Trade","Leg Sweep+1","PiercingWail+1","Leg Sweep+1","Envenom","Choke+1","Mayhem","Blur+1","PiercingWail+1","Burst+1","Bouncing Flask+1","Crippling Poison+1","Backflip+1","Bullet Time+1","Riddle With Holes+1"],"special_seed":0,"relics":["Ring of the Snake","Golden Idol","Dream Catcher","Oddly Smooth Stone","FaceOfCleric","Toxic Egg 2","Snecko Eye","Anchor","Strawberry","Boot","Fusion Hammer","Pocketwatch","Mummified Hand","Question Card","DollysMirror","Orichalcum"],"potions_floor_usage":[56,56],"damage_taken":[{"damage":3.0,"enemies":"2 Louse","floor":1.0,"turns":4.0},{"damage":6.0,"enemies":"Jaw Worm","floor":3.0,"turns":6.0},{"damage":30.0,"enemies":"3 Sentries","floor":6.0,"turns":8.0},{"damage":0.0,"enemies":"Small Slimes","floor":7.0,"turns":4.0},{"damage":19.0,"enemies":"Gremlin Nob","floor":13.0,"turns":5.0},{"damage":0.0,"enemies":"2 Fungi Beasts","floor":14.0,"turns":4.0},{"damage":24.0,"enemies":"The Guardian","floor":16.0,"turns":15.0},{"damage":0.0,"enemies":"2 Thieves","floor":18.0,"turns":4.0},{"damage":0.0,"enemies":"3 Byrds","floor":21.0,"turns":8.0},{"damage":3.0,"enemies":"3 Cultists","floor":22.0,"turns":5.0},{"damage":27.0,"enemies":"Gremlin Leader","floor":24.0,"turns":7.0},{"damage":8.0,"enemies":"Snecko","floor":27.0,"turns":5.0},{"damage":36.0,"enemies":"Slavers","floor":29.0,"turns":8.0},{"damage":1.0,"enemies":"Shelled Parasite and Fungi","floor":30.0,"turns":6.0},{"damage":16.0,"enemies":"Cultist and Chosen","floor":31.0,"turns":8.0},{"damage":39.0,"enemies":"Champ","floor":33.0,"turns":17.0},{"damage":20.0,"enemies":"3 Darklings","floor":35.0,"turns":7.0},{"damage":0.0,"enemies":"3 Shapes","floor":37.0,"turns":6.0},{"damage":0.0,"enemies":"Mind Bloom Boss Battle","floor":41.0,"turns":7.0},{"damage":0.0,"enemies":"Writhing Mass","floor":42.0,"turns":7.0},{"damage":0.0,"enemies":"Giant Head","floor":45.0,"turns":8.0},{"damage":0.0,"enemies":"Maw","floor":47.0,"turns":7.0},{"damage":0.0,"enemies":"Sphere and 2 Shapes","floor":48.0,"turns":3.0},{"damage":23.0,"enemies":"Awakened One","floor":50.0,"turns":17.0},{"damage":5.0,"enemies":"Donu and Deca","floor":51.0,"turns":12.0},{"damage":13.0,"enemies":"Shield and Spear","floor":55.0,"turns":8.0},{"damage":38,"enemies":"The Heart","floor":56,"turns":10}],"seed_played":"-5100210546135155882","potions_obtained":[{"floor":1.0,"key":"Strength Potion"},{"floor":7.0,"key":"GhostInAJar"},{"floor":16.0,"key":"Swift Potion"},{"floor":24.0,"key":"SpeedPotion"},{"floor":29.0,"key":"GamblersBrew"},{"floor":33.0,"key":"Swift Potion"},{"floor":35.0,"key":"PowerPotion"}],"is_trial":false,"path_per_floor":["M","?","M","$","?","E","M","?","T","R","?","R","E","M","R","B",null,"M","?","$","M","M","R","E","R","T","M","R","E","M","M","R","B",null,"M","$","M","$","?","R","?","M","T","?","E","R","M","M","R","B","B",null,"R","$","E","B",null],"character_chosen":"THE_SILENT","items_purchased":["AttackPotion","Footwork","Anchor","SteroidPotion","AttackPotion","Mayhem","DollysMirror"],"campfire_rested":7,"item_purchase_floors":[4,20,20,20,20,36,54],"current_hp_per_floor":[56,56,50,50,55,25,25,25,25,25,25,44,26,27,27,4,52,53,53,53,54,52,52,33,56,56,49,73,38,38,23,47,9,65,46,46,47,47,47,72,73,74,74,74,75,75,76,77,91,69,65,86,93,93,81,44],"gold":50,"neow_bonus":"UPGRADE_CARD","is_prod":false,"is_daily":false,"chose_seed":false,"campfire_upgraded":3,"win_rate":0,"timestamp":1551905733,"path_taken":["M","?","M","$","?","E","M","?","T","R","?","R","E","M","R","BOSS","M","?","$","M","M","R","E","R","T","M","R","E","M","M","R","BOSS","M","$","M","$","?","R","?","M","T","?","E","R","M","M","R","BOSS","BOSS","R","$","E","BOSS"],"build_version":"2019-01-23","purchased_purges":3,"victory":true,"max_hp_per_floor":[66,60,60,60,65,65,65,65,65,65,65,65,66,67,67,68,68,69,69,69,70,71,71,79,79,79,80,80,81,82,83,83,84,84,85,85,86,86,86,86,87,88,88,88,89,89,90,91,91,92,93,93,93,93,94,95],"card_choices":[{"not_picked":["Distraction","Reflex"],"picked":"Skewer","floor":1.0},{"not_picked":["Blade Dance","Prepared"],"picked":"Bane","floor":3.0},{"not_picked":["Slice","Predator"],"picked":"PiercingWail","floor":6.0},{"not_picked":["Masterful Stab","Calculated Gamble"],"picked":"Well Laid Plans","floor":7.0},{"not_picked":["Setup","All Out Attack"],"picked":"Well Laid Plans","floor":12.0},{"not_picked":["Predator","Catalyst"],"picked":"Blur","floor":13.0},{"not_picked":["Riddle With Holes","Backflip+1"],"picked":"Poisoned Stab","floor":14.0},{"not_picked":["Venomology+1","Envenom"],"picked":"Bullet Time+1","floor":16.0},{"not_picked":["Well Laid Plans","Poisoned Stab"],"picked":"Dodge and Roll+1","floor":18.0},{"not_picked":["Poisoned Stab","Expertise+1"],"picked":"Bane+1","floor":21.0},{"not_picked":["Flying Knee+1","Deflect+1"],"picked":"Deadly Poison+1","floor":22.0},{"not_picked":["Prepared+1","Calculated Gamble+1","Heel Hook"],"picked":"SKIP","floor":24.0},{"not_picked":["Skewer","Outmaneuver+1"],"picked":"Caltrops","floor":25.0},{"not_picked":["Slice","Quick Slash","Accuracy"],"picked":"SKIP","floor":27.0},{"not_picked":["Slice","Quick Slash","Accuracy"],"picked":"SKIP","floor":27.0},{"not_picked":["Acrobatics+1","Well Laid Plans"],"picked":"Tools of the Trade","floor":28.0},{"not_picked":["Escape Plan+1","Calculated Gamble+1"],"picked":"Leg Sweep+1","floor":29.0},{"not_picked":["Blur+1","Dodge and Roll+1"],"picked":"PiercingWail+1","floor":30.0},{"not_picked":["Sucker Punch","Cloak And Dagger+1"],"picked":"Leg Sweep+1","floor":31.0},{"not_picked":["Grand Finale","Doppelganger+1"],"picked":"Envenom","floor":33.0},{"not_picked":["Leg Sweep+1","Slice+1"],"picked":"Choke+1","floor":35.0},{"not_picked":["Calculated Gamble+1","Dagger Spray","Well Laid Plans"],"picked":"SKIP","floor":37.0},{"not_picked":["Deadly Poison+1","Flying Knee+1"],"picked":"Blur+1","floor":40.0},{"not_picked":["Tactician+1","Poisoned Stab"],"picked":"PiercingWail+1","floor":42.0},{"not_picked":["Expertise+1","Endless Agony+1","Blade Dance+1"],"picked":"SKIP","floor":45.0},{"not_picked":["Deadly Poison+1","Skewer","Expertise+1"],"picked":"Bouncing Flask+1","floor":47.0},{"not_picked":["Cloak And Dagger+1","Flechettes","Prepared+1"],"picked":"Crippling Poison+1","floor":48.0},{"not_picked":["Cloak And Dagger+1","Poisoned Stab","Heel Hook"],"picked":"Backflip+1","floor":53.0},{"not_picked":["All Out Attack","Cloak And Dagger+1","Escape Plan+1"],"picked":"Riddle With Holes+1","floor":55.0}],"player_experience":684325,"relics_obtained":[{"floor":6.0,"key":"Dream Catcher"},{"floor":9.0,"key":"Oddly Smooth Stone"},{"floor":13.0,"key":"Toxic Egg 2"},{"floor":24.0,"key":"Strawberry"},{"floor":29.0,"key":"Boot"},{"floor":41.0,"key":"Pocketwatch"},{"floor":43.0,"key":"Mummified Hand"},{"floor":45.0,"key":"Question Card"},{"floor":55.0,"key":"Orichalcum"}],"event_choices":[{"damage_healed":0.0,"max_hp_gain":0.0,"max_hp_loss":6.0,"gold_gain":0.0,"event_name":"Golden Idol","player_choice":"Lose Max HP","floor":2.0,"gold_loss":0.0,"damage_taken":0.0,"relics_obtained":["Golden Idol"]},{"damage_healed":0.0,"max_hp_gain":5.0,"max_hp_loss":0.0,"gold_gain":0.0,"event_name":"Big Fish","player_choice":"Donut","floor":5.0,"gold_loss":0.0,"damage_taken":0.0},{"damage_healed":0.0,"max_hp_gain":0.0,"max_hp_loss":0.0,"gold_gain":0.0,"event_name":"Dead Adventurer","player_choice":"Searched \u00270\u0027 times","floor":8.0,"gold_loss":0.0,"damage_taken":0.0},{"damage_healed":0.0,"max_hp_gain":0.0,"max_hp_loss":0.0,"gold_gain":0.0,"event_name":"FaceTrader","player_choice":"Trade","floor":11.0,"gold_loss":0.0,"damage_taken":0.0,"relics_obtained":["FaceOfCleric"]},{"damage_healed":0.0,"max_hp_gain":0.0,"max_hp_loss":0.0,"gold_gain":275.0,"event_name":"Golden Shrine","player_choice":"Desecrate","floor":19.0,"gold_loss":0.0,"damage_taken":0.0,"cards_obtained":["Regret"]},{"cards_removed":["Defend_G"],"damage_healed":0.0,"max_hp_gain":0.0,"max_hp_loss":0.0,"gold_gain":0.0,"event_name":"Falling","player_choice":"Removed Skill","floor":39.0,"gold_loss":0.0,"damage_taken":0.0},{"damage_healed":0.0,"max_hp_gain":0.0,"max_hp_loss":0.0,"gold_gain":0.0,"event_name":"MindBloom","player_choice":"Fight","floor":41.0,"gold_loss":0.0,"damage_taken":0.0},{"damage_healed":0.0,"max_hp_gain":0.0,"max_hp_loss":0.0,"gold_gain":0.0,"cards_transformed":["Strike_G"],"event_name":"Transmorgrifier","player_choice":"Transformed","floor":44.0,"gold_loss":0.0,"damage_taken":0.0,"cards_obtained":["Burst"]}],"is_beta":false,"boss_relics":[{"not_picked":["WristBlade","Empty Cage"],"picked":"Snecko Eye"},{"not_picked":["Lizard Tail","Sozu"],"picked":"Fusion Hammer"}],"items_purged_floors":[20,36,38],"is_endless":false,"potions_floor_spawned":[1,7,16,21,24,29,33,35,37,42,47],"ascension_level":20}