{"gold_per_floor":[109,128,145,155,167,167,193,193,193,220,236,50,79,99,99,174,174,187,187,202,202,218,247,267,300,326,326,336,41,41,75,75,150,150,165,165,175,175,187,187,221,221,221,247,261,361,5,32,32,32,32,32,32,32,59,59],"floor_reached":56,"playtime":4581,"items_purged":["Strike_G"],"score":2259,"play_id":"2f950ad7-3485-4a31-85d9-8dd909696f2c","local_time":"20190309100618","is_ascension_mode":true,"campfire_choices":[{"floor":6.0,"key":"REST"},{"floor":8.0,"key":"REST"},{"data":"Apotheosis","floor":15.0,"key":"SMITH"},{"data":"Footwork","floor":27.0,"key":"SMITH"},{"data":"Well Laid Plans","floor":32.0,"key":"SMITH"},{"data":"After Image","floor":40.0,"key":"SMITH"},{"floor":49.0,"key":"RECALL"},{"data":"Infinite Blades","floor":53.0,"key":"SMITH"}],"neow_cost":"PERCENT_DAMAGE","seed_source_timestamp":607930274626044,"circlet_count":0,"master_deck":["AscendersBane","Defend_G","Defend_G","Defend_G","Strike_G","Strike_G","Survivor","Neutralize","Die Die Die","Burst","Dagger Spray","Dash","Dagger Spray","Well Laid Plans+1","Backflip","Escape Plan","Infinite Blades+1","Apotheosis+1","Leg Sweep","Wraith Form v2","Poisoned Stab","Footwork+1","Calculated Gamble+1","PiercingWail","Terror","Noxious Fumes","Injury","Blade Dance","Glass Knife","After Image+1","Quick Slash","Quick Slash+1","Writhe","Leg Sweep","Leg Sweep","Pain","Injury","Wraith Form v2","Parasite","Dash","Backflip","Footwork","Blade Dance"],"special_seed":0,"relics":["Ring of the Snake","Ornamental Fan","Meat on the Bone","Letter Opener","Mercury Hourglass","Cursed Key","Bottled Tornado","Du-Vu Doll","Blood Vial","Sling","Bag of Marbles","Sozu","Anchor","Smiling Mask","Mummified Hand","StoneCalendar","Shuriken","Pear","Lantern"],"potions_floor_usage":[],"damage_taken":[{"damage":0.0,"enemies":"Cultist","floor":1.0,"turns":4.0},{"damage":12.0,"enemies":"Jaw Worm","floor":2.0,"turns":4.0},{"damage":0.0,"enemies":"Small Slimes","floor":3.0,"turns":2.0},{"damage":0.0,"enemies":"Red Slaver","floor":4.0,"turns":3.0},{"damage":13.0,"enemies":"Exordium Thugs","floor":5.0,"turns":4.0},{"damage":20.0,"enemies":"3 Sentries","floor":7.0,"turns":4.0},{"damage":30.0,"enemies":"Gremlin Nob","floor":10.0,"turns":6.0},{"damage":0.0,"enemies":"3 Louse","floor":11.0,"turns":2.0},{"damage":3.0,"enemies":"Lagavulin","floor":13.0,"turns":7.0},{"damage":0.0,"enemies":"Exordium Wildlife","floor":14.0,"turns":1.0},{"damage":28.0,"enemies":"Slime Boss","floor":16.0,"turns":8.0},{"damage":0.0,"enemies":"Chosen","floor":18.0,"turns":3.0},{"damage":4.0,"enemies":"Shell Parasite","floor":20.0,"turns":5.0},{"damage":12.0,"enemies":"Shelled Parasite and Fungi","floor":22.0,"turns":6.0},{"damage":0.0,"enemies":"Slavers","floor":23.0,"turns":6.0},{"damage":12.0,"enemies":"3 Cultists","floor":24.0,"turns":3.0},{"damage":31.0,"enemies":"Book of Stabbing","floor":25.0,"turns":7.0},{"damage":1.0,"enemies":"Snecko","floor":28.0,"turns":5.0},{"damage":0.0,"enemies":"Gremlin Leader","floor":31.0,"turns":4.0},{"damage":1.0,"enemies":"Champ","floor":33.0,"turns":14.0},{"damage":0.0,"enemies":"Orb Walker","floor":35.0,"turns":3.0},{"damage":0.0,"enemies":"3 Shapes","floor":37.0,"turns":4.0},{"damage":6.0,"enemies":"Sphere and 2 Shapes","floor":39.0,"turns":5.0},{"damage":4.0,"enemies":"Nemesis","floor":41.0,"turns":7.0},{"damage":23.0,"enemies":"Giant Head","floor":44.0,"turns":6.0},{"damage":5.0,"enemies":"Writhing Mass","floor":45.0,"turns":6.0},{"damage":6.0,"enemies":"Mind Bloom Boss Battle","floor":46.0,"turns":6.0},{"damage":1.0,"enemies":"Nemesis","floor":48.0,"turns":3.0},{"damage":10.0,"enemies":"Donu and Deca","floor":50.0,"turns":8.0},{"damage":17.0,"enemies":"Time Eater","floor":51.0,"turns":10.0},{"damage":25.0,"enemies":"Shield and Spear","floor":55.0,"turns":7.0},{"damage":18,"enemies":"The Heart","floor":56,"turns":3}],"seed_played":"6764328700533152166","potions_obtained":[{"floor":1.0,"key":"SpeedPotion"},{"floor":10.0,"key":"GamblersBrew"},{"floor":11.0,"key":"EssenceOfSteel"},{"floor":13.0,"key":"Fire Potion"},{"floor":16.0,"key":"Strength Potion"},{"floor":28.0,"key":"SmokeBomb"}],"is_trial":false,"path_per_floor":["M","M","M","M","M","R","E","R","T","E","M","$","E","M","R","B",null,"M","?","M","?","M","E","M","E","T","R","M","$","?","E","R","B",null,"M","?","M","?","M","R","E","T","T","E","M","?","$","E","R","B","B",null,"R","$","E","B"],"character_chosen":"THE_SILENT","items_purchased":["Apotheosis","Sling","Shuriken","Footwork"],"campfire_rested":2,"item_purchase_floors":[12,29,47,47],"current_hp_per_floor":[44,32,32,32,19,38,18,37,37,19,31,31,40,40,40,24,56,56,38,46,46,46,46,46,27,27,27,40,40,33,47,47,48,65,67,67,69,71,65,65,63,63,63,42,39,47,47,58,58,50,47,73,73,73,50,34],"gold":59,"neow_bonus":"TRANSFORM_TWO_CARDS","is_prod":false,"is_daily":false,"chose_seed":false,"campfire_upgraded":5,"win_rate":0,"timestamp":1552147578,"path_taken":["M","M","M","?","M","R","E","R","T","E","M","$","E","M","R","BOSS","M","?","M","?","?","E","?","E","T","R","M","$","?","E","R","BOSS","M","?","M","?","M","R","E","?","T","E","M","?","$","E","R","BOSS","BOSS","R","$","E","BOSS"],"build_version":"2019-01-23","purchased_purges":1,"victory":false,"max_hp_per_floor":[66,66,66,66,66,66,66,66,66,66,66,66,66,66,66,66,66,66,71,71,71,71,71,71,71,71,71,71,71,71,71,71,71,71,71,71,71,71,71,71,71,71,71,71,71,71,71,81,81,81,81,81,81,81,81,81],"card_choices":[{"not_picked":["Endless Agony","Sucker Punch"],"picked":"Dagger Spray","floor":1.0},{"not_picked":["Prepared","Finisher","Underhanded Strike"],"picked":"SKIP","floor":2.0},{"not_picked":["Phantasmal Killer","Terror"],"picked":"Dash","floor":3.0},{"not_picked":["Predator","Slice"],"picked":"Dagger Spray","floor":4.0},{"not_picked":["Poisoned Stab","Accuracy"],"picked":"Well Laid Plans","floor":5.0},{"not_picked":["Flechettes","Predator"],"picked":"Backflip","floor":7.0},{"not_picked":["Heel Hook","Sucker Punch"],"picked":"Escape Plan","floor":10.0},{"not_picked":["Flying Knee","Doppelganger"],"picked":"Infinite Blades","floor":11.0},{"not_picked":["Prepared","Well Laid Plans"],"picked":"Leg Sweep","floor":13.0},{"not_picked":["Sucker Punch","Bane","Acrobatics"],"picked":"SKIP","floor":14.0},{"not_picked":["A Thousand Cuts","Unload"],"picked":"Wraith Form v2","floor":16.0},{"not_picked":["Dagger Spray+1","Flying Knee"],"picked":"Poisoned Stab","floor":18.0},{"not_picked":["Accuracy","Blade Dance"],"picked":"Footwork","floor":20.0},{"not_picked":["Distraction","Flying Knee"],"picked":"Calculated Gamble+1","floor":22.0},{"not_picked":["Dodge and Roll","Masterful Stab"],"picked":"PiercingWail","floor":23.0},{"not_picked":["Infinite Blades","Heel Hook"],"picked":"Terror","floor":24.0},{"not_picked":["Cloak And Dagger","Underhanded Strike+1"],"picked":"Noxious Fumes","floor":25.0},{"not_picked":["Riddle With Holes","Finisher"],"picked":"Blade Dance","floor":28.0},{"not_picked":["Flying Knee","Skewer"],"picked":"Glass Knife","floor":31.0},{"not_picked":["Glass Knife","Bullet Time"],"picked":"After Image","floor":33.0},{"not_picked":["Deflect","Prepared"],"picked":"Quick Slash","floor":35.0},{"not_picked":["Catalyst","Endless Agony"],"picked":"Quick Slash+1","floor":37.0},{"not_picked":["Bane","Flying Knee+1"],"picked":"Leg Sweep","floor":39.0},{"not_picked":["Dodge and Roll","Poisoned Stab"],"picked":"Leg Sweep","floor":41.0},{"not_picked":["Poisoned Stab","Prepared"],"picked":"Wraith Form v2","floor":44.0},{"not_picked":["Heel Hook","Noxious Fumes"],"picked":"Dash","floor":45.0},{"not_picked":["Expertise","Dagger Throw"],"picked":"Backflip","floor":46.0},{"not_picked":["Setup","Catalyst","Noxious Fumes"],"picked":"SKIP","floor":48.0},{"not_picked":["Choke","Outmaneuver"],"picked":"Blade Dance","floor":55.0}],"player_experience":716961,"relics_obtained":[{"floor":7.0,"key":"Ornamental Fan"},{"floor":9.0,"key":"Meat on the Bone"},{"floor":10.0,"key":"Letter Opener"},{"floor":13.0,"key":"Mercury Hourglass"},{"floor":23.0,"key":"Bottled Tornado"},{"floor":25.0,"key":"Du-Vu Doll"},{"floor":26.0,"key":"Blood Vial"},{"floor":31.0,"key":"Bag of Marbles"},{"floor":41.0,"key":"Anchor"},{"floor":43.0,"key":"Smiling Mask"},{"floor":44.0,"key":"Mummified Hand"},{"floor":46.0,"key":"StoneCalendar"},{"floor":48.0,"key":"Pear"},{"floor":55.0,"key":"Lantern"}],"event_choices":[{"damage_healed":0.0,"max_hp_gain":5.0,"max_hp_loss":0.0,"gold_gain":0.0,"event_name":"Forgotten Altar","player_choice":"Shed Blood","floor":19.0,"gold_loss":0.0,"damage_taken":23.0},{"cards_removed":["Strike_G"],"damage_healed":0.0,"max_hp_gain":0.0,"max_hp_loss":0.0,"gold_gain":0.0,"event_name":"Purifier","player_choice":"Purged","floor":21.0,"gold_loss":0.0,"damage_taken":0.0},{"damage_healed":0.0,"max_hp_gain":0.0,"max_hp_loss":0.0,"gold_gain":0.0,"event_name":"Knowing Skull","player_choice":"","floor":30.0,"potions_obtained":[],"gold_loss":0.0,"damage_taken":7.0,"cards_obtained":[]},{"cards_removed":["Defend_G"],"damage_healed":0.0,"max_hp_gain":0.0,"max_hp_loss":0.0,"gold_gain":0.0,"event_name":"Falling","player_choice":"Removed Skill","floor":36.0,"gold_loss":0.0,"damage_taken":0.0},{"damage_healed":14.0,"max_hp_gain":0.0,"max_hp_loss":0.0,"gold_gain":0.0,"event_name":"Winding Halls","player_choice":"Writhe","floor":38.0,"gold_loss":0.0,"damage_taken":0.0,"cards_obtained":["Writhe"]},{"damage_healed":0.0,"max_hp_gain":0.0,"max_hp_loss":0.0,"gold_gain":0.0,"event_name":"MindBloom","player_choice":"Fight","floor":46.0,"gold_loss":0.0,"damage_taken":0.0}],"is_beta":false,"boss_relics":[{"not_picked":["Runic Dome","Tiny House"],"picked":"Cursed Key"},{"not_picked":["Velvet Choker","White Beast Statue"],"picked":"Sozu"}],"items_purged_floors":[29],"is_endless":false,"potions_floor_spawned":[1,10,11,13,16,18,20,28,31,37,39,45],"killed_by":"The Heart","ascension_level":20}