{"gold_per_floor":[16,16,16,32,52,86,86,112,137,137,175,175,100,134,134,232,232,255,274,199,199,218,218],"floor_reached":23,"playtime":1498,"items_purged":["Strike_B"],"score":434,"play_id":"a1e63232-ce9f-4d26-8d2b-343fa4612b28","local_time":"20190223115102","is_ascension_mode":true,"campfire_choices":[{"data":"Apotheosis","floor":7.0,"key":"SMITH"},{"floor":15.0,"key":"REST"}],"neow_cost":"NO_GOLD","seed_source_timestamp":398312527686924,"circlet_count":0,"master_deck":["AscendersBane","Defend_B","Defend_B","Defend_B","Defend_B","Zap","Dualcast","Apotheosis+1","Steam","Loop","Cold Snap","Go for the Eyes","White Noise","Ball Lightning","Buffer","Creative AI","Steam","Redo","Sweeping Beam+1"],"special_seed":0,"relics":["Cracked Core","Bag of Marbles","Whetstone","Happy Flower","Blood Vial","Golden Idol","Omamori","Orichalcum","Inserter"],"potions_floor_usage":[23],"damage_taken":[{"damage":9.0,"enemies":"Small Slimes","floor":1.0,"turns":4.0},{"damage":0.0,"enemies":"Cultist","floor":4.0,"turns":3.0},{"damage":4.0,"enemies":"Jaw Worm","floor":5.0,"turns":3.0},{"damage":21.0,"enemies":"3 Sentries","floor":6.0,"turns":9.0},{"damage":8.0,"enemies":"Gremlin Nob","floor":8.0,"turns":3.0},{"damage":18.0,"enemies":"Lagavulin","floor":11.0,"turns":7.0},{"damage":22.0,"enemies":"3 Sentries","floor":14.0,"turns":7.0},{"damage":10.0,"enemies":"Slime Boss","floor":16.0,"turns":10.0},{"damage":0.0,"enemies":"3 Byrds","floor":18.0,"turns":3.0},{"damage":11.0,"enemies":"Chosen","floor":19.0,"turns":6.0},{"damage":23.0,"enemies":"Shelled Parasite and Fungi","floor":22.0,"turns":7.0},{"damage":30,"enemies":"Gremlin Leader","floor":23,"turns":8}],"seed_played":"-2724937949706950732","potions_obtained":[{"floor":1.0,"key":"Regen Potion"},{"floor":6.0,"key":"FearPotion"},{"floor":14.0,"key":"SpeedPotion"},{"floor":19.0,"key":"Dexterity Potion"}],"is_trial":false,"path_per_floor":["M","?","$","M","M","E","R","E","T","?","E","?","$","E","R","B",null,"M","M","?","?","M","E"],"character_chosen":"DEFECT","items_purchased":[],"campfire_rested":1,"item_purchase_floors":[],"current_hp_per_floor":[55,55,55,55,51,30,30,22,22,22,21,21,21,1,20,12,51,53,44,44,44,23,0],"gold":218,"neow_bonus":"RANDOM_COLORLESS_2","is_prod":false,"is_daily":false,"chose_seed":false,"campfire_upgraded":1,"win_rate":0,"timestamp":1550944262,"path_taken":["M","?","?","M","?","E","R","E","T","?","E","?","$","E","R","BOSS","M","M","?","?","M","E"],"build_version":"2019-01-23","purchased_purges":1,"victory":false,"max_hp_per_floor":[71,71,71,71,71,71,71,71,71,64,64,64,64,64,64,64,64,64,64,64,64,64,64],"card_choices":[{"not_picked":["Conserve Battery","Force Field"],"picked":"Steam","floor":1.0},{"not_picked":["Hologram","Streamline"],"picked":"Loop","floor":4.0},{"not_picked":["Blizzard","Coolheaded"],"picked":"Cold Snap","floor":5.0},{"not_picked":["Chaos","Self Repair"],"picked":"Go for the Eyes","floor":6.0},{"not_picked":["Gash","Leap"],"picked":"White Noise","floor":8.0},{"not_picked":["Loop","Steam"],"picked":"Ball Lightning","floor":11.0},{"not_picked":["Scrape","Consume"],"picked":"Buffer","floor":14.0},{"not_picked":["Core Surge","Amplify"],"picked":"Creative AI","floor":16.0},{"not_picked":["Sweeping Beam","Stack"],"picked":"Steam","floor":18.0},{"not_picked":["White Noise","Leap"],"picked":"Redo","floor":19.0},{"not_picked":["Steam","Beam Cell+1"],"picked":"Sweeping Beam+1","floor":22.0}],"player_experience":636582,"relics_obtained":[{"floor":6.0,"key":"Whetstone"},{"floor":8.0,"key":"Happy Flower"},{"floor":9.0,"key":"Blood Vial"},{"floor":11.0,"key":"Omamori"},{"floor":14.0,"key":"Orichalcum"}],"event_choices":[{"cards_removed":["Forethought"],"damage_healed":0.0,"max_hp_gain":0.0,"max_hp_loss":0.0,"gold_gain":0.0,"event_name":"WeMeetAgain","player_choice":"Gave Card","floor":2.0,"gold_loss":0.0,"damage_taken":0.0,"relics_obtained":["Bag of Marbles"]},{"damage_healed":0.0,"max_hp_gain":0.0,"max_hp_loss":7.0,"gold_gain":0.0,"event_name":"Golden Idol","player_choice":"Lose Max HP","floor":10.0,"gold_loss":0.0,"damage_taken":0.0,"relics_obtained":["Golden Idol"]},{"cards_removed":["Strike_B"],"damage_healed":0.0,"max_hp_gain":0.0,"max_hp_loss":0.0,"gold_gain":0.0,"event_name":"Living Wall","player_choice":"Forget","floor":12.0,"gold_loss":0.0,"damage_taken":0.0},{"cards_removed":["Strike_B"],"damage_healed":0.0,"max_hp_gain":0.0,"max_hp_loss":0.0,"gold_gain":0.0,"event_name":"Beggar","player_choice":"Gave Gold","floor":20.0,"gold_loss":75.0,"damage_taken":0.0},{"cards_removed":["Strike_B"],"damage_healed":0.0,"max_hp_gain":0.0,"max_hp_loss":0.0,"gold_gain":0.0,"event_name":"Back to Basics","player_choice":"Elegance","floor":21.0,"gold_loss":0.0,"damage_taken":0.0}],"is_beta":false,"boss_relics":[{"not_picked":["Nuclear Battery","Lizard Tail"],"picked":"Inserter"}],"items_purged_floors":[13],"is_endless":false,"potions_floor_spawned":[1,6,14,19],"killed_by":"Gremlin Leader","ascension_level":20}