{"gold_per_floor":[119,294,308,326,401,436,139,139,139,167,178,14,34,53,53,130,130,141,101,121,121,121,121,134,134,159,258,290,290,0,16,16,91,91,102,113,125,145,245,245,97,131,154,154,154,19,19,39,39,39],"floor_reached":51,"playtime":3890,"items_purged":["Doubt"],"score":1256,"play_id":"876b4ebb-8112-460f-915e-ef90447ec11a","local_time":"20190329104848","is_ascension_mode":true,"campfire_choices":[{"floor":8.0,"key":"REST"},{"data":"Magnetism","floor":15.0,"key":"SMITH"},{"data":"Immolate","floor":23.0,"key":"SMITH"},{"data":"Flame Barrier","floor":29.0,"key":"SMITH"},{"floor":32.0,"key":"REST"},{"data":"Clothesline","floor":40,"key":"SMITH"},{"data":"Demon Form","floor":45,"key":"SMITH"},{"data":"Flame Barrier","floor":47,"key":"SMITH"},{"floor":49,"key":"REST"}],"neow_cost":"NONE","seed_source_timestamp":693023101920300,"circlet_count":0,"master_deck":["AscendersBane","Strike_R","Strike_R","Strike_R","Strike_R","Strike_R","Defend_R","Defend_R","Defend_R","Defend_R","Bash","Cleave","Second Wind","Anger","Disarm","Feed","Wild Strike","Carnage","Magnetism+1","Headbutt","Exhume","Immolate+1","Inflame+1","Flame Barrier+1","Perfected Strike+1","Writhe","Perfected Strike+1","Battle Trance","Inflame","Bludgeon","Power Through+1","Flame Barrier+1","Power Through","Clothesline+1","Sentinel+1","Demon Form+1","Spot Weakness+1","Reaper","Parasite"],"special_seed":0,"relics":["Burning Blood","Sundial","Anchor","Singing Bowl","Sozu","Meat on the Bone","Red Skull","Bronze Scales","Pear","Snecko Eye","Pocketwatch","Blue Candle","Art of War","Prayer Wheel"],"potions_floor_usage":[33],"damage_taken":[{"damage":11.0,"enemies":"Small Slimes","floor":1.0,"turns":4.0},{"damage":8.0,"enemies":"Jaw Worm","floor":3.0,"turns":4.0},{"damage":0.0,"enemies":"Cultist","floor":4.0,"turns":4.0},{"damage":50.0,"enemies":"Gremlin Nob","floor":6.0,"turns":5.0},{"damage":14.0,"enemies":"3 Sentries","floor":10.0,"turns":4.0},{"damage":0.0,"enemies":"Exordium Wildlife","floor":11.0,"turns":3.0},{"damage":0.0,"enemies":"3 Louse","floor":13.0,"turns":4.0},{"damage":0.0,"enemies":"Large Slime","floor":14.0,"turns":5.0},{"damage":41.0,"enemies":"The Guardian","floor":16.0,"turns":14.0},{"damage":33.0,"enemies":"Spheric Guardian","floor":18.0,"turns":4.0},{"damage":6.0,"enemies":"3 Byrds","floor":20.0,"turns":3.0},{"damage":18.0,"enemies":"3 Cultists","floor":24.0,"turns":4.0},{"damage":32.0,"enemies":"Slavers","floor":28.0,"turns":5.0},{"damage":28.0,"enemies":"Shelled Parasite and Fungi","floor":31.0,"turns":5.0},{"damage":53,"enemies":"Automaton","floor":33,"turns":10},{"damage":30,"enemies":"3 Darklings","floor":35,"turns":4},{"damage":12,"enemies":"Orb Walker","floor":36,"turns":4},{"damage":4,"enemies":"Transient","floor":37,"turns":5},{"damage":13,"enemies":"4 Shapes","floor":38,"turns":5},{"damage":0,"enemies":"Mind Bloom Boss Battle","floor":39,"turns":5},{"damage":0,"enemies":"Reptomancer","floor":42,"turns":3},{"damage":18,"enemies":"Writhing Mass","floor":48,"turns":5},{"damage":79,"enemies":"Donu and Deca","floor":50,"turns":8}],"seed_played":"-4471951511555891209","potions_obtained":[{"floor":0.0,"key":"EssenceOfSteel"},{"floor":0.0,"key":"Poison Potion"},{"floor":6.0,"key":"Dexterity Potion"},{"floor":10.0,"key":"Block Potion"}],"is_trial":false,"path_per_floor":["M","?","M","M","?","E","$","R","T","E","M","$","M","M","R","B",null,"M","$","M","?","?","R","M","?","T","?","E","R","$","M","R","B",null,"M","M","M","M","?","R","$","E","T","T","R","$","R","M","R","B",null],"character_chosen":"IRONCLAD","items_purchased":["Feed","Wild Strike","PowerPotion","Magnetism","Flame Barrier","Pear","Inflame","Demon Form","Reaper"],"campfire_rested":3,"item_purchase_floors":[7,7,7,12,19,30,30,41,46],"current_hp_per_floor":[63,63,61,67,56,12,12,34,34,28,37,37,46,55,55,20,70,43,43,43,43,43,43,46,46,46,46,36,36,46,41,73,42,95,71,68,70,66,72,72,72,78,78,78,78,78,78,70,106,65],"gold":39,"neow_bonus":"THREE_SMALL_POTIONS","is_prod":false,"is_daily":false,"chose_seed":false,"campfire_upgraded":6,"win_rate":1,"timestamp":1553881728,"path_taken":["M","?","M","M","?","E","$","R","T","E","M","?","?","M","R","BOSS","M","$","M","?","?","R","M","?","T","?","E","R","$","M","R","BOSS","M","M","M","M","?","R","$","E","T","?","R","$","R","M","R","BOSS"],"build_version":"2019-01-23","purchased_purges":1,"victory":true,"max_hp_per_floor":[75,75,75,75,75,75,75,75,75,77,80,80,83,86,86,86,86,86,86,86,86,86,86,89,89,89,89,93,93,103,108,108,112,112,112,115,115,118,118,118,118,118,118,118,118,118,118,122,122,122],"card_choices":[{"not_picked":["Body Slam","Searing Blow"],"picked":"Cleave","floor":1.0},{"not_picked":["Body Slam","Bloodletting"],"picked":"Second Wind","floor":3.0},{"not_picked":["Heavy Blade","Pummel"],"picked":"Anger","floor":4.0},{"not_picked":["Havoc","Headbutt"],"picked":"Disarm","floor":6.0},{"not_picked":["Cleave","Entrench","Flex"],"picked":"Singing Bowl","floor":10.0},{"not_picked":["Heavy Blade","Fire Breathing"],"picked":"Carnage","floor":11.0},{"not_picked":["Iron Wave","Warcry"],"picked":"Headbutt","floor":13.0},{"not_picked":["Perfected Strike","Twin Strike"],"picked":"Exhume","floor":14.0},{"not_picked":["Reaper","Fiend Fire"],"picked":"Immolate","floor":16.0},{"not_picked":["Havoc","Perfected Strike"],"picked":"Inflame+1","floor":18.0},{"not_picked":["Hemokinesis","Body Slam"],"picked":"Perfected Strike+1","floor":20.0},{"not_picked":["Wild Strike","Whirlwind"],"picked":"Perfected Strike+1","floor":24.0},{"not_picked":["Entrench","True Grit"],"picked":"Battle Trance","floor":28.0},{"not_picked":["Barricade","Iron Wave","True Grit"],"picked":"Singing Bowl","floor":31.0},{"not_picked":["Berserk","Juggernaut"],"picked":"Bludgeon","floor":33},{"not_picked":["Whirlwind+1","Sword Boomerang"],"picked":"Power Through+1","floor":35},{"not_picked":["Anger+1","Warcry"],"picked":"Flame Barrier","floor":36},{"not_picked":["Flex","Twin Strike"],"picked":"Power Through","floor":37},{"not_picked":["Evolve+1","Iron Wave+1"],"picked":"Clothesline","floor":38},{"not_picked":["Battle Trance","Reckless Charge"],"picked":"Sentinel+1","floor":39},{"not_picked":["Shrug It Off","Whirlwind+1"],"picked":"Spot Weakness+1","floor":42},{"not_picked":["Flex","Cleave","Sentinel"],"picked":"Singing Bowl","floor":48},{"not_picked":["Havoc+1","Warcry","Cleave+1"],"picked":"Singing Bowl","floor":48}],"player_experience":150782,"relics_obtained":[{"floor":6.0,"key":"Sundial"},{"floor":9.0,"key":"Anchor"},{"floor":10.0,"key":"Singing Bowl"},{"floor":26.0,"key":"Red Skull"},{"floor":28.0,"key":"Bronze Scales"},{"floor":39,"key":"Pocketwatch"},{"floor":42,"key":"Blue Candle"},{"floor":43,"key":"Art of War"},{"floor":44,"key":"Prayer Wheel"}],"event_choices":[{"damage_healed":0.0,"max_hp_gain":0.0,"max_hp_loss":0.0,"gold_gain":175.0,"event_name":"Liars Game","player_choice":"AGREE","floor":2.0,"gold_loss":0.0,"damage_taken":0.0,"cards_obtained":["Doubt"]},{"damage_healed":0.0,"max_hp_gain":0.0,"max_hp_loss":0.0,"gold_gain":75.0,"event_name":"World of Goop","player_choice":"Gather Gold","floor":5.0,"gold_loss":0.0,"damage_taken":11.0},{"damage_healed":0.0,"max_hp_gain":0.0,"max_hp_loss":0.0,"gold_gain":0.0,"event_name":"The Mausoleum","player_choice":"Opened","floor":21.0,"gold_loss":0.0,"damage_taken":0.0,"relics_obtained":["Meat on the Bone"],"cards_obtained":["Writhe"]},{"damage_healed":0.0,"max_hp_gain":0.0,"max_hp_loss":0.0,"gold_gain":0.0,"event_name":"Ghosts","player_choice":"Ignored","floor":22.0,"gold_loss":0.0,"damage_taken":0.0},{"damage_healed":0.0,"max_hp_gain":0.0,"max_hp_loss":0.0,"gold_gain":0.0,"event_name":"Vampires","player_choice":"Ignored","floor":25.0,"gold_loss":0.0,"damage_taken":0.0},{"damage_healed":0.0,"max_hp_gain":0.0,"max_hp_loss":0.0,"gold_gain":99.0,"event_name":"Nest","player_choice":"Stole From Cult","floor":27.0,"gold_loss":0.0,"damage_taken":0.0},{"damage_healed":0,"gold_gain":0,"player_choice":"Fight","damage_taken":0,"max_hp_gain":0,"max_hp_loss":0,"event_name":"MindBloom","floor":39,"gold_loss":0}],"is_beta":false,"boss_relics":[{"not_picked":["Busted Crown","Runic Pyramid"],"picked":"Sozu"},{"not_picked":["Fusion Hammer","Velvet Choker"],"picked":"Snecko Eye"}],"items_purged_floors":[7],"is_endless":false,"potions_floor_spawned":[1,6,10,13,20,31,33,36,38,42,48],"ascension_level":14}