{"gold_per_floor":[17,29,40,40,40,40,40,40,123,133,133,161,175,195,195,273,273,243,243,52,70,80,80,107,107,183,183,183],"floor_reached":28,"playtime":1396,"items_purged":["Regret"],"score":440,"play_id":"3a2cb537-a3a9-4603-b140-648af96b14a1","local_time":"20190325164021","is_ascension_mode":true,"campfire_choices":[{"data":"Inflame","floor":6,"key":"SMITH"},{"data":"Pummel","floor":8,"key":"SMITH"},{"data":"Demon Form","floor":11,"key":"SMITH"},{"data":"Shrug It Off","floor":15,"key":"SMITH"},{"floor":23,"key":"REST"},{"floor":25,"key":"REST"},{"data":"1","floor":27,"key":"LIFT"}],"neow_cost":"NO_GOLD","seed_source_timestamp":7537914948341,"circlet_count":0,"master_deck":["AscendersBane","Strike_R","Strike_R","Strike_R","Defend_R","Defend_R","Defend_R","Defend_R","Bash","Inflame+1","Rage","Pummel+1","Uppercut+1","Demon Form+1","Shrug It Off+1","Exhume","Metallicize","True Grit+1"],"relics":["Burning Blood","The Courier","Tiny Chest","Orichalcum","Lizard Tail","Lantern","Girya","Singing Bowl"],"potions_floor_usage":[10,14,16,18,24,28],"damage_taken":[{"damage":6,"enemies":"Small Slimes","floor":1,"turns":5},{"damage":2,"enemies":"Jaw Worm","floor":2,"turns":4},{"damage":0,"enemies":"Cultist","floor":3,"turns":4},{"damage":19,"enemies":"3 Louse","floor":10,"turns":3},{"damage":35,"enemies":"3 Sentries","floor":12,"turns":6},{"damage":16,"enemies":"Red Slaver","floor":13,"turns":4},{"damage":5,"enemies":"Gremlin Gang","floor":14,"turns":5},{"damage":23,"enemies":"Hexaghost","floor":16,"turns":8},{"damage":27,"enemies":"2 Thieves","floor":18,"turns":4},{"damage":7,"enemies":"Spheric Guardian","floor":21,"turns":5},{"damage":5,"enemies":"Snecko","floor":22,"turns":6},{"damage":46,"enemies":"Gremlin Leader","floor":24,"turns":6},{"damage":102,"enemies":"3 Cultists","floor":28,"turns":6}],"seed_played":"-3283297546400739636","potions_obtained":[{"floor":1,"key":"Ancient Potion"},{"floor":3,"key":"GamblersBrew"},{"floor":12,"key":"EssenceOfSteel"},{"floor":13,"key":"SkillPotion"},{"floor":16,"key":"Energy Potion"},{"floor":18,"key":"Weak Potion"},{"floor":21,"key":"FairyPotion"},{"floor":24,"key":"SkillPotion"}],"is_trial":false,"path_per_floor":["M","M","M","$","?","R","?","R","T","M","R","E","M","M","R","B",null,"M","?","$","M","M","R","E","R","T","R","M"],"character_chosen":"IRONCLAD","items_purchased":["Lantern"],"campfire_rested":2,"item_purchase_floors":[20],"current_hp_per_floor":[68,72,75,75,75,75,75,75,75,62,62,33,23,24,24,7,58,37,37,37,36,37,59,19,41,41,41,0],"gold":183,"neow_bonus":"TRANSFORM_TWO_CARDS","is_prod":false,"is_daily":false,"chose_seed":false,"campfire_upgraded":4,"win_rate":0,"timestamp":1553528421,"path_taken":["M","M","M","$","?","R","?","R","T","M","R","E","M","M","R","BOSS","M","?","$","M","M","R","E","R","T","R","M"],"build_version":"2019-01-23","purchased_purges":1,"victory":false,"max_hp_per_floor":[75,75,75,75,75,75,75,75,75,75,75,75,75,75,75,75,75,75,75,75,75,75,75,75,75,75,75,75],"card_choices":[{"not_picked":["Clothesline","Seeing Red"],"picked":"Pummel","floor":1},{"not_picked":["Thunderclap","Spot Weakness"],"picked":"Uppercut","floor":2},{"not_picked":["Perfected Strike","Body Slam","Flex"],"picked":"SKIP","floor":3},{"not_picked":["Iron Wave","Anger"],"picked":"Demon Form","floor":10},{"not_picked":["Sever Soul","Bludgeon","Headbutt"],"picked":"SKIP","floor":12},{"not_picked":["Anger","Iron Wave"],"picked":"Shrug It Off","floor":13},{"not_picked":["Warcry","Clothesline","Havoc"],"picked":"SKIP","floor":14},{"not_picked":["Berserk","Dark Embrace"],"picked":"Exhume","floor":16},{"not_picked":["Fire Breathing","Combust+1"],"picked":"Metallicize","floor":18},{"not_picked":["Armaments","Headbutt"],"picked":"True Grit+1","floor":21},{"not_picked":["Flex","Warcry","Wild Strike"],"picked":"SKIP","floor":22},{"not_picked":["Sentinel","Seeing Red","Anger"],"picked":"SKIP","floor":24}],"player_experience":775218,"relics_obtained":[{"floor":9,"key":"Tiny Chest"},{"floor":12,"key":"Orichalcum"},{"floor":24,"key":"Girya"},{"floor":26,"key":"Singing Bowl"}],"event_choices":[{"damage_healed":0,"gold_gain":0,"player_choice":"Grow","damage_taken":0,"max_hp_gain":0,"max_hp_loss":0,"event_name":"Living Wall","floor":5,"gold_loss":0,"cards_upgraded":["Uppercut"]},{"damage_healed":0,"gold_gain":0,"player_choice":"Box","damage_taken":0,"relics_obtained":["The Courier"],"max_hp_gain":0,"max_hp_loss":0,"event_name":"Big Fish","floor":7,"gold_loss":0,"cards_obtained":["Regret"]},{"damage_healed":0,"gold_gain":0,"player_choice":"Ignored","damage_taken":0,"max_hp_gain":0,"max_hp_loss":0,"event_name":"Beggar","floor":19,"gold_loss":0}],"is_beta":false,"boss_relics":[{"not_picked":["Runic Dome","Eternal Feather"],"picked":"Lizard Tail"}],"items_purged_floors":[20],"is_endless":false,"potions_floor_spawned":[1,3,12,13,16,18,21,24],"killed_by":"3 Cultists","ascension_level":17}