{"gold_per_floor":[109,109,122,46,46,74,74,106,106,106,14,26,26,37,37,37],"floor_reached":16,"playtime":566,"items_purged":[],"score":266,"play_id":"077d9296-1a97-4e46-ad0f-a7da53b71365","local_time":"20190207103922","is_ascension_mode":true,"campfire_choices":[{"data":"Dodge and Roll","floor":7,"key":"SMITH"},{"data":"Burst","floor":10,"key":"SMITH"},{"data":"Dagger Spray","floor":15,"key":"SMITH"}],"neow_cost":"NONE","seed_source_timestamp":69493617939616,"circlet_count":0,"master_deck":["AscendersBane","Defend_G","Defend_G","Defend_G","Defend_G","Defend_G","Strike_G","Strike_G","Strike_G","Strike_G","Strike_G","Survivor","Neutralize","Dodge and Roll+1","Neutralize","Dagger Spray+1","Terror+1","Sucker Punch","Burst+1","Bandage Up"],"relics":["Ring of the Snake","NeowsBlessing","Singing Bowl","Happy Flower","Juzu Bracelet","Pear"],"potions_floor_usage":[14],"damage_taken":[{"damage":0,"enemies":"Jaw Worm","floor":1,"turns":1},{"damage":0,"enemies":"Cultist","floor":3,"turns":1},{"damage":0,"enemies":"Lagavulin","floor":6,"turns":1},{"damage":12,"enemies":"Gremlin Nob","floor":8,"turns":4},{"damage":2,"enemies":"2 Louse","floor":12,"turns":3},{"damage":3,"enemies":"2 Fungi Beasts","floor":14,"turns":3},{"damage":71,"enemies":"Slime Boss","floor":16,"turns":8}],"seed_played":"1225439779123922837","potions_obtained":[{"floor":3,"key":"SteroidPotion"},{"floor":8,"key":"Ancient Potion"}],"is_trial":false,"path_per_floor":["M","?","M","$","?","E","R","E","T","R","$","M","?","M","R","B"],"character_chosen":"THE_SILENT","items_purchased":["Terror","Bandage Up"],"campfire_rested":0,"item_purchase_floors":[4,11],"current_hp_per_floor":[59,59,59,59,59,59,59,47,47,47,47,51,61,64,64,0],"gold":37,"neow_bonus":"THREE_ENEMY_KILL","is_prod":false,"is_daily":false,"chose_seed":false,"campfire_upgraded":3,"win_rate":0,"timestamp":1549557562,"path_taken":["M","?","?","?","?","E","R","E","T","R","$","M","?","M","R","BOSS"],"build_version":"2019-01-23","purchased_purges":0,"victory":false,"max_hp_per_floor":[66,66,66,66,66,66,66,66,66,66,66,68,78,80,80,80],"card_choices":[{"not_picked":["Bane","Masterful Stab"],"picked":"Dodge and Roll","floor":1},{"not_picked":["Setup","Deflect"],"picked":"Dagger Spray","floor":3},{"not_picked":["Caltrops","Masterful Stab"],"picked":"Sucker Punch","floor":6},{"not_picked":["Outmaneuver","Blade Dance"],"picked":"Burst","floor":8},{"not_picked":["Caltrops","Acrobatics","Dodge and Roll"],"picked":"Singing Bowl","floor":12},{"not_picked":["Endless Agony","Underhanded Strike","Poisoned Stab"],"picked":"Singing Bowl","floor":14}],"player_experience":727077,"relics_obtained":[{"floor":6,"key":"Singing Bowl"},{"floor":8,"key":"Happy Flower"},{"floor":9,"key":"Juzu Bracelet"}],"event_choices":[{"damage_healed":0,"gold_gain":0,"player_choice":"1 cards matched","damage_taken":0,"max_hp_gain":0,"max_hp_loss":0,"event_name":"Match and Keep!","floor":2,"gold_loss":0,"cards_obtained":["Neutralize"]},{"damage_healed":0,"gold_gain":0,"player_choice":"Grow","damage_taken":0,"max_hp_gain":0,"max_hp_loss":0,"event_name":"Living Wall","floor":5,"gold_loss":0,"cards_upgraded":["Terror"]},{"damage_healed":0,"gold_gain":0,"player_choice":"Gave Potion","damage_taken":0,"relics_obtained":["Pear"],"max_hp_gain":0,"max_hp_loss":0,"event_name":"WeMeetAgain","floor":13,"gold_loss":0}],"is_beta":false,"boss_relics":[],"items_purged_floors":[],"is_endless":false,"potions_floor_spawned":[3,8],"killed_by":"Slime Boss","ascension_level":20}