{"gold_per_floor":[212,232,232,4,17,17,31,31,31,31,56,67,81,97,97,200,200,218,20,32,32,32,32,61,61,111,111,131,131,145,161,161,262,262,280,299,23,23,23,23],"floor_reached":40,"playtime":3129,"items_purged":[],"score":410,"play_id":"33fdd763-f9ec-49d8-a025-1e6fd2c7df96","local_time":"20180730203406","is_ascension_mode":false,"campfire_choices":[{"data":"Noxious Fumes","floor":6,"key":"SMITH"},{"data":"Prepared","floor":8,"key":"SMITH"},{"data":"Dagger Spray","floor":10,"key":"SMITH"},{"floor":15,"key":"REST"},{"data":"RitualDagger","floor":23,"key":"SMITH"},{"floor":25,"key":"REST"},{"data":"Infinite Blades","floor":27,"key":"SMITH"},{"data":"Accuracy","floor":29,"key":"SMITH"},{"floor":32,"key":"REST"}],"neow_cost":"NONE","seed_source_timestamp":2671565035049288,"circlet_count":0,"master_deck":["Defend_G","Defend_G","Defend_G","Defend_G","Defend_G","Strike_G","Strike_G","Strike_G","Strike_G","Strike_G","Survivor","Neutralize","Outmaneuver","Dagger Spray+1","Noxious Fumes+1","Accuracy+1","Prepared+1","Infinite Blades+1","Phantasmal Killer","Bouncing Flask","Bane","Corpse Explosion","PiercingWail+1","Corpse Explosion","RitualDagger+1","Calculated Gamble+1","Deflect","Phantasmal Killer","Quick Slash+1","Endless Agony","Deadly Poison","Concentrate+1","Well Laid Plans"],"relics":["Ring of the Snake","Vajra","Anchor","Singing Bowl","Busted Crown","DollysMirror","Lantern","Happy Flower","Orrery","Sling","Tough Bandages"],"potions_floor_usage":[12,13,16,24,31,33,38,40,40],"damage_taken":[{"damage":0,"enemies":"Small Slimes","floor":1,"turns":4},{"damage":3,"enemies":"Jaw Worm","floor":2,"turns":6},{"damage":0,"enemies":"Cultist","floor":5,"turns":4},{"damage":2,"enemies":"Looter","floor":7,"turns":4},{"damage":29,"enemies":"Lagavulin","floor":11,"turns":7},{"damage":0,"enemies":"2 Fungi Beasts","floor":12,"turns":2},{"damage":0,"enemies":"Gremlin Gang","floor":13,"turns":3},{"damage":0,"enemies":"Large Slime","floor":14,"turns":4},{"damage":33,"enemies":"Hexaghost","floor":16,"turns":8},{"damage":5,"enemies":"Shell Parasite","floor":18,"turns":3},{"damage":0,"enemies":"3 Byrds","floor":20,"turns":3},{"damage":25,"enemies":"Gremlin Leader","floor":24,"turns":8},{"damage":15,"enemies":"Snecko","floor":28,"turns":4},{"damage":0,"enemies":"Centurion and Healer","floor":30,"turns":4},{"damage":0,"enemies":"Slaver and Parasite","floor":31,"turns":2},{"damage":46,"enemies":"Champ","floor":33,"turns":11},{"damage":13,"enemies":"Orb Walker","floor":35,"turns":3},{"damage":22,"enemies":"Flame Bruiser 1 Orb","floor":36,"turns":5},{"damage":1,"enemies":"Sphere and 2 Shapes","floor":38,"turns":3},{"damage":14,"floor":39,"turns":7},{"damage":35,"enemies":"2 Orb Walkers","floor":40,"turns":3}],"seed_played":"-717928169035530520","potions_obtained":[{"floor":2,"key":"Energy Potion"},{"floor":5,"key":"Explosive Potion"},{"floor":12,"key":"Regen Potion"},{"floor":14,"key":"SmokeBomb"},{"floor":16,"key":"GhostInAJar"},{"floor":20,"key":"Fire Potion"},{"floor":31,"key":"Block Potion"},{"floor":33,"key":"Strength Potion"},{"floor":35,"key":"Poison Potion"}],"is_trial":false,"path_per_floor":["M","M","?","$","M","R","M","R","T","R","E","M","M","M","R","B",null,"M","$","M","?","?","R","E","R","T","R","M","R","M","M","R","B",null,"M","M","$","M","?"],"character_chosen":"THE_SILENT","items_purchased":["Vajra","Noxious Fumes","DollysMirror","Sling","Well Laid Plans"],"campfire_rested":3,"item_purchase_floors":[4,4,19,37,37],"current_hp_per_floor":[70,67,67,67,67,67,65,65,65,65,36,36,45,45,66,33,70,65,65,67,61,61,61,36,57,57,57,44,44,46,46,68,22,78,67,47,47,46,34,0],"gold":23,"neow_bonus":"HUNDRED_GOLD","is_prod":false,"is_daily":false,"chose_seed":false,"campfire_upgraded":6,"win_rate":0,"timestamp":1532979246,"path_taken":["M","M","?","$","M","R","M","R","T","R","E","M","M","?","R","BOSS","M","$","M","?","?","R","E","R","T","R","M","R","M","M","R","BOSS","M","M","$","M","?","E"],"build_version":"2018-07-26","purchased_purges":0,"victory":false,"max_hp_per_floor":[70,70,70,70,70,70,70,70,70,70,70,70,70,70,70,70,70,70,70,72,72,72,72,72,72,72,72,74,74,76,76,76,76,78,80,82,82,82,84,84],"card_choices":[{"not_picked":["Prepared","Leg Sweep"],"picked":"Outmaneuver","floor":1},{"not_picked":["Distraction","Deflect"],"picked":"Dagger Spray","floor":2},{"not_picked":["Poisoned Stab","Cloak And Dagger"],"picked":"Accuracy","floor":5},{"not_picked":["Dagger Throw","Dodge and Roll"],"picked":"Prepared","floor":7},{"not_picked":["Poisoned Stab","Quick Slash"],"picked":"Infinite Blades","floor":11},{"not_picked":["Calculated Gamble","Escape Plan"],"picked":"Phantasmal Killer","floor":12},{"not_picked":["Prepared","Cloak And Dagger"],"picked":"Bouncing Flask","floor":13},{"not_picked":["Calculated Gamble","Dagger Throw"],"picked":"Bane","floor":14},{"not_picked":["Storm of Steel","Envenom"],"picked":"Corpse Explosion","floor":16},{"not_picked":[],"picked":"PiercingWail+1","floor":18},{"not_picked":["PiercingWail"],"picked":"Singing Bowl","floor":20},{"not_picked":[],"picked":"Calculated Gamble+1","floor":24},{"not_picked":["Deflect"],"picked":"Singing Bowl","floor":28},{"not_picked":["Dagger Throw"],"picked":"Singing Bowl","floor":30},{"not_picked":[],"picked":"Deflect","floor":31},{"not_picked":[],"picked":"Phantasmal Killer","floor":33},{"not_picked":["Eviscerate+1"],"picked":"Singing Bowl","floor":34},{"not_picked":[],"picked":"Quick Slash+1","floor":34},{"not_picked":[],"picked":"Endless Agony","floor":34},{"not_picked":[],"picked":"Deadly Poison","floor":34},{"not_picked":[],"picked":"Concentrate+1","floor":34},{"not_picked":["Flying Knee"],"picked":"Singing Bowl","floor":35},{"not_picked":["Dagger Throw"],"picked":"Singing Bowl","floor":36},{"not_picked":["PiercingWail"],"picked":"Singing Bowl","floor":39}],"player_experience":261422,"relics_obtained":[{"floor":9,"key":"Anchor"},{"floor":11,"key":"Singing Bowl"},{"floor":24,"key":"Lantern"},{"floor":26,"key":"Happy Flower"},{"floor":39,"key":"Tough Bandages"}],"event_choices":[{"event_name":"The Cleric","player_choice":"Leave","floor":3,"damage_taken":0},{"event_name":"Nest","player_choice":"Joined the Cult","floor":21,"damage_taken":0},{"event_name":"Ghosts","player_choice":"Ignored","floor":22,"damage_taken":0},{"event_name":"MindBloom","player_choice":"Fight","floor":39,"damage_taken":0}],"is_beta":false,"boss_relics":[{"not_picked":["Calling Bell","Philosopher\u0027s Stone"],"picked":"Busted Crown"},{"not_picked":["Astrolabe","HoveringKite"],"picked":"Orrery"}],"items_purged_floors":[],"is_endless":false,"potions_floor_spawned":[2,5,12,14,16,20,31,33,35,38],"killed_by":"2 Orb Walkers","ascension_level":0}