{"gold_per_floor":[109,119,69,48,59,59,75,75,75,75,0,12,12,29,29,125,125,135,135,35,35,53,53,67,67,67,67],"floor_reached":27,"playtime":1188,"items_purged":["Strike_B","Strike_B"],"score":203,"play_id":"8de732a5-aac6-41e3-91d4-46fa8630512a","local_time":"20180728204650","is_ascension_mode":false,"campfire_choices":[{"data":"Dualcast","floor":6,"key":"SMITH"},{"data":"Zap","floor":8,"key":"SMITH"},{"data":"Defend_B","floor":13,"key":"SMITH"},{"floor":15,"key":"REST"},{"data":"Defend_B","floor":23,"key":"SMITH"},{"data":"Defend_B","floor":25,"key":"SMITH"}],"neow_cost":"NONE","seed_source_timestamp":2501471998486614,"circlet_count":0,"master_deck":["Strike_B","Defend_B+1","Defend_B+1","Defend_B+1","Defend_B+1","Zap+1","Dualcast+1"],"relics":["Cracked Core","Singing Bowl","Cables","Busted Crown","Lantern"],"potions_floor_usage":[16,27,27,27],"damage_taken":[{"damage":10,"enemies":"Small Slimes","floor":1,"turns":3},{"damage":0,"enemies":"2 Louse","floor":2,"turns":2},{"damage":1,"enemies":"Jaw Worm","floor":5,"turns":3},{"damage":2,"enemies":"Blue Slaver","floor":7,"turns":4},{"damage":8,"enemies":"Red Slaver","floor":12,"turns":2},{"damage":5,"enemies":"Exordium Thugs","floor":14,"turns":3},{"damage":17,"enemies":"The Guardian","floor":16,"turns":12},{"damage":0,"enemies":"Shell Parasite","floor":18,"turns":8},{"damage":16,"enemies":"Spheric Guardian","floor":22,"turns":6},{"damage":3,"enemies":"Snake Plant","floor":24,"turns":5},{"damage":67,"enemies":"Cultist and Chosen","floor":27,"turns":6}],"seed_played":"-6148408935572063237","potions_obtained":[{"floor":5,"key":"Dexterity Potion"},{"floor":14,"key":"SkillPotion"},{"floor":18,"key":"GamblersBrew"},{"floor":22,"key":"Swift Potion"}],"is_trial":false,"path_per_floor":["M","M","?","?","M","R","M","R","T","T","$","M","R","M","R","B",null,"M","?","$","?","M","R","M","R","T"],"character_chosen":"DEFECT","items_purchased":[],"campfire_rested":1,"item_purchase_floors":[],"current_hp_per_floor":[65,65,65,65,64,64,62,62,62,62,62,56,56,53,76,59,79,79,79,79,79,65,65,64,64,64,0],"gold":67,"neow_bonus":"UPGRADE_CARD","is_prod":false,"is_daily":false,"chose_seed":false,"campfire_upgraded":5,"win_rate":0,"timestamp":1532807210,"path_taken":["M","M","?","?","?","R","M","R","T","?","$","M","R","M","R","BOSS","M","?","$","?","M","R","M","R","T","M"],"build_version":"2018-07-26","purchased_purges":2,"victory":false,"max_hp_per_floor":[75,75,75,75,75,75,75,75,75,75,75,77,77,79,79,79,79,79,79,79,79,81,81,83,83,83,83],"card_choices":[{"not_picked":["Gash","Static Discharge","Rebound"],"picked":"SKIP","floor":1},{"not_picked":["Go for the Eyes","Stack","Cold Snap"],"picked":"SKIP","floor":2},{"not_picked":["Hologram","Streamline","Consume"],"picked":"SKIP","floor":5},{"not_picked":["Compile Driver","Stack","Leap"],"picked":"SKIP","floor":7},{"not_picked":["Recycle","Multi-Cast","Cold Snap"],"picked":"Singing Bowl","floor":12},{"not_picked":["Ball Lightning","Sweeping Beam","Rebound"],"picked":"Singing Bowl","floor":14},{"not_picked":["Rebound"],"picked":"SKIP","floor":18},{"not_picked":["Fusion"],"picked":"Singing Bowl","floor":22},{"not_picked":["Undo"],"picked":"Singing Bowl","floor":24}],"player_experience":250451,"relics_obtained":[{"floor":9,"key":"Singing Bowl"},{"floor":10,"key":"Cables"},{"floor":26,"key":"Lantern"}],"event_choices":[{"event_name":"The Cleric","player_choice":"Card Removal","floor":3,"damage_taken":0},{"event_name":"World of Goop","player_choice":"Left","floor":4,"damage_taken":0},{"event_name":"N\u0027loth","player_choice":"Ignored","floor":19,"damage_taken":0},{"event_name":"Ghosts","player_choice":"Ignored","floor":21,"damage_taken":0}],"is_beta":false,"boss_relics":[{"not_picked":["Sozu","Tiny House"],"picked":"Busted Crown"}],"items_purged_floors":[11,20],"is_endless":false,"potions_floor_spawned":[5,14,18,22],"killed_by":"Cultist and Chosen","ascension_level":0}