{"gold_per_floor":[114,133,4,4,24,24,51,51,78,93,93,21,48,68,68,171,171,190,190,200,15,33,33,65,65,65,65,84,98,116,135,135,231,231,247,262,11,11,11,11],"floor_reached":40,"playtime":3806,"items_purged":[],"score":506,"play_id":"6d23e700-36b4-4945-9476-c069313ffe13","local_time":"20190328182543","is_ascension_mode":true,"campfire_choices":[{"data":"Neutralize","floor":6,"key":"SMITH"},{"floor":11,"key":"REST"},{"floor":15,"key":"REST"},{"floor":23,"key":"REST"},{"floor":25,"key":"REST"},{"data":"Catalyst","floor":27,"key":"SMITH"},{"floor":32,"key":"REST"}],"neow_cost":"NONE","seed_source_timestamp":528274032099432,"circlet_count":0,"master_deck":["Defend_G","Defend_G","Defend_G","Defend_G","Defend_G","Strike_G","Strike_G","Strike_G","Survivor","Neutralize+1","Outmaneuver","Escape Plan","PiercingWail","Finesse","Backflip","Deflect","Dagger Spray","Deflect","Noxious Fumes","Caltrops","Deadly Poison","Catalyst+1","Glass Knife+1","Prepared+1","Master of Strategy","Well Laid Plans","Escape Plan+1","Cloak And Dagger+1","PiercingWail","Noxious Fumes","Distraction+1","Choke","Glass Knife","Catalyst","Well Laid Plans","Apotheosis","Caltrops","Sucker Punch"],"relics":["Ring of the Snake","Dream Catcher","Orichalcum","Boot","Sozu","The Courier","Darkstone Periapt","Runic Dome"],"potions_floor_usage":[13,13,13],"damage_taken":[{"damage":0,"enemies":"Small Slimes","floor":1,"turns":3},{"damage":8,"enemies":"Jaw Worm","floor":2,"turns":8},{"damage":0,"enemies":"Cultist","floor":5,"turns":5},{"damage":29,"enemies":"3 Sentries","floor":7,"turns":18},{"damage":3,"enemies":"Lots of Slimes","floor":10,"turns":4},{"damage":16,"enemies":"Gremlin Nob","floor":13,"turns":4},{"damage":24,"enemies":"Gremlin Gang","floor":14,"turns":5},{"damage":12,"enemies":"Hexaghost","floor":16,"turns":10},{"damage":26,"enemies":"Chosen","floor":18,"turns":5},{"damage":1,"enemies":"Shell Parasite","floor":20,"turns":4},{"damage":16,"enemies":"3 Cultists","floor":22,"turns":6},{"damage":33,"enemies":"Book of Stabbing","floor":24,"turns":6},{"damage":1,"enemies":"Chosen and Byrds","floor":28,"turns":7},{"damage":2,"enemies":"Snecko","floor":29,"turns":4},{"damage":5,"enemies":"Sentry and Sphere","floor":30,"turns":3},{"damage":12,"enemies":"Cultist and Chosen","floor":31,"turns":6},{"damage":35,"enemies":"Champ","floor":33,"turns":11},{"damage":27,"enemies":"3 Darklings","floor":35,"turns":6},{"damage":38,"enemies":"3 Shapes","floor":36,"turns":5},{"damage":75,"enemies":"Awakened One","floor":40,"turns":4}],"seed_played":"2958131034957362629","potions_obtained":[{"floor":1,"key":"SpeedPotion"},{"floor":2,"key":"Poison Potion"},{"floor":10,"key":"GamblersBrew"}],"is_trial":false,"path_per_floor":["M","M","$","?","M","R","E","?","T","M","R","$","E","M","R","B",null,"M","?","M","$","M","R","E","R","T","R","M","M","M","M","R","B",null,"M","M","$","?","?","B"],"character_chosen":"THE_SILENT","items_purchased":["Finesse","Backflip","Caltrops","Master of Strategy","Apotheosis","Caltrops","Sucker Punch"],"campfire_rested":5,"item_purchase_floors":[3,3,12,21,37,37,37],"current_hp_per_floor":[70,62,62,67,67,67,38,31,31,28,50,50,34,10,32,20,75,49,49,48,48,32,54,21,43,43,43,42,40,35,23,45,10,75,48,10,10,66,66,0],"gold":11,"neow_bonus":"TRANSFORM_CARD","is_prod":false,"is_daily":false,"chose_seed":false,"campfire_upgraded":2,"win_rate":0,"timestamp":1553797543,"path_taken":["M","M","$","?","M","R","E","?","T","M","R","?","E","M","R","BOSS","M","?","M","$","M","R","E","R","T","R","?","M","?","M","R","BOSS","M","M","$","?","?","BOSS"],"build_version":"2019-01-23","purchased_purges":0,"victory":false,"max_hp_per_floor":[70,70,70,75,75,75,75,75,75,75,75,75,75,75,75,75,75,75,75,75,75,75,75,75,75,75,75,75,75,75,75,75,75,75,75,75,75,66,66,66],"card_choices":[{"not_picked":["Reflex","Flechettes"],"picked":"Escape Plan","floor":1},{"not_picked":["Endless Agony","Slice"],"picked":"PiercingWail","floor":2},{"not_picked":["Quick Slash","Underhanded Strike"],"picked":"Deflect","floor":5},{"not_picked":["Terror","Venomology"],"picked":"Dagger Spray","floor":7},{"not_picked":["Dodge and Roll","Quick Slash"],"picked":"Deflect","floor":10},{"not_picked":["Bane","Calculated Gamble"],"picked":"Noxious Fumes","floor":11},{"not_picked":["Doppelganger","All Out Attack","Poisoned Stab"],"picked":"SKIP","floor":13},{"not_picked":["Acrobatics","Terror"],"picked":"Deadly Poison","floor":14},{"not_picked":["Sucker Punch","Dagger Throw"],"picked":"Catalyst","floor":15},{"not_picked":["Night Terror","Storm of Steel"],"picked":"Glass Knife","floor":16},{"not_picked":["Poisoned Stab+1","Setup"],"picked":"Prepared+1","floor":18},{"not_picked":["Quick Slash","Deadly Poison","Heel Hook"],"picked":"SKIP","floor":20},{"not_picked":["Sucker Punch","Blade Dance+1"],"picked":"Well Laid Plans","floor":22},{"not_picked":["Dodge and Roll","Prepared+1"],"picked":"Escape Plan+1","floor":23},{"not_picked":["Wraith Form v2","Heel Hook+1"],"picked":"Cloak And Dagger+1","floor":24},{"not_picked":["Dagger Throw","Bouncing Flask+1"],"picked":"PiercingWail","floor":25},{"not_picked":["Heel Hook","Reflex"],"picked":"Noxious Fumes","floor":28},{"not_picked":["Flying Knee","Deadly Poison","Acrobatics"],"picked":"SKIP","floor":29},{"not_picked":["Quick Slash","Dash","Deflect"],"picked":"SKIP","floor":30},{"not_picked":["Poisoned Stab","Quick Slash"],"picked":"Distraction+1","floor":31},{"not_picked":["Underhanded Strike","Concentrate+1"],"picked":"Choke","floor":32},{"not_picked":["Tools of the Trade","Grand Finale"],"picked":"Glass Knife","floor":33},{"not_picked":["Prepared+1","Quick Slash+1"],"picked":"Catalyst","floor":35},{"not_picked":["Dagger Spray","Calculated Gamble+1"],"picked":"Well Laid Plans","floor":36}],"player_experience":223525,"relics_obtained":[{"floor":7,"key":"Dream Catcher"},{"floor":9,"key":"Orichalcum"},{"floor":13,"key":"Boot"},{"floor":24,"key":"The Courier"},{"floor":26,"key":"Darkstone Periapt"}],"event_choices":[{"damage_healed":0,"gold_gain":0,"player_choice":"Donut","damage_taken":0,"max_hp_gain":5,"max_hp_loss":0,"event_name":"Big Fish","floor":4,"gold_loss":0},{"cards_removed":["Strike_G"],"damage_healed":0,"gold_gain":0,"player_choice":"Card Removal","damage_taken":7,"max_hp_gain":0,"max_hp_loss":0,"event_name":"Golden Wing","floor":8,"gold_loss":0},{"damage_healed":0,"gold_gain":0,"player_choice":"Upgraded","damage_taken":0,"max_hp_gain":0,"max_hp_loss":0,"event_name":"Upgrade Shrine","floor":19,"gold_loss":0,"cards_upgraded":["Glass Knife"]},{"damage_healed":66,"gold_gain":0,"player_choice":"Heal","damage_taken":0,"max_hp_gain":0,"max_hp_loss":9,"event_name":"The Moai Head","floor":38,"gold_loss":0},{"damage_healed":0,"gold_gain":0,"player_choice":"Took Portal","damage_taken":0,"max_hp_gain":0,"max_hp_loss":0,"event_name":"SecretPortal","floor":39,"gold_loss":0}],"is_beta":false,"boss_relics":[{"not_picked":["White Beast Statue","Philosopher\u0027s Stone"],"picked":"Sozu"},{"not_picked":["WristBlade","Astrolabe"],"picked":"Runic Dome"}],"items_purged_floors":[],"is_endless":false,"potions_floor_spawned":[1,2,10,22,24,31],"killed_by":"Awakened One","ascension_level":3}