{"gold_per_floor":[112,131,131,150,161,161,161,177,203,217,239,239,98,98,98,193,193,205,205,220,236,256,256,256,268,294,309,309,323,323,334,334,432,432,448,502,602,620,633,633,646,646,673,673,14,26,26,46,46,46],"floor_reached":51,"playtime":5738,"items_purged":[],"score":620,"play_id":"847b5515-6137-42fc-b770-b1fe295683fc","local_time":"20180728231700","is_ascension_mode":false,"campfire_choices":[{"data":"Redo","floor":6,"key":"SMITH"},{"data":"Chill","floor":12,"key":"SMITH"},{"data":"Defend_B","floor":15,"key":"SMITH"},{"data":"Thunder Strike","floor":24,"key":"SMITH"},{"data":"Loop","floor":30,"key":"SMITH"},{"data":"Consume","floor":32,"key":"SMITH"},{"data":"Self Repair","floor":40,"key":"SMITH"},{"data":"Seek","floor":44,"key":"SMITH"},{"data":"Consume","floor":47,"key":"SMITH"},{"data":"Hologram","floor":49,"key":"SMITH"}],"neow_cost":"NONE","seed_source_timestamp":2505920031939913,"circlet_count":0,"master_deck":["Strike_B","Strike_B","Defend_B+1","Defend_B","Defend_B","Defend_B","Zap","Dualcast","Gash","Sweeping Beam","BootSequence","Redo+1","Beam Cell","Blizzard","Chill+1","Go for the Eyes","Hologram+1","Seek+1","Thunder Strike+1","Coolheaded","Ball Lightning","Redo+1","Barrage+1","Panacea","Auto Shields+1","Loop+1","Core Surge","Consume+1","All For One","Self Repair+1","Capacitor+1","Tempest+1","Self Repair+1","Gash","Consume+1","Hologram","Turbo","Hologram+1"],"relics":["FrozenCore","Regal Pillow","Centennial Puzzle","Odd Mushroom","Coffee Dripper","Boot","Nunchaku","DataDisk","Runic Capacitor","Torii"],"potions_floor_usage":[5,16,22,33,33,33,39,50,50,50],"damage_taken":[{"damage":1,"enemies":"Jaw Worm","floor":1,"turns":3},{"damage":0,"enemies":"Cultist","floor":2,"turns":3},{"damage":0,"enemies":"2 Louse","floor":4,"turns":3},{"damage":0,"enemies":"Gremlin Gang","floor":5,"turns":5},{"damage":1,"enemies":"3 Louse","floor":8,"turns":2},{"damage":3,"enemies":"Looter","floor":10,"turns":3},{"damage":6,"floor":11,"turns":4},{"damage":35,"enemies":"Hexaghost","floor":16,"turns":10},{"damage":10,"enemies":"2 Thieves","floor":18,"turns":4},{"damage":0,"enemies":"3 Byrds","floor":20,"turns":5},{"damage":0,"enemies":"Snake Plant","floor":21,"turns":5},{"damage":11,"enemies":"Snecko","floor":22,"turns":5},{"damage":7,"enemies":"Cultist and Chosen","floor":25,"turns":4},{"damage":0,"enemies":"Centurion and Healer","floor":27,"turns":9},{"damage":5,"enemies":"Sentry and Sphere","floor":29,"turns":5},{"damage":1,"enemies":"3 Cultists","floor":31,"turns":4},{"damage":57,"enemies":"Collector","floor":33,"turns":11},{"damage":3,"enemies":"Flame Bruiser 1 Orb","floor":35,"turns":8},{"damage":38,"floor":36,"turns":8},{"damage":4,"enemies":"3 Darklings","floor":38,"turns":8},{"damage":12,"enemies":"Maw","floor":39,"turns":8},{"damage":6,"enemies":"Transient","floor":41,"turns":5},{"damage":1,"enemies":"3 Darklings","floor":46,"turns":4},{"damage":0,"enemies":"Spire Growth","floor":48,"turns":9},{"damage":12,"enemies":"Awakened One","floor":50,"turns":12}],"seed_played":"7554092799599732009","potions_obtained":[{"floor":1,"key":"Energy Potion"},{"floor":4,"key":"Fire Potion"},{"floor":5,"key":"Ancient Potion"},{"floor":10,"key":"AttackPotion"},{"floor":18,"key":"Regen Potion"},{"floor":22,"key":"Strength Potion"},{"floor":25,"key":"EssenceOfSteel"},{"floor":31,"key":"SkillPotion"},{"floor":33,"key":"PowerPotion"},{"floor":35,"key":"PowerPotion"},{"floor":38,"key":"Energy Potion"}],"is_trial":false,"path_per_floor":["M","M","?","M","M","R","?","M","T","M","?","R","$","?","R","B",null,"M","?","M","M","M","?","R","M","T","M","?","M","R","M","R","B",null,"M","?","?","M","M","R","M","?","T","R","$","M","R","M","R","B"],"character_chosen":"DEFECT","items_purchased":["Seek","Runic Capacitor","Torii","Consume","Hologram","SkillPotion"],"campfire_rested":0,"item_purchase_floors":[13,45,45,45,45,45],"current_hp_per_floor":[74,74,74,74,74,74,71,70,70,67,61,61,61,66,66,31,80,70,70,70,70,59,43,43,36,36,36,62,57,57,56,56,14,80,77,49,49,55,53,53,67,67,67,67,67,80,80,80,80,80],"gold":46,"neow_bonus":"TRANSFORM_CARD","is_prod":false,"is_daily":false,"chose_seed":false,"campfire_upgraded":10,"win_rate":0,"timestamp":1532816220,"path_taken":["M","M","?","M","M","R","?","M","T","M","?","R","$","?","R","BOSS","M","?","M","M","M","?","R","M","T","M","?","M","R","M","R","BOSS","M","?","?","M","?","R","M","?","T","R","$","M","R","M","R","BOSS"],"build_version":"2018-07-26","purchased_purges":0,"victory":true,"max_hp_per_floor":[75,75,75,75,75,75,75,75,75,75,75,75,75,80,80,80,80,80,80,80,80,80,80,80,80,80,80,80,80,80,80,80,80,80,80,80,80,80,80,80,80,80,80,80,80,80,80,80,80,80],"card_choices":[{"not_picked":["Stack","Cold Snap"],"picked":"Sweeping Beam","floor":1},{"not_picked":["Lockon","Leap"],"picked":"BootSequence","floor":2},{"not_picked":["Barrage","Steam Power"],"picked":"Beam Cell","floor":4},{"not_picked":["Recycle","Redo"],"picked":"Blizzard","floor":5},{"not_picked":["Reprogram","Thunder Strike"],"picked":"Chill","floor":8},{"not_picked":["Beam Cell","Coolheaded"],"picked":"Go for the Eyes","floor":10},{"not_picked":["Blizzard","Rebound"],"picked":"Hologram","floor":11},{"not_picked":["Machine Learning","Echo Form"],"picked":"Thunder Strike","floor":16},{"not_picked":["Chaos","Steam Power"],"picked":"Coolheaded","floor":18},{"not_picked":["Hello World","Melter"],"picked":"Ball Lightning","floor":20},{"not_picked":["Rebound","Streamline"],"picked":"Redo+1","floor":21},{"not_picked":["Skim","Leap"],"picked":"Barrage+1","floor":22},{"not_picked":["Cold Snap","Conserve Battery"],"picked":"Auto Shields+1","floor":25},{"not_picked":["Static Discharge","Redo"],"picked":"Loop","floor":27},{"not_picked":["Blizzard+1","Lockon"],"picked":"Core Surge","floor":29},{"not_picked":["Conserve Battery","Rebound"],"picked":"Consume","floor":31},{"not_picked":["Meteor Strike","Hyperbeam"],"picked":"All For One","floor":33},{"not_picked":["Double Energy+1","Aggregate"],"picked":"Self Repair+1","floor":35},{"not_picked":["Go for the Eyes+1","Stack+1"],"picked":"Capacitor+1","floor":36},{"not_picked":["Beam Cell+1","Heatsinks"],"picked":"Tempest+1","floor":38},{"not_picked":["Go for the Eyes+1","Compile Driver"],"picked":"Self Repair","floor":39},{"not_picked":["Force Field","Cold Snap+1"],"picked":"Gash","floor":41},{"not_picked":["Barrage","Compile Driver"],"picked":"Turbo","floor":46},{"not_picked":["Doom and Gloom","Streamline"],"picked":"Hologram+1","floor":48}],"player_experience":251639,"relics_obtained":[{"floor":9,"key":"Centennial Puzzle"},{"floor":11,"key":"Odd Mushroom"},{"floor":26,"key":"Boot"},{"floor":36,"key":"Nunchaku"},{"floor":43,"key":"DataDisk"}],"event_choices":[{"event_name":"Transmorgrifier","player_choice":"Transform","floor":3,"damage_taken":0},{"event_name":"Scrap Ooze","player_choice":"success","floor":7,"damage_taken":3},{"event_name":"Mushrooms","player_choice":"Fought Mushrooms","floor":11,"damage_taken":0},{"event_name":"Big Fish","player_choice":"Donut","floor":14,"damage_taken":0},{"event_name":"Cursed Tome","player_choice":"Ignored","floor":19,"damage_taken":0},{"event_name":"Knowing Skull","player_choice":"CARD ","floor":23,"damage_taken":0},{"event_name":"The Library","player_choice":"Heal","floor":28,"damage_taken":0},{"event_name":"Mysterious Sphere","player_choice":"Fight","floor":36,"damage_taken":0},{"event_name":"Golden Shrine","player_choice":"Pray","floor":37,"damage_taken":0},{"event_name":"Tomb of Lord Red Mask","player_choice":"Ignored","floor":42,"damage_taken":0}],"is_beta":false,"boss_relics":[{"not_picked":["Fusion Hammer","Orrery"],"picked":"Coffee Dripper"},{"not_picked":["Sozu","Astrolabe"],"picked":"FrozenCore"}],"items_purged_floors":[],"is_endless":false,"potions_floor_spawned":[1,4,5,10,18,22,25,31,33,35,38,48],"ascension_level":0}