{"gold_per_floor":[117,192,192,192,204,204,204,234,234,247,8,8,20,54,54,54],"floor_reached":16,"playtime":890,"items_purged":[],"score":108,"play_id":"a4471d36-f454-44d9-b462-2ab576a3374c","local_time":"20180724104330","is_ascension_mode":false,"campfire_choices":[{"data":"Heavy Blade","floor":6,"key":"SMITH"},{"data":"Dual Wield","floor":12,"key":"SMITH"},{"floor":15,"key":"REST"}],"neow_cost":"","seed_source_timestamp":2119969535950660,"circlet_count":0,"master_deck":["Strike_R","Strike_R","Strike_R","Strike_R","Defend_R","Defend_R","Defend_R","Defend_R","Bash","Heavy Blade+1","Iron Wave","Dual Wield+1","Perfected Strike","Cleave","Armaments"],"relics":["Burning Blood","Turnip","Meat on the Bone","Matryoshka","Question Card","Frozen Egg 2"],"potions_floor_usage":[16],"damage_taken":[{"damage":17,"enemies":"Small Slimes","floor":1,"turns":3},{"damage":2,"enemies":"2 Louse","floor":5,"turns":3},{"damage":26,"enemies":"3 Sentries","floor":8,"turns":12},{"damage":1,"enemies":"Cultist","floor":10,"turns":3},{"damage":20,"enemies":"Exordium Thugs","floor":13,"turns":5},{"damage":27,"enemies":"Gremlin Nob","floor":14,"turns":4},{"damage":63,"enemies":"Hexaghost","floor":16,"turns":9}],"seed_played":"-8288647060716662450","potions_obtained":[{"floor":13,"key":"Block Potion"},{"floor":14,"key":"FearPotion"}],"is_trial":false,"path_per_floor":["M","?","?","T","M","R","?","E","T","M","$","R","M","E","R"],"character_chosen":"IRONCLAD","items_purchased":["Question Card"],"campfire_rested":1,"item_purchase_floors":[11],"current_hp_per_floor":[69,58,58,58,62,62,62,42,42,47,47,47,45,36,60,0],"gold":54,"neow_bonus":"","is_prod":false,"is_daily":false,"chose_seed":false,"campfire_upgraded":2,"win_rate":0,"timestamp":1532425410,"path_taken":["M","?","?","?","?","R","?","E","T","M","$","R","?","E","R","BOSS"],"build_version":"2018-07-19v2","purchased_purges":0,"victory":false,"max_hp_per_floor":[80,80,80,80,80,80,80,80,80,80,80,80,80,80,80,80],"card_choices":[{"not_picked":["Iron Wave","Sever Soul"],"picked":"Heavy Blade","floor":1},{"not_picked":["Bloodletting","True Grit","Wild Strike"],"picked":"SKIP","floor":5},{"not_picked":["Burning Pact","Power Through"],"picked":"Dual Wield","floor":8},{"not_picked":["Hemokinesis","Clash"],"picked":"Perfected Strike","floor":10},{"not_picked":["Feel No Pain","Body Slam","Offering"],"picked":"Cleave","floor":13},{"not_picked":["Ghostly Armor","Thunderclap","Whirlwind"],"picked":"Armaments","floor":14}],"player_experience":195250,"relics_obtained":[{"floor":4,"key":"Turnip"},{"floor":8,"key":"Meat on the Bone"},{"floor":9,"key":"Matryoshka"},{"floor":14,"key":"Frozen Egg 2"}],"event_choices":[{"event_name":"World of Goop","player_choice":"Gather Gold","floor":2,"damage_taken":0},{"event_name":"Transmorgrifier","player_choice":"Transform","floor":3,"damage_taken":0},{"event_name":"The Cleric","player_choice":"Leave","floor":7,"damage_taken":0}],"is_beta":false,"boss_relics":[],"items_purged_floors":[],"is_endless":false,"potions_floor_spawned":[13,14],"killed_by":"Hexaghost","ascension_level":0}