{"gold_per_floor":[114,114,189,189,205,240,263,263,263,160,196,221,68,68],"floor_reached":14,"playtime":796,"items_purged":[],"score":98,"play_id":"ed82a187-b78d-41b8-9fc8-b199ec589ed5","local_time":"20190221005620","is_ascension_mode":false,"campfire_choices":[{"data":"Limit Break","floor":8,"key":"SMITH"}],"neow_cost":"CURSE","seed_source_timestamp":9852008562383,"circlet_count":0,"master_deck":["Strike_R","Strike_R","Strike_R","Strike_R","Strike_R","Defend_R+1","Defend_R","Defend_R+1","Defend_R","Bash","Doubt","Limit Break+1","Iron Wave","Ghostly Armor","Battle Trance","Whirlwind","Shrug It Off","Seeing Red"],"relics":["Burning Blood","Golden Idol","Singing Bowl","Darkstone Periapt","War Paint","Ancient Tea Set","Bronze Scales"],"potions_floor_usage":[6,11,14],"damage_taken":[{"damage":6,"enemies":"2 Louse","floor":1,"turns":3},{"damage":2,"enemies":"Small Slimes","floor":5,"turns":5},{"damage":33,"enemies":"3 Sentries","floor":6,"turns":13},{"damage":2,"enemies":"Jaw Worm","floor":7,"turns":6},{"damage":26,"enemies":"Gremlin Nob","floor":11,"turns":6},{"damage":10,"enemies":"Exordium Thugs","floor":12,"turns":6},{"damage":19,"enemies":"Lagavulin","floor":14,"turns":8}],"seed_played":"-8046182053020114935","potions_obtained":[{"floor":5,"key":"Fire Potion"},{"floor":6,"key":"SpeedPotion"},{"floor":7,"key":"BloodPotion"}],"is_trial":false,"path_per_floor":["M","?","?","?","M","E","M","R","T","$","E","M","$","E"],"character_chosen":"IRONCLAD","items_purchased":["Whirlwind","Shrug It Off","Bronze Scales"],"campfire_rested":0,"item_purchase_floors":[10,10,13],"current_hp_per_floor":[80,60,49,46,50,23,29,29,29,29,11,7,7,0],"gold":68,"neow_bonus":"THREE_RARE_CARDS","is_prod":false,"is_daily":false,"chose_seed":false,"campfire_upgraded":1,"win_rate":0,"timestamp":1550706980,"path_taken":["M","?","?","?","?","E","M","R","T","$","E","M","$","E"],"build_version":"2019-01-23","purchased_purges":0,"victory":false,"max_hp_per_floor":[80,80,80,80,80,80,82,82,82,82,84,84,84,84],"card_choices":[{"not_picked":["Double Tap","Dark Embrace"],"picked":"Limit Break","floor":0},{"not_picked":["Power Through","Twin Strike"],"picked":"Iron Wave","floor":1},{"not_picked":["Rampage","Perfected Strike"],"picked":"Ghostly Armor","floor":5},{"not_picked":["Wild Strike","Sentinel"],"picked":"Battle Trance","floor":6},{"not_picked":["Second Wind","Pommel Strike","Ghostly Armor"],"picked":"Singing Bowl","floor":7},{"not_picked":["Havoc","Brutality","True Grit"],"picked":"Singing Bowl","floor":11},{"not_picked":["Rupture","True Grit"],"picked":"Seeing Red","floor":12}],"player_experience":655881,"relics_obtained":[{"floor":6,"key":"Darkstone Periapt"},{"floor":9,"key":"War Paint"},{"floor":11,"key":"Ancient Tea Set"}],"event_choices":[{"damage_healed":0,"gold_gain":0,"player_choice":"Take Damage","damage_taken":20,"relics_obtained":["Golden Idol"],"max_hp_gain":0,"max_hp_loss":0,"event_name":"Golden Idol","floor":2,"gold_loss":0},{"damage_healed":0,"gold_gain":75,"player_choice":"Gather Gold","damage_taken":11,"max_hp_gain":0,"max_hp_loss":0,"event_name":"World of Goop","floor":3,"gold_loss":0},{"damage_healed":0,"gold_gain":0,"player_choice":"Success","damage_taken":3,"relics_obtained":["Singing Bowl"],"max_hp_gain":0,"max_hp_loss":0,"event_name":"Scrap Ooze","floor":4,"gold_loss":0}],"is_beta":false,"boss_relics":[],"items_purged_floors":[],"is_endless":false,"potions_floor_spawned":[5,6,7],"killed_by":"Lagavulin","ascension_level":0}