{"gold_per_floor":[112,112,124,141,141,154,154,169,246,257,257,268,268,298,298,397,447,465,475,89,109,128,128,145,145,145,161,161,161,11,37,37,37],"floor_reached":33,"playtime":1453,"items_purged":[],"score":271,"play_id":"33bbb587-ff06-4542-b044-0ae282dde5af","local_time":"20190315035512","is_ascension_mode":false,"campfire_choices":[{"data":"Genetic Algorithm","floor":7,"key":"SMITH"},{"floor":13,"key":"REST"},{"floor":15,"key":"REST"},{"floor":23,"key":"RECALL"},{"data":"Zap","floor":25,"key":"SMITH"},{"floor":28,"key":"REST"},{"floor":32,"key":"REST"}],"neow_cost":"NONE","seed_source_timestamp":160044510217995,"circlet_count":0,"master_deck":["Strike_B","Strike_B","Strike_B","Strike_B+1","Defend_B","Defend_B","Defend_B","Defend_B","Zap+1","Dualcast","Genetic Algorithm+1","Streamline","Conserve Battery","Go for the Eyes","Sunder+1","FTL+1","Stack","Double Energy","Electrodynamics","Conserve Battery","Self Repair","Lockon","Meteor Strike","BootSequence","Stack","Leap"],"relics":["Cracked Core","NeowsBlessing","Dodecahedron","Tiny Chest","Whetstone","Tiny House","Membership Card","DataDisk","Regal Pillow","Question Card","Ice Cream","Boot"],"potions_floor_usage":[6,10,12,16,19,24,24,31],"damage_taken":[{"damage":0,"enemies":"2 Louse","floor":1,"turns":1},{"damage":0,"enemies":"Cultist","floor":3,"turns":1},{"damage":0,"enemies":"Small Slimes","floor":4,"turns":1},{"damage":11,"enemies":"Gremlin Gang","floor":6,"turns":5},{"damage":17,"enemies":"Large Slime","floor":8,"turns":7},{"damage":5,"enemies":"Blue Slaver","floor":10,"turns":4},{"damage":4,"enemies":"Red Slaver","floor":12,"turns":2},{"damage":13,"enemies":"Gremlin Nob","floor":14,"turns":4},{"damage":33,"enemies":"The Guardian","floor":16,"turns":13},{"damage":3,"enemies":"3 Byrds","floor":18,"turns":3},{"damage":20,"enemies":"Shell Parasite","floor":19,"turns":7},{"damage":5,"enemies":"Snake Plant","floor":21,"turns":4},{"damage":17,"enemies":"Cultist and Chosen","floor":22,"turns":6},{"damage":11,"enemies":"Snecko","floor":24,"turns":5},{"damage":26,"enemies":"Sentry and Sphere","floor":27,"turns":7},{"damage":36,"enemies":"Book of Stabbing","floor":31,"turns":6},{"damage":86,"enemies":"Champ","floor":33,"turns":16}],"seed_played":"-9184829371541661201","potions_obtained":[{"floor":3,"key":"Swift Potion"},{"floor":4,"key":"Block Potion"},{"floor":6,"key":"Fruit Juice"},{"floor":14,"key":"Block Potion"},{"floor":17,"key":"Strength Potion"},{"floor":19,"key":"SpeedPotion"},{"floor":22,"key":"Regen Potion"},{"floor":27,"key":"Fire Potion"}],"is_trial":false,"path_per_floor":["M","?","M","M","?","M","R","M","T","M","?","M","R","E","R","B",null,"M","M","$","M","M","R","M","R","T","M","R","?","$","E","R","B"],"character_chosen":"DEFECT","items_purchased":["Membership Card","DataDisk","Self Repair","Regal Pillow","Ice Cream"],"campfire_rested":4,"item_purchase_floors":[20,20,20,20,30],"current_hp_per_floor":[75,75,75,75,75,64,64,47,47,42,42,43,67,54,78,45,85,82,62,62,64,54,54,55,55,55,36,76,76,76,47,85,0],"gold":37,"neow_bonus":"THREE_ENEMY_KILL","is_prod":false,"is_daily":false,"chose_seed":false,"campfire_upgraded":2,"win_rate":0,"timestamp":1552631112,"path_taken":["M","?","?","M","?","M","R","M","T","M","?","M","R","E","R","BOSS","M","M","$","M","M","R","M","R","T","?","R","?","$","E","R","BOSS"],"build_version":"2019-02-06","purchased_purges":0,"victory":false,"max_hp_per_floor":[75,75,75,75,75,75,75,75,75,75,75,80,80,80,80,80,85,85,85,85,85,85,85,85,85,85,85,85,85,85,85,85,85],"card_choices":[{"not_picked":["Stack","Redo"],"picked":"Genetic Algorithm","floor":1},{"not_picked":["Tempest","Scrape"],"picked":"Streamline","floor":3},{"not_picked":["Leap","Doom and Gloom"],"picked":"Conserve Battery","floor":4},{"not_picked":["Coolheaded","Rebound"],"picked":"Go for the Eyes","floor":6},{"not_picked":["White Noise","Blizzard"],"picked":"Sunder","floor":8},{"not_picked":["Hologram","Sunder"],"picked":"FTL","floor":10},{"not_picked":["Skim","Hologram"],"picked":"Stack","floor":12},{"not_picked":["Go for the Eyes","Hyperbeam"],"picked":"Double Energy","floor":14},{"not_picked":["Buffer","Machine Learning"],"picked":"Electrodynamics","floor":16},{"not_picked":["Heatsinks","Leap"],"picked":"Conserve Battery","floor":17},{"not_picked":["Barrage","Steam","Coolheaded"],"picked":"SKIP","floor":18},{"not_picked":["Steam+1","Rebound","Beam Cell"],"picked":"SKIP","floor":19},{"not_picked":["Ball Lightning+1","Fusion"],"picked":"Lockon","floor":21},{"not_picked":["Steam+1","Turbo"],"picked":"Meteor Strike","floor":22},{"not_picked":["Aggregate","Gash+1"],"picked":"BootSequence","floor":24},{"not_picked":["Steam+1","Compile Driver","Turbo"],"picked":"Stack","floor":27},{"not_picked":["Capacitor","Fusion","Streamline"],"picked":"Leap","floor":31}],"player_experience":713609,"relics_obtained":[{"floor":9,"key":"Tiny Chest"},{"floor":14,"key":"Whetstone"},{"floor":26,"key":"Question Card"},{"floor":31,"key":"Boot"}],"event_choices":[{"damage_healed":0,"gold_gain":0,"player_choice":"Bought 0 Potions","damage_taken":0,"max_hp_gain":0,"max_hp_loss":0,"event_name":"The Woman in Blue","floor":2,"gold_loss":0},{"damage_healed":0,"gold_gain":0,"player_choice":"Box","damage_taken":0,"relics_obtained":["Dodecahedron"],"max_hp_gain":0,"max_hp_loss":0,"event_name":"Big Fish","floor":5,"gold_loss":0,"cards_obtained":["Regret"]},{"cards_removed":["Regret"],"damage_healed":0,"gold_gain":0,"player_choice":"Removed Curses","damage_taken":0,"max_hp_gain":0,"max_hp_loss":0,"event_name":"Fountain of Cleansing","floor":11,"gold_loss":0},{"damage_healed":0,"gold_gain":0,"player_choice":"Ignored","damage_taken":0,"max_hp_gain":0,"max_hp_loss":0,"event_name":"Ghosts","floor":29,"gold_loss":0}],"is_beta":true,"boss_relics":[{"not_picked":["Philosopher\u0027s Stone","Velvet Choker"],"picked":"Tiny House"}],"items_purged_floors":[],"is_endless":false,"potions_floor_spawned":[3,4,6,14,19,22,27],"killed_by":"Champ","ascension_level":0}