{"gold_per_floor":[110,110,123,143,143,143,157,171,197,197,222,222,256,267,267,344,344,355,355,355,366,383,383,416,435,459,485,485,518,538,538,538,613,613,633,646,49,69,169,169,200,200,253,286,286,286,286,299,299,299],"floor_reached":50,"playtime":4229,"items_purged":[],"score":1300,"play_id":"6f08b0f2-7951-4dcd-bf79-5a4323390f03","local_time":"20190306235119","is_ascension_mode":true,"campfire_choices":[{"data":"Phantasmal Killer","floor":6.0,"key":"SMITH"},{"floor":10.0,"key":"REST"},{"data":"Neutralize","floor":12.0,"key":"SMITH"},{"data":"Dodge and Roll","floor":15.0,"key":"SMITH"},{"data":"Envenom","floor":23.0,"key":"SMITH"},{"floor":28.0,"key":"REST"},{"floor":32.0,"key":"REST"},{"data":"Wraith Form v2","floor":40.0,"key":"SMITH"},{"data":"Footwork","floor":46.0,"key":"SMITH"},{"floor":49.0,"key":"RECALL"}],"neow_cost":"NONE","seed_source_timestamp":0,"circlet_count":0,"master_deck":["AscendersBane","Defend_G","Defend_G","Defend_G","Defend_G","Defend_G","Survivor","Neutralize+1","Deadly Poison","Infinite Blades","Riddle With Holes","Phantasmal Killer+1","Dodge and Roll+1","Backstab","Catalyst","Cloak And Dagger","Cloak And Dagger","Envenom+1","Deadly Poison","Bite","Bite","Bite","Bite","Bite","PiercingWail","Deflect","PiercingWail+1","Riddle With Holes","Footwork+1","Corpse Explosion","Wraith Form v2+1","Deflect+1","Escape Plan","Caltrops","Catalyst","Good Instincts","PiercingWail"],"special_seed":0,"relics":["Ring of the Snake","Boot","Vajra","Strawberry","Snake Skull","Pear","Black Star","Torii","Meat on the Bone","Kunai","Blue Candle","Potion Belt","Centennial Puzzle","Nilry\u0027s Codex","Coffee Dripper","Pen Nib","Sling","Girya","Blood Vial","The Specimen","Happy Flower","Bag of Marbles","Dream Catcher"],"potions_floor_usage":[50],"damage_taken":[{"damage":4.0,"enemies":"2 Louse","floor":1.0,"turns":2.0},{"damage":12.0,"enemies":"Small Slimes","floor":3.0,"turns":3.0},{"damage":0.0,"enemies":"Jaw Worm","floor":4.0,"turns":3.0},{"damage":3.0,"enemies":"Looter","floor":7.0,"turns":3.0},{"damage":0.0,"enemies":"Large Slime","floor":8.0,"turns":4.0},{"damage":11.0,"enemies":"3 Sentries","floor":11.0,"turns":5.0},{"damage":18.0,"enemies":"Gremlin Nob","floor":13.0,"turns":4.0},{"damage":5.0,"enemies":"Blue Slaver","floor":14.0,"turns":3.0},{"damage":13.0,"enemies":"Slime Boss","floor":16.0,"turns":9.0},{"damage":13.0,"enemies":"Chosen","floor":18.0,"turns":4.0},{"damage":27.0,"enemies":"Shell Parasite","floor":21.0,"turns":9.0},{"damage":6.0,"enemies":"Snake Plant","floor":22.0,"turns":4.0},{"damage":36.0,"enemies":"Slavers","floor":24.0,"turns":6.0},{"damage":16.0,"enemies":"Centurion and Healer","floor":25.0,"turns":9.0},{"damage":25.0,"enemies":"Book of Stabbing","floor":27.0,"turns":5.0},{"damage":1.0,"enemies":"Gremlin Leader","floor":29.0,"turns":6.0},{"damage":1.0,"enemies":"3 Cultists","floor":30.0,"turns":3.0},{"damage":41.0,"enemies":"Champ","floor":33.0,"turns":9.0},{"damage":5.0,"enemies":"3 Darklings","floor":35.0,"turns":6.0},{"damage":1.0,"enemies":"3 Shapes","floor":36.0,"turns":4.0},{"damage":10.0,"enemies":"Transient","floor":38.0,"turns":6.0},{"damage":0.0,"enemies":"Mind Bloom Boss Battle","floor":39.0,"turns":5.0},{"damage":32.0,"enemies":"Nemesis","floor":41.0,"turns":6.0},{"damage":33.0,"enemies":"Reptomancer","floor":44.0,"turns":8.0},{"damage":0.0,"enemies":"Nemesis","floor":47.0,"turns":2.0},{"damage":21.0,"enemies":"Spire Growth","floor":48.0,"turns":4.0},{"damage":59,"enemies":"Awakened One","floor":50,"turns":11}],"seed_played":"6486470364434846540","potions_obtained":[{"floor":7.0,"key":"Explosive Potion"},{"floor":8.0,"key":"SkillPotion"},{"floor":14.0,"key":"Swift Potion"},{"floor":16.0,"key":"LiquidBronze"},{"floor":18.0,"key":"Block Potion"},{"floor":22.0,"key":"Swift Potion"},{"floor":24.0,"key":"PowerPotion"},{"floor":30.0,"key":"Strength Potion"},{"floor":35.0,"key":"Ancient Potion"},{"floor":39.0,"key":"SteroidPotion"}],"is_trial":false,"path_per_floor":["M","?","M","M","?","R","M","M","T","R","E","R","E","M","R","B",null,"M","?","?","M","M","R","E","M","T","E","R","E","M","?","R","B",null,"M","M","$","M","?","R","E","?","T","E","?","R","E","M","R","B"],"character_chosen":"THE_SILENT","items_purchased":["Pen Nib","Sling","Caltrops","SmokeBomb"],"campfire_rested":3,"item_purchase_floors":[37,37,37,37],"current_hp_per_floor":[55,37,25,25,25,25,22,22,29,50,39,39,31,26,26,13,66,53,53,53,38,42,42,14,24,24,19,36,45,50,29,46,23,49,46,47,47,47,53,53,31,31,31,22,22,22,38,37,37,0],"gold":299,"neow_bonus":"RANDOM_COMMON_RELIC","is_prod":false,"is_daily":false,"chose_seed":false,"campfire_upgraded":6,"win_rate":0,"timestamp":1551937879,"path_taken":["M","?","M","M","?","R","M","M","T","R","E","R","E","M","R","BOSS","M","?","?","M","M","R","E","M","T","E","R","E","M","?","R","BOSS","M","M","$","M","?","R","E","?","T","E","?","R","E","M","R","BOSS"],"build_version":"2019-01-23","purchased_purges":0,"victory":false,"max_hp_per_floor":[66,66,66,66,66,66,66,66,73,73,73,73,83,83,83,83,83,83,58,58,58,58,58,58,58,58,58,58,58,58,58,58,58,58,58,58,58,58,58,58,58,58,58,58,58,58,58,58,58,58],"card_choices":[{"not_picked":["Dodge and Roll","Dagger Throw"],"picked":"Deadly Poison","floor":1.0},{"not_picked":["Backflip","Flying Knee"],"picked":"Infinite Blades","floor":3.0},{"not_picked":["Backflip","Dodge and Roll"],"picked":"Riddle With Holes","floor":4.0},{"not_picked":["Doppelganger","Backflip"],"picked":"Dodge and Roll","floor":7.0},{"not_picked":["Distraction","PiercingWail"],"picked":"Backstab","floor":8.0},{"not_picked":["Unload","Bane"],"picked":"Catalyst","floor":11.0},{"not_picked":["Backflip","Prepared"],"picked":"Cloak And Dagger","floor":13.0},{"not_picked":["Underhanded Strike","Poisoned Stab"],"picked":"Cloak And Dagger","floor":14.0},{"not_picked":["Wraith Form v2","A Thousand Cuts"],"picked":"Envenom","floor":16.0},{"not_picked":["Flechettes","Dash"],"picked":"Deadly Poison","floor":18.0},{"not_picked":["PiercingWail","Blade Dance"],"picked":"Deflect","floor":21.0},{"not_picked":["Heel Hook","Tactician"],"picked":"PiercingWail+1","floor":22.0},{"not_picked":["Backflip","Poisoned Stab"],"picked":"Riddle With Holes","floor":24.0},{"not_picked":["Poisoned Stab","Noxious Fumes"],"picked":"Footwork","floor":25.0},{"not_picked":["Acrobatics","Flying Knee+1"],"picked":"Corpse Explosion","floor":27.0},{"not_picked":["Flying Knee","Poisoned Stab","Reflex"],"picked":"SKIP","floor":29.0},{"not_picked":["Flying Knee","Poisoned Stab","Reflex"],"picked":"SKIP","floor":29.0},{"not_picked":["Predator","Quick Slash","Expertise"],"picked":"SKIP","floor":30.0},{"not_picked":["Unload","Adrenaline"],"picked":"Wraith Form v2","floor":33.0},{"not_picked":["Dagger Throw","Riddle With Holes"],"picked":"Deflect+1","floor":35.0},{"not_picked":["Acrobatics+1","Deflect"],"picked":"Escape Plan","floor":36.0},{"not_picked":["Dash","Bouncing Flask","Quick Slash+1"],"picked":"SKIP","floor":38.0},{"not_picked":["Quick Slash","Concentrate"],"picked":"Catalyst","floor":39.0},{"not_picked":["Flying Knee+1","Phantasmal Killer","Tactician+1"],"picked":"SKIP","floor":41.0},{"not_picked":["Dramatic Entrance","Swift Strike"],"picked":"Good Instincts","floor":42.0},{"not_picked":["Deadly Poison+1","Flechettes","Outmaneuver+1"],"picked":"SKIP","floor":44.0},{"not_picked":["Backstab","Dagger Spray"],"picked":"PiercingWail","floor":48.0}],"player_experience":696668,"relics_obtained":[{"floor":9.0,"key":"Strawberry"},{"floor":11.0,"key":"Snake Skull"},{"floor":13.0,"key":"Pear"},{"floor":24.0,"key":"Torii"},{"floor":24.0,"key":"Meat on the Bone"},{"floor":27.0,"key":"Kunai"},{"floor":27.0,"key":"Blue Candle"},{"floor":29.0,"key":"Potion Belt"},{"floor":29.0,"key":"Centennial Puzzle"},{"floor":31.0,"key":"Nilry\u0027s Codex"},{"floor":39.0,"key":"Girya"},{"floor":41.0,"key":"Blood Vial"},{"floor":41.0,"key":"The Specimen"},{"floor":43.0,"key":"Happy Flower"},{"floor":44.0,"key":"Bag of Marbles"},{"floor":44.0,"key":"Dream Catcher"}],"event_choices":[{"damage_healed":0.0,"max_hp_gain":0.0,"max_hp_loss":0.0,"gold_gain":0.0,"event_name":"Scrap Ooze","player_choice":"Success","floor":2.0,"gold_loss":0.0,"damage_taken":18.0,"relics_obtained":["Vajra"]},{"damage_healed":0.0,"max_hp_gain":0.0,"max_hp_loss":0.0,"gold_gain":0.0,"cards_transformed":["Strike_G"],"event_name":"Living Wall","player_choice":"Change","floor":5.0,"gold_loss":0.0,"damage_taken":0.0,"cards_obtained":["Phantasmal Killer"]},{"damage_healed":0.0,"max_hp_gain":0.0,"max_hp_loss":25.0,"gold_gain":0.0,"event_name":"Vampires","player_choice":"Became a vampire","floor":19.0,"gold_loss":0.0,"damage_taken":0.0,"cards_obtained":["Bite","Bite","Bite","Bite","Bite"]},{"damage_healed":0.0,"max_hp_gain":0.0,"max_hp_loss":0.0,"gold_gain":0.0,"event_name":"The Library","player_choice":"Read","floor":20.0,"gold_loss":0.0,"damage_taken":0.0,"cards_obtained":["PiercingWail"]},{"damage_healed":0.0,"max_hp_gain":0.0,"max_hp_loss":0.0,"gold_gain":0.0,"event_name":"Cursed Tome","player_choice":"Obtained Book","floor":31.0,"gold_loss":0.0,"damage_taken":21.0},{"damage_healed":0.0,"max_hp_gain":0.0,"max_hp_loss":0.0,"gold_gain":0.0,"event_name":"MindBloom","player_choice":"Fight","floor":39.0,"gold_loss":0.0,"damage_taken":0.0},{"damage_healed":0.0,"max_hp_gain":0.0,"max_hp_loss":0.0,"gold_gain":0.0,"event_name":"SensoryStone","player_choice":"Memory 1","floor":42.0,"gold_loss":0.0,"damage_taken":0.0},{"damage_healed":0.0,"max_hp_gain":0.0,"max_hp_loss":0.0,"gold_gain":0.0,"event_name":"Tomb of Lord Red Mask","player_choice":"Ignored","floor":45.0,"gold_loss":0.0,"damage_taken":0.0}],"is_beta":false,"boss_relics":[{"not_picked":["Philosopher\u0027s Stone","Ring of the Serpent"],"picked":"Black Star"},{"not_picked":["Astrolabe","Eternal Feather"],"picked":"Coffee Dripper"}],"items_purged_floors":[],"is_endless":false,"potions_floor_spawned":[7,8,14,16,18,22,24,30,35,39,47],"killed_by":"Awakened One","ascension_level":20}