{"gold_per_floor":[17,17,17,35,49,79,79,106,106,106,122,122,141,172,172,246,246,265,355,372,56,56,83,106,106,130,130,150,207,226,255,267,356,368,394,422,30,45,45,45,91,116,116,126,159,171,171,198,198,198,198,198,198,25,55,55],"floor_reached":57,"playtime":5548,"items_purged":["Well Laid Plans"],"score":2961,"play_id":"e76e2aed-700f-4d80-9d5b-307d4c4b576b","local_time":"20190329101030","is_ascension_mode":true,"campfire_choices":[{"data":"Terror","floor":10.0,"key":"SMITH"},{"floor":12.0,"key":"REST"},{"data":"Footwork","floor":15.0,"key":"SMITH"},{"floor":25.0,"key":"REST"},{"data":"Neutralize","floor":27.0,"key":"SMITH"},{"floor":32.0,"key":"REST"},{"floor":40.0,"key":"RECALL"},{"floor":49.0,"key":"REST"},{"floor":53.0,"key":"REST"}],"neow_cost":"NO_GOLD","seed_source_timestamp":1350717275371525,"circlet_count":0,"master_deck":["AscendersBane","Defend_G","Defend_G+1","Defend_G","Defend_G","Strike_G","Strike_G","Strike_G","Survivor+1","Neutralize+1","Infinite Blades","Terror+1","Slice","Well Laid Plans","Quick Slash","After Image","Footwork+1","Slice","Corpse Explosion","Flechettes+1","Noxious Fumes","Dodge and Roll","PiercingWail","Skewer","Wraith Form v2","Poisoned Stab","A Thousand Cuts","Backflip+1","Bouncing Flask+1","Footwork","Dark Shackles","PiercingWail","Caltrops"],"special_seed":0,"relics":["Ring of the Snake","Oddly Smooth Stone","Matryoshka","Mercury Hourglass","War Paint","Bag of Preparation","Ornamental Fan","Runic Pyramid","PreservedInsect","Omamori","Lantern","Ancient Tea Set","Smiling Mask","Tiny Chest","MawBank","Fusion Hammer","Sling","StoneCalendar","Anchor","Bird Faced Urn","Art of War","Strawberry"],"potions_floor_usage":[56,56],"damage_taken":[{"damage":5.0,"enemies":"2 Louse","floor":1.0,"turns":4.0},{"damage":2.0,"enemies":"Jaw Worm","floor":4.0,"turns":5.0},{"damage":0.0,"enemies":"Cultist","floor":5.0,"turns":4.0},{"damage":20.0,"enemies":"Gremlin Nob","floor":6.0,"turns":4.0},{"damage":26.0,"enemies":"3 Sentries","floor":8.0,"turns":13.0},{"damage":0.0,"enemies":"Gremlin Gang","floor":11.0,"turns":4.0},{"damage":0.0,"enemies":"Looter","floor":13.0,"turns":3.0},{"damage":0.0,"enemies":"Gremlin Nob","floor":14.0,"turns":3.0},{"damage":6.0,"enemies":"The Guardian","floor":16.0,"turns":10.0},{"damage":1.0,"enemies":"Spheric Guardian","floor":18.0,"turns":8.0},{"damage":0.0,"enemies":"2 Thieves","floor":20.0,"turns":2.0},{"damage":13.0,"enemies":"Book of Stabbing","floor":23.0,"turns":5.0},{"damage":0.0,"enemies":"Centurion and Healer","floor":28.0,"turns":2.0},{"damage":0.0,"enemies":"Slavers","floor":29.0,"turns":1.0},{"damage":0.0,"enemies":"3 Cultists","floor":30.0,"turns":2.0},{"damage":12.0,"enemies":"Gremlin Leader","floor":31.0,"turns":5.0},{"damage":24.0,"enemies":"Collector","floor":33.0,"turns":10.0},{"damage":0.0,"enemies":"3 Shapes","floor":35.0,"turns":3.0},{"damage":0.0,"enemies":"3 Darklings","floor":36.0,"turns":3.0},{"damage":2.0,"enemies":"Sphere and 2 Shapes","floor":38.0,"turns":4.0},{"damage":0.0,"enemies":"2 Orb Walkers","floor":41.0,"turns":5.0},{"damage":8.0,"enemies":"Nemesis","floor":42.0,"turns":7.0},{"damage":7.0,"enemies":"Transient","floor":44.0,"turns":6.0},{"damage":4.0,"enemies":"Giant Head","floor":45.0,"turns":7.0},{"damage":4.0,"enemies":"Writhing Mass","floor":46.0,"turns":7.0},{"damage":0.0,"enemies":"Nemesis","floor":48.0,"turns":7.0},{"damage":16.0,"enemies":"Time Eater","floor":50.0,"turns":14.0},{"damage":55.0,"enemies":"Donu and Deca","floor":51.0,"turns":9.0},{"damage":7,"enemies":"Shield and Spear","floor":55,"turns":2},{"damage":69,"enemies":"The Heart","floor":56,"turns":12}],"seed_played":"-3485250285585342997","potions_obtained":[{"floor":5.0,"key":"AttackPotion"},{"floor":6.0,"key":"Energy Potion"},{"floor":11.0,"key":"Poison Potion"},{"floor":16.0,"key":"Explosive Potion"},{"floor":23.0,"key":"Regen Potion"},{"floor":30.0,"key":"PowerPotion"},{"floor":33.0,"key":"Block Potion"},{"floor":46.0,"key":"Explosive Potion"}],"is_trial":false,"path_per_floor":["M","$","?","M","M","E","?","E","T","R","M","R","M","E","R","B",null,"M","?","M","$","?","E","T","R","T","R","M","E","M","E","R","B",null,"M","M","$","M","?","R","?","E","T","M","E","M","?","E","R","B","B",null,"R","$","E","B",null],"character_chosen":"THE_SILENT","items_purchased":["PreservedInsect","Dodge and Roll","AttackPotion","Sling","Footwork","Dark Shackles","GhostInAJar","Caltrops"],"campfire_rested":5,"item_purchase_floors":[21,21,21,37,37,37,54,54],"current_hp_per_floor":[54,54,59,57,57,37,37,11,11,11,11,32,32,32,32,26,60,59,45,45,45,45,32,32,53,53,53,53,53,53,41,62,38,63,63,63,63,61,61,61,61,53,53,46,42,54,54,67,67,57,18,55,67,67,69,15],"gold":55,"neow_bonus":"TRANSFORM_TWO_CARDS","is_prod":false,"is_daily":false,"chose_seed":false,"campfire_upgraded":3,"win_rate":0,"timestamp":1553872230,"path_taken":["M","$","?","M","M","E","?","E","T","R","?","R","?","E","R","BOSS","M","?","?","$","?","E","?","R","T","R","?","E","M","E","R","BOSS","M","M","$","M","?","R","?","E","T","?","E","M","?","E","R","BOSS","BOSS","R","$","E","BOSS"],"build_version":"2019-01-23","purchased_purges":1,"victory":true,"max_hp_per_floor":[66,66,71,71,71,71,71,71,71,71,71,71,71,71,71,71,71,71,71,71,71,71,71,71,71,71,71,71,71,71,71,71,71,71,71,71,71,71,67,67,67,67,67,67,67,67,67,67,67,67,67,67,67,67,74,74],"card_choices":[{"not_picked":["Dagger Spray","Sucker Punch"],"picked":"Terror","floor":1.0},{"not_picked":["Heel Hook","Crippling Poison"],"picked":"Well Laid Plans","floor":4.0},{"not_picked":["Bouncing Flask","Deadly Poison"],"picked":"Slice","floor":5.0},{"not_picked":["Dodge and Roll","Outmaneuver"],"picked":"Well Laid Plans","floor":6.0},{"not_picked":["Bane","Setup"],"picked":"Quick Slash","floor":8.0},{"not_picked":["Dagger Spray","Bane"],"picked":"After Image","floor":11.0},{"not_picked":["Flying Knee","Expertise"],"picked":"Footwork","floor":13.0},{"not_picked":["Deadly Poison","Dagger Spray"],"picked":"Slice","floor":14.0},{"not_picked":["Wraith Form v2","Bullet Time"],"picked":"Corpse Explosion","floor":16.0},{"not_picked":["Blade Dance+1","Acrobatics+1"],"picked":"Flechettes+1","floor":18.0},{"not_picked":["Reflex","Blade Dance"],"picked":"Noxious Fumes","floor":20.0},{"not_picked":["Setup","Tactician"],"picked":"PiercingWail","floor":23.0},{"not_picked":["Dagger Spray","Deadly Poison"],"picked":"Skewer","floor":28.0},{"not_picked":["Quick Slash","Bouncing Flask","Endless Agony"],"picked":"SKIP","floor":29.0},{"not_picked":["Well Laid Plans","Sucker Punch"],"picked":"Wraith Form v2","floor":30.0},{"not_picked":["Distraction","Acrobatics"],"picked":"Poisoned Stab","floor":31.0},{"not_picked":["Adrenaline","Corpse Explosion"],"picked":"A Thousand Cuts","floor":33.0},{"not_picked":["Well Laid Plans","Masterful Stab"],"picked":"Backflip+1","floor":35.0},{"not_picked":["Predator+1","Dagger Spray"],"picked":"Bouncing Flask+1","floor":36.0},{"not_picked":["Accuracy","Poisoned Stab","Slice"],"picked":"SKIP","floor":38.0},{"not_picked":["Expertise","Acrobatics","Quick Slash"],"picked":"SKIP","floor":42.0},{"not_picked":["Dash","All Out Attack","Bane"],"picked":"SKIP","floor":44.0},{"not_picked":["Setup","Dagger Spray","Prepared"],"picked":"SKIP","floor":45.0},{"not_picked":["Flechettes+1","Dagger Spray+1"],"picked":"PiercingWail","floor":46.0},{"not_picked":["Poisoned Stab","Dagger Throw","Reflex"],"picked":"SKIP","floor":48.0},{"not_picked":["Poisoned Stab","Well Laid Plans+1","Storm of Steel"],"picked":"SKIP","floor":55}],"player_experience":951437,"relics_obtained":[{"floor":6.0,"key":"Oddly Smooth Stone"},{"floor":8.0,"key":"Mercury Hourglass"},{"floor":9.0,"key":"War Paint"},{"floor":9.0,"key":"Bag of Preparation"},{"floor":14.0,"key":"Ornamental Fan"},{"floor":23.0,"key":"Omamori"},{"floor":24.0,"key":"Lantern"},{"floor":24.0,"key":"Ancient Tea Set"},{"floor":26.0,"key":"Smiling Mask"},{"floor":29.0,"key":"Tiny Chest"},{"floor":31.0,"key":"MawBank"},{"floor":41.0,"key":"StoneCalendar"},{"floor":42.0,"key":"Anchor"},{"floor":45.0,"key":"Bird Faced Urn"},{"floor":48.0,"key":"Art of War"},{"floor":55,"key":"Strawberry"}],"event_choices":[{"damage_healed":0.0,"max_hp_gain":5.0,"max_hp_loss":0.0,"gold_gain":0.0,"event_name":"Big Fish","player_choice":"Donut","floor":3.0,"gold_loss":0.0,"damage_taken":0.0},{"cards_removed":["Caltrops"],"damage_healed":0.0,"max_hp_gain":0.0,"max_hp_loss":0.0,"gold_gain":0.0,"event_name":"WeMeetAgain","player_choice":"Gave Card","floor":7.0,"gold_loss":0.0,"damage_taken":0.0,"relics_obtained":["Matryoshka"]},{"damage_healed":0.0,"max_hp_gain":0.0,"max_hp_loss":0.0,"gold_gain":90.0,"event_name":"Knowing Skull","player_choice":"GOLD ","floor":19.0,"potions_obtained":[],"gold_loss":0.0,"damage_taken":14.0,"cards_obtained":[]},{"damage_healed":0.0,"max_hp_gain":0.0,"max_hp_loss":0.0,"gold_gain":0.0,"event_name":"Cursed Tome","player_choice":"Ignored","floor":22.0,"gold_loss":0.0,"damage_taken":0.0},{"damage_healed":0.0,"max_hp_gain":0.0,"max_hp_loss":4.0,"gold_gain":0.0,"event_name":"Winding Halls","player_choice":"Max HP","floor":39.0,"gold_loss":0.0,"damage_taken":0.0},{"damage_healed":0.0,"max_hp_gain":0.0,"max_hp_loss":0.0,"gold_gain":0.0,"event_name":"Mysterious Sphere","player_choice":"Fight","floor":41.0,"gold_loss":0.0,"damage_taken":0.0},{"cards_removed":["Strike_G"],"damage_healed":0.0,"max_hp_gain":0.0,"max_hp_loss":0.0,"gold_gain":0.0,"event_name":"Falling","player_choice":"Removed Attack","floor":47.0,"gold_loss":0.0,"damage_taken":0.0}],"is_beta":false,"boss_relics":[{"not_picked":["HoveringKite","Philosopher\u0027s Stone"],"picked":"Runic Pyramid"},{"not_picked":["Snecko Eye","Black Star"],"picked":"Fusion Hammer"}],"items_purged_floors":[21],"is_endless":false,"potions_floor_spawned":[5,6,11,16,23,29,30,33,35,36,41,46],"ascension_level":20}