{"gold_per_floor":[366,381,334,346,356,356,388,404,404,404,468,468,3,19,19,118,118,131,56,56,67,77,105,115,115,162,162,177,204,81,101,101,203,253,268,368,328,348,362,362,392,392,392,392,406,406,19,19,19,19],"floor_reached":51,"playtime":6507,"items_purged":["Strike_R","Strike_R"],"score":936,"play_id":"3330af54-f110-436b-9c60-949c552b1782","local_time":"20190329124238","is_ascension_mode":true,"campfire_choices":[{"data":"Shockwave","floor":6,"key":"SMITH"},{"data":"Uppercut","floor":10,"key":"SMITH"},{"data":"Flame Barrier","floor":15,"key":"SMITH"},{"data":"Flame Barrier","floor":27,"key":"SMITH"},{"data":"Impervious","floor":32,"key":"SMITH"},{"data":"Metallicize","floor":40,"key":"SMITH"},{"data":"Dual Wield","floor":42,"key":"SMITH"},{"data":"Offering","floor":46,"key":"SMITH"},{"data":"Metallicize","floor":49,"key":"SMITH"}],"neow_cost":"TEN_PERCENT_HP_LOSS","seed_source_timestamp":556001728534615,"circlet_count":0,"master_deck":["Strike_R","Defend_R","Defend_R","Defend_R+1","Defend_R+1","Bash+1","Anger","Shockwave+1","Shrug It Off+1","Disarm","Offering+1","Uppercut+1","Seeing Red+1","Flame Barrier+1","Ghostly Armor","Barricade+1","Warcry+1","Flame Barrier+1","Body Slam+1","Rampage","Armaments+1","Shrug It Off","Impervious+1","Impervious+1","Metallicize+1","Dropkick+1","Warcry+1","Rampage+1","Dual Wield+1","Metallicize+1","Panache"],"relics":["Burning Blood","Lantern","Smiling Mask","Bronze Scales","Membership Card","Gambling Chip","Velvet Choker","Paper Frog","Orichalcum","Bottled Flame","Bag of Preparation","Tiny House","StoneCalendar","War Paint","Thread and Needle","Toy Ornithopter","Blood Vial","Gremlin Horn"],"potions_floor_usage":[11,16,22,28,33,33,39,39,41,41,41],"damage_taken":[{"damage":6,"enemies":"2 Louse","floor":1,"turns":3},{"damage":5,"enemies":"Small Slimes","floor":2,"turns":3},{"damage":0,"enemies":"Cultist","floor":4,"turns":2},{"damage":2,"enemies":"Looter","floor":5,"turns":4},{"damage":33,"enemies":"Gremlin Nob","floor":7,"turns":5},{"damage":9,"enemies":"3 Louse","floor":8,"turns":4},{"damage":24,"enemies":"3 Sentries","floor":11,"turns":6},{"damage":1,"enemies":"Red Slaver","floor":14,"turns":3},{"damage":6,"enemies":"Hexaghost","floor":16,"turns":11},{"damage":3,"enemies":"Chosen","floor":18,"turns":5},{"damage":0,"enemies":"3 Byrds","floor":21,"turns":4},{"damage":0,"enemies":"Snecko","floor":22,"turns":5},{"damage":7,"enemies":"Book of Stabbing","floor":23,"turns":6},{"damage":6,"enemies":"Snake Plant","floor":24,"turns":3},{"damage":4,"enemies":"3 Cultists","floor":28,"turns":5},{"damage":9,"enemies":"Gremlin Leader","floor":29,"turns":5},{"damage":0,"enemies":"Sentry and Sphere","floor":31,"turns":5},{"damage":0,"enemies":"Champ","floor":33,"turns":12},{"damage":6,"enemies":"Orb Walker","floor":35,"turns":5},{"damage":6,"enemies":"Mind Bloom Boss Battle","floor":36,"turns":6},{"damage":6,"enemies":"3 Shapes","floor":38,"turns":6},{"damage":16,"enemies":"Maw","floor":39,"turns":6},{"damage":1,"enemies":"Reptomancer","floor":41,"turns":9},{"damage":0,"enemies":"4 Shapes","floor":45,"turns":7},{"damage":6,"enemies":"Donu and Deca","floor":50,"turns":11}],"seed_played":"-3684747732770569679","potions_obtained":[{"floor":4,"key":"Swift Potion"},{"floor":8,"key":"GamblersBrew"},{"floor":16,"key":"AttackPotion"},{"floor":18,"key":"PowerPotion"},{"floor":23,"key":"FearPotion"},{"floor":24,"key":"SkillPotion"},{"floor":29,"key":"Fire Potion"},{"floor":34,"key":"EntropicBrew"},{"floor":38,"key":"Poison Potion"},{"floor":39,"key":"Poison Potion"},{"floor":45,"key":"SpeedPotion"}],"is_trial":false,"path_per_floor":["M","M","$","M","M","R","E","M","T","R","?","?","$","M","R","B",null,"M","?","?","M","M","E","M","?","T","R","M","E","$","M","R","B",null,"M","?","?","M","M","R","E","R","T","?","M","R","$","?","R","B",null],"character_chosen":"IRONCLAD","items_purchased":["Shrug It Off","Membership Card","Gambling Chip","Flame Barrier","Ghostly Armor","Regen Potion","Energy Potion","Bag of Preparation","Toy Ornithopter","Metallicize","Blood Vial","Dexterity Potion","Gremlin Horn"],"campfire_rested":0,"item_purchase_floors":[3,13,13,13,13,13,13,30,47,47,47,47,47],"current_hp_per_floor":[72,72,72,72,72,72,45,42,42,42,24,24,24,29,29,44,72,72,72,59,65,71,70,70,70,70,70,72,69,69,75,75,77,82,82,82,82,82,72,72,77,77,77,77,82,82,82,82,82,82],"gold":19,"neow_bonus":"TWO_FIFTY_GOLD","is_prod":false,"is_daily":false,"chose_seed":false,"campfire_upgraded":9,"win_rate":0,"timestamp":1553863358,"path_taken":["M","M","$","M","M","R","E","M","T","R","?","?","$","M","R","BOSS","M","?","?","M","M","E","M","?","T","R","M","E","$","?","R","BOSS","M","?","?","M","?","R","E","R","T","?","M","R","$","?","R","BOSS"],"build_version":"2019-01-23","purchased_purges":2,"victory":true,"max_hp_per_floor":[72,72,72,72,72,72,72,72,72,72,72,72,72,72,72,72,72,72,72,77,77,77,77,77,77,77,77,77,77,77,77,77,77,82,82,82,82,82,82,82,82,82,82,82,82,82,82,82,82,82],"card_choices":[{"not_picked":["Infernal Blade","Bloodletting"],"picked":"Anger","floor":1},{"not_picked":["Cleave","Twin Strike"],"picked":"Shockwave","floor":2},{"not_picked":["Headbutt","Heavy Blade"],"picked":"Disarm","floor":4},{"not_picked":["Searing Blow","Evolve","Thunderclap"],"picked":"SKIP","floor":5},{"not_picked":["Entrench","Reckless Charge"],"picked":"Offering","floor":7},{"not_picked":["Sword Boomerang","Disarm"],"picked":"Uppercut","floor":8},{"not_picked":["True Grit","Clash"],"picked":"Seeing Red","floor":11},{"not_picked":["Clash","Second Wind","Uppercut"],"picked":"SKIP","floor":14},{"not_picked":["Brutality","Bludgeon"],"picked":"Barricade","floor":16},{"not_picked":["Seeing Red+1","Second Wind"],"picked":"Warcry+1","floor":18},{"not_picked":["Flex","Wild Strike","Thunderclap+1"],"picked":"SKIP","floor":21},{"not_picked":["Sentinel","Heavy Blade"],"picked":"Flame Barrier","floor":22},{"not_picked":["Fiend Fire","Heavy Blade"],"picked":"Body Slam+1","floor":23},{"not_picked":["Perfected Strike","Wild Strike+1"],"picked":"Rampage","floor":24},{"not_picked":["Thunderclap","Sword Boomerang"],"picked":"Armaments+1","floor":28},{"not_picked":["Bloodletting+1","Dual Wield"],"picked":"Shrug It Off","floor":29},{"not_picked":["Clash","Intimidate"],"picked":"Impervious","floor":31},{"not_picked":["Offering","Limit Break"],"picked":"Impervious","floor":33},{"not_picked":["Clash+1","Entrench"],"picked":"Metallicize","floor":34},{"not_picked":["Rupture","Heavy Blade"],"picked":"Dropkick+1","floor":35},{"not_picked":["Pommel Strike+1","Sword Boomerang"],"picked":"Warcry+1","floor":36},{"not_picked":["Twin Strike","Perfected Strike+1"],"picked":"Rampage+1","floor":38},{"not_picked":["Rage+1","Rampage+1","Flex"],"picked":"SKIP","floor":39},{"not_picked":["Disarm","Pommel Strike+1"],"picked":"Dual Wield","floor":41},{"not_picked":["Whirlwind","Sword Boomerang","Havoc"],"picked":"SKIP","floor":45},{"not_picked":["Magnetism","Apotheosis"],"picked":"Panache","floor":48}],"player_experience":232007,"relics_obtained":[{"floor":7,"key":"Lantern"},{"floor":9,"key":"Smiling Mask"},{"floor":11,"key":"Bronze Scales"},{"floor":23,"key":"Paper Frog"},{"floor":26,"key":"Orichalcum"},{"floor":29,"key":"Bottled Flame"},{"floor":36,"key":"StoneCalendar"},{"floor":41,"key":"War Paint"},{"floor":43,"key":"Thread and Needle"}],"event_choices":[{"damage_healed":0,"gold_gain":0,"player_choice":"Searched \u00271\u0027 times","damage_taken":0,"max_hp_gain":0,"max_hp_loss":0,"event_name":"Dead Adventurer","floor":11,"gold_loss":0},{"damage_healed":0,"gold_gain":0,"player_choice":"Upgraded","damage_taken":0,"max_hp_gain":0,"max_hp_loss":0,"event_name":"Upgrade Shrine","floor":12,"gold_loss":0,"cards_upgraded":["Seeing Red"]},{"cards_removed":["Strike_R"],"damage_healed":0,"gold_gain":0,"player_choice":"Gave Gold","damage_taken":0,"max_hp_gain":0,"max_hp_loss":0,"event_name":"Beggar","floor":19,"gold_loss":75},{"damage_healed":0,"gold_gain":0,"player_choice":"Shed Blood","damage_taken":18,"max_hp_gain":5,"max_hp_loss":0,"event_name":"Forgotten Altar","floor":20,"gold_loss":0},{"damage_healed":0,"gold_gain":0,"player_choice":"Forge","damage_taken":0,"max_hp_gain":0,"max_hp_loss":0,"event_name":"Accursed Blacksmith","floor":25,"gold_loss":0,"cards_upgraded":["Barricade"]},{"damage_healed":0,"gold_gain":0,"player_choice":"Fight","damage_taken":0,"max_hp_gain":0,"max_hp_loss":0,"event_name":"MindBloom","floor":36,"gold_loss":0},{"damage_healed":0,"gold_gain":0,"player_choice":"Upgraded Two","damage_taken":0,"max_hp_gain":0,"max_hp_loss":0,"event_name":"Designer","floor":37,"gold_loss":40,"cards_upgraded":["Impervious","Bash"]},{"cards_removed":["Strike_R"],"damage_healed":0,"gold_gain":0,"player_choice":"Removed Attack","damage_taken":0,"max_hp_gain":0,"max_hp_loss":0,"event_name":"Falling","floor":44,"gold_loss":0},{"damage_healed":0,"gold_gain":0,"player_choice":"Memory 1","damage_taken":0,"max_hp_gain":0,"max_hp_loss":0,"event_name":"SensoryStone","floor":48,"gold_loss":0}],"is_beta":false,"boss_relics":[{"not_picked":["Empty Cage","Runic Cube"],"picked":"Velvet Choker"},{"not_picked":["Black Star","Coffee Dripper"],"picked":"Tiny House"}],"items_purged_floors":[30,47],"is_endless":false,"potions_floor_spawned":[4,8,16,18,23,24,29,38,39,45],"ascension_level":3}