{"gold_per_floor":[109,109,109,128,128,128,53,88,134,134,149,149,162,87,87,176,176,199,199,199,214,234,265,265,285,312,335,372,403,415,440,452,464],"floor_reached":33,"playtime":1660,"items_purged":["Strike_R"],"score":534,"play_id":"741d9df4-c489-4464-a3fb-27af03642be5","local_time":"20190328093222","is_ascension_mode":true,"campfire_choices":[{"floor":6.0,"key":"REST"},{"data":"Juggernaut","floor":10.0,"key":"SMITH"},{"data":"Battle Trance","floor":12.0,"key":"SMITH"},{"data":"Defend_R","floor":15.0,"key":"SMITH"},{"floor":24.0,"key":"REST"},{"floor":30.0,"key":"REST"},{"floor":32.0,"key":"REST"}],"neow_cost":"TEN_PERCENT_HP_LOSS","seed_source_timestamp":1312729732849842,"circlet_count":0,"master_deck":["AscendersBane","Defend_R+1","Defend_R+1","Defend_R","Defend_R","Juggernaut+1","Offering","Uppercut+1","Battle Trance+1","Headbutt+1","Shrug It Off","Limit Break","Evolve+1","Clothesline+1","Spot Weakness","Ghostly Armor","Headbutt+1","Shockwave"],"special_seed":0,"relics":["Burning Blood","Golden Idol","Ornamental Fan","Omamori","Runic Dome","Whetstone","Dream Catcher","MawBank"],"potions_floor_usage":[33],"damage_taken":[{"damage":8.0,"enemies":"Small Slimes","floor":1.0,"turns":4.0},{"damage":6.0,"enemies":"Jaw Worm","floor":4.0,"turns":3.0},{"damage":11.0,"enemies":"Lagavulin","floor":8.0,"turns":7.0},{"damage":0.0,"enemies":"2 Louse","floor":11.0,"turns":3.0},{"damage":1.0,"enemies":"Blue Slaver","floor":13.0,"turns":4.0},{"damage":21.0,"enemies":"Slime Boss","floor":16.0,"turns":9.0},{"damage":15.0,"enemies":"Shell Parasite","floor":18.0,"turns":5.0},{"damage":11.0,"enemies":"Chosen","floor":21.0,"turns":4.0},{"damage":15.0,"enemies":"Shelled Parasite and Fungi","floor":22.0,"turns":7.0},{"damage":25.0,"enemies":"Book of Stabbing","floor":23.0,"turns":6.0},{"damage":18.0,"enemies":"Snake Plant","floor":25.0,"turns":4.0},{"damage":21.0,"enemies":"Cultist and Chosen","floor":28.0,"turns":6.0},{"damage":10.0,"enemies":"Shelled Parasite and Fungi","floor":29.0,"turns":5.0},{"damage":20.0,"enemies":"Snecko","floor":31.0,"turns":5.0},{"damage":40,"enemies":"Champ","floor":33,"turns":13}],"seed_played":"-171486776662216708","potions_obtained":[{"floor":1.0,"key":"SkillPotion"},{"floor":8.0,"key":"AttackPotion"},{"floor":11.0,"key":"Dexterity Potion"},{"floor":16.0,"key":"Ancient Potion"},{"floor":18.0,"key":"Ancient Potion"},{"floor":23.0,"key":"Dexterity Potion"},{"floor":28.0,"key":"SpeedPotion"}],"is_trial":false,"path_per_floor":["M","?","?","M","?","R","$","E","T","R","M","R","M","?","R","B",null,"M","?","?","M","M","E","R","M","T","T","M","M","R","M","R","B"],"character_chosen":"IRONCLAD","items_purchased":[],"campfire_rested":4,"item_purchase_floors":[],"current_hp_per_floor":[66,71,46,46,24,45,45,40,40,40,46,46,51,51,51,36,64,55,55,55,50,41,22,43,31,31,31,16,12,33,19,40,0],"gold":464,"neow_bonus":"TRANSFORM_TWO_CARDS","is_prod":false,"is_daily":false,"chose_seed":false,"campfire_upgraded":3,"win_rate":0,"timestamp":1553779942,"path_taken":["M","?","?","M","?","R","?","E","T","R","?","R","?","?","R","BOSS","M","?","?","?","M","E","R","M","T","?","M","?","R","M","R","BOSS"],"build_version":"2019-03-15","purchased_purges":1,"victory":false,"max_hp_per_floor":[68,73,73,73,73,73,73,73,73,73,73,73,73,73,73,73,73,73,73,73,73,73,73,73,73,73,73,73,73,73,73,73,73],"card_choices":[{"not_picked":["Cleave","Carnage"],"picked":"Uppercut","floor":1.0},{"not_picked":["Sword Boomerang","Rupture"],"picked":"Battle Trance","floor":4.0},{"not_picked":["Heavy Blade","Searing Blow","Brutality"],"picked":"SKIP","floor":8.0},{"not_picked":["Dropkick","Body Slam"],"picked":"Headbutt","floor":11.0},{"not_picked":["Wild Strike","Havoc"],"picked":"Shrug It Off","floor":13.0},{"not_picked":["Offering","Exhume"],"picked":"Limit Break","floor":16.0},{"not_picked":["Sword Boomerang","Body Slam+1"],"picked":"Evolve+1","floor":18.0},{"not_picked":["Battle Trance","Sever Soul","Havoc+1"],"picked":"SKIP","floor":21.0},{"not_picked":["Battle Trance","Sever Soul","Havoc+1"],"picked":"SKIP","floor":21.0},{"not_picked":["Burning Pact","Battle Trance","Flex"],"picked":"SKIP","floor":22.0},{"not_picked":["Evolve","Warcry"],"picked":"Ghostly Armor","floor":23.0},{"not_picked":["Clash+1","Perfected Strike"],"picked":"Headbutt+1","floor":25.0},{"not_picked":["Warcry","Twin Strike","Rampage"],"picked":"SKIP","floor":28.0},{"not_picked":["Whirlwind","Armaments"],"picked":"Shockwave","floor":29.0},{"not_picked":["Havoc","True Grit","Anger"],"picked":"SKIP","floor":31.0}],"player_experience":1337984,"relics_obtained":[{"floor":8.0,"key":"Ornamental Fan"},{"floor":9.0,"key":"Omamori"},{"floor":23.0,"key":"Whetstone"},{"floor":26.0,"key":"Dream Catcher"},{"floor":27.0,"key":"MawBank"}],"event_choices":[{"damage_healed":0.0,"max_hp_gain":5.0,"max_hp_loss":0.0,"gold_gain":0.0,"event_name":"Big Fish","player_choice":"Donut","floor":2.0,"gold_loss":0.0,"damage_taken":0.0},{"damage_healed":0.0,"max_hp_gain":0.0,"max_hp_loss":0.0,"gold_gain":0.0,"event_name":"Golden Idol","player_choice":"Take Damage","floor":3.0,"gold_loss":0.0,"damage_taken":25.0,"relics_obtained":["Golden Idol"]},{"damage_healed":0.0,"max_hp_gain":0.0,"max_hp_loss":0.0,"gold_gain":0.0,"event_name":"Shining Light","player_choice":"Entered Light","floor":5.0,"gold_loss":0.0,"damage_taken":22.0,"cards_upgraded":["Uppercut","Defend_R"]},{"cards_removed":["Strike_R"],"damage_healed":0.0,"max_hp_gain":0.0,"max_hp_loss":0.0,"gold_gain":0.0,"event_name":"The Cleric","player_choice":"Card Removal","floor":14.0,"gold_loss":75.0,"damage_taken":0.0},{"damage_healed":0.0,"max_hp_gain":0.0,"max_hp_loss":0.0,"gold_gain":0.0,"cards_transformed":["Strike_R","Bash"],"event_name":"Drug Dealer","player_choice":"Became Test Subject","floor":19.0,"gold_loss":0.0,"damage_taken":0.0,"cards_obtained":["Clothesline","Spot Weakness"]},{"damage_healed":0.0,"max_hp_gain":0.0,"max_hp_loss":0.0,"gold_gain":0.0,"event_name":"Accursed Blacksmith","player_choice":"Forge","floor":20.0,"gold_loss":0.0,"damage_taken":0.0,"cards_upgraded":["Clothesline"]}],"is_beta":true,"boss_relics":[{"not_picked":["Pandora\u0027s Box","Mark of Pain"],"picked":"Runic Dome"}],"items_purged_floors":[7],"is_endless":false,"potions_floor_spawned":[1,8,11,16,18,23,28],"killed_by":"Champ","ascension_level":20}