{"gold_per_floor":[115,132,29,43,57,57,57,82,132,132,149,36,50,50,50,50],"floor_reached":16,"playtime":726,"items_purged":[],"score":102,"play_id":"d2983c04-354f-4ccf-89a9-10220b6bf4d6","local_time":"20181206023047","is_ascension_mode":false,"campfire_choices":[{"data":"Dual Wield","floor":6,"key":"SMITH"},{"data":"Seeing Red","floor":15,"key":"SMITH"}],"neow_cost":"NONE","seed_source_timestamp":543842775057474,"circlet_count":0,"master_deck":["Strike_R","Strike_R","Strike_R","Strike_R","Strike_R","Defend_R","Defend_R","Defend_R","Defend_R","Bash","Reaper","Headbutt","Armaments","Flex","Shrug It Off","Sword Boomerang","Dual Wield+1","Metallicize","Infernal Blade","Seeing Red+1","Inflame","Anger"],"relics":["Burning Blood","Self Forming Clay","PreservedInsect","Happy Flower"],"potions_floor_usage":[8,8,13,16],"damage_taken":[{"damage":8,"enemies":"Small Slimes","floor":1,"turns":3},{"damage":17,"enemies":"Jaw Worm","floor":2,"turns":5},{"damage":9,"enemies":"Cultist","floor":4,"turns":4},{"damage":19,"enemies":"Looter","floor":5,"turns":4},{"damage":14,"enemies":"Gremlin Nob","floor":8,"turns":3},{"damage":0,"enemies":"2 Fungi Beasts","floor":11,"turns":5},{"damage":0,"enemies":"Lots of Slimes","floor":13,"turns":2},{"damage":81,"enemies":"The Guardian","floor":16,"turns":14}],"seed_played":"489558008507140107","potions_obtained":[{"floor":1,"key":"Fire Potion"},{"floor":2,"key":"AttackPotion"},{"floor":8,"key":"Explosive Potion"},{"floor":13,"key":"Dexterity Potion"}],"is_trial":false,"path_per_floor":["M","M","$","M","M","R","?","E","T","?","M","$","M","$","R","B"],"character_chosen":"IRONCLAD","items_purchased":["Flex","Shrug It Off","Seeing Red","Inflame"],"campfire_rested":0,"item_purchase_floors":[3,3,12,12],"current_hp_per_floor":[78,70,70,71,65,65,65,62,62,62,68,68,74,74,74,0],"gold":50,"neow_bonus":"ONE_RANDOM_RARE_CARD","is_prod":false,"is_daily":false,"chose_seed":false,"campfire_upgraded":2,"win_rate":0,"timestamp":1544063447,"path_taken":["M","M","$","M","M","R","?","E","T","?","M","$","M","$","R","BOSS"],"build_version":"2018-11-15","purchased_purges":0,"victory":false,"max_hp_per_floor":[80,80,80,80,80,80,80,80,80,80,80,80,80,80,80,80],"card_choices":[{"not_picked":["Reckless Charge","Clothesline"],"picked":"Headbutt","floor":1},{"not_picked":["True Grit","Blood for Blood"],"picked":"Armaments","floor":2},{"not_picked":["Intimidate","Body Slam"],"picked":"Sword Boomerang","floor":4},{"not_picked":["Rupture","Havoc"],"picked":"Dual Wield","floor":5},{"not_picked":["Armaments","Power Through"],"picked":"Metallicize","floor":8},{"not_picked":["Thunderclap","Dropkick"],"picked":"Infernal Blade","floor":11},{"not_picked":["Sword Boomerang","Rampage"],"picked":"Anger","floor":13}],"player_experience":788363,"relics_obtained":[{"floor":8,"key":"Self Forming Clay"},{"floor":9,"key":"PreservedInsect"}],"event_choices":[{"damage_healed":0,"gold_gain":0,"player_choice":"Ignored","damage_taken":0,"max_hp_gain":0,"max_hp_loss":0,"event_name":"Golden Wing","floor":7,"gold_loss":0},{"damage_healed":0,"gold_gain":0,"player_choice":"Searched \u00271\u0027 times","damage_taken":0,"relics_obtained":["Happy Flower"],"max_hp_gain":0,"max_hp_loss":0,"event_name":"Dead Adventurer","floor":10,"gold_loss":0}],"is_beta":false,"boss_relics":[],"items_purged_floors":[],"is_endless":false,"potions_floor_spawned":[1,2,8,13],"killed_by":"The Guardian","ascension_level":0}