{"gold_per_floor":[114,114,129,129,144,144,159,174,174,189,189,189,189,219,219,319,319,334,349,27,42,57,57,87,87,87,87,102,117,117,132,132,232,232,247,262,262,271,286,286,301,281,281,281,281,30,80,40,40,40],"floor_reached":50,"playtime":3102,"items_purged":[],"score":539,"play_id":"246f1054-883c-4d35-a49e-a33585bd7625","local_time":"20181025023135","daily_mods":["SealedDeck","Blue Cards","Lethality"],"is_ascension_mode":false,"campfire_choices":[{"data":"Fusion","floor":6,"key":"SMITH"},{"data":"Loop","floor":11,"key":"SMITH"},{"floor":13,"key":"REST"},{"data":"Hologram","floor":15,"key":"SMITH"},{"floor":23,"key":"REST"},{"data":"Heavy Blade","floor":27,"key":"SMITH"},{"floor":30,"key":"REST"},{"floor":32,"key":"REST"},{"floor":40,"key":"REST"},{"data":"Creative AI","floor":45,"key":"SMITH"},{"data":"Apotheosis","floor":49,"key":"SMITH"}],"neow_cost":"","seed_source_timestamp":0,"circlet_count":0,"master_deck":["Cleave","Twin Strike","Ghostly Armor","Anger","Disarm","Redo","Turbo","Sweeping Beam+1","Reinforced Body","Fusion+1","Loop+1","Cleave","Turbo","Hologram+1","Leap","Beam Cell","Double Tap","Headbutt+1","Heavy Blade+1","All For One","Spot Weakness","Metamorphosis","Conserve Battery","Heavy Blade+1","Exhume","Heavy Blade+1","Heavy Blade+1","Shrug It Off+1","Creative AI+1","Body Slam+1","Go for the Eyes+1","Jack Of All Trades","Panache","Secret Technique","Inflame","Flame Barrier+1","Apotheosis+1","Loop","Pummel+1"],"special_seed":17829,"relics":["Burning Blood","Singing Bowl","Bottled Lightning","Mummified Hand","Whetstone","MutagenicStrength","Molten Egg 2","Nunchaku","Sundial","PreservedInsect"],"potions_floor_usage":[18,29,29,36,38,50,50],"damage_taken":[{"damage":0,"enemies":"2 Louse","floor":1,"turns":1},{"damage":8,"enemies":"Small Slimes","floor":3,"turns":4},{"damage":12,"enemies":"Jaw Worm","floor":5,"turns":3},{"damage":14,"enemies":"Lots of Slimes","floor":7,"turns":2},{"damage":0,"enemies":"Large Slime","floor":8,"turns":3},{"damage":18,"enemies":"Exordium Wildlife","floor":10,"turns":2},{"damage":17,"enemies":"Gremlin Nob","floor":14,"turns":4},{"damage":39,"enemies":"Hexaghost","floor":16,"turns":10},{"damage":13,"enemies":"Spheric Guardian","floor":18,"turns":3},{"damage":0,"enemies":"2 Thieves","floor":19,"turns":2},{"damage":17,"enemies":"Cultist and Chosen","floor":21,"turns":4},{"damage":33,"enemies":"Shelled Parasite and Fungi","floor":22,"turns":5},{"damage":0,"enemies":"Gremlin Leader","floor":24,"turns":4},{"damage":42,"enemies":"Centurion and Healer","floor":28,"turns":3},{"damage":26,"enemies":"Sentry and Sphere","floor":29,"turns":4},{"damage":17,"enemies":"Shelled Parasite and Fungi","floor":31,"turns":3},{"damage":70,"enemies":"Champ","floor":33,"turns":9},{"damage":17,"enemies":"3 Darklings","floor":35,"turns":4},{"damage":18,"enemies":"Orb Walker","floor":36,"turns":2},{"damage":18,"enemies":"2 Orb Walkers","floor":38,"turns":4},{"damage":0,"enemies":"Transient","floor":39,"turns":5},{"damage":0,"enemies":"Maw","floor":41,"turns":4},{"damage":80,"enemies":"Donu and Deca","floor":50,"turns":4}],"seed_played":"-5760803722143185132","potions_obtained":[{"floor":5,"key":"FairyPotion"},{"floor":8,"key":"LiquidBronze"},{"floor":10,"key":"GamblersBrew"},{"floor":18,"key":"Explosive Potion"},{"floor":33,"key":"AttackPotion"},{"floor":35,"key":"Weak Potion"},{"floor":39,"key":"Explosive Potion"},{"floor":41,"key":"SpeedPotion"},{"floor":42,"key":"SkillPotion"}],"is_trial":false,"path_per_floor":["M","?","M","?","M","R","M","M","T","M","R","?","R","E","R","B",null,"M","M","$","M","M","R","E","?","T","R","M","M","R","M","R","B",null,"M","M","?","?","M","R","M","?","T","?","R","$","T","$","R"],"character_chosen":"IRONCLAD","items_purchased":["All For One","Spot Weakness","Metamorphosis","Apotheosis","Loop","Pummel+1"],"campfire_rested":5,"item_purchase_floors":[20,20,20,46,46,48],"current_hp_per_floor":[80,80,78,71,65,65,57,65,65,53,53,53,77,66,66,33,82,75,81,81,70,43,67,73,73,73,73,37,17,41,30,54,14,82,71,59,49,39,45,70,76,76,76,76,76,76,76,76,76,0],"gold":40,"neow_bonus":"","is_prod":false,"is_daily":true,"chose_seed":false,"campfire_upgraded":6,"win_rate":0,"timestamp":1540431095,"path_taken":["M","?","M","?","M","R","M","?","T","M","R","?","R","E","R","BOSS","M","M","$","M","M","R","E","?","T","R","?","M","R","M","R","BOSS","M","M","?","?","M","R","?","?","T","?","R","$","?","?","R","BOSS"],"build_version":"2018-10-18","purchased_purges":0,"victory":false,"max_hp_per_floor":[80,80,80,80,80,80,80,82,82,82,82,82,82,82,82,82,82,82,82,82,82,82,82,82,82,82,82,82,82,82,82,82,82,82,82,82,82,84,84,84,84,84,84,84,84,84,84,84,84,84],"card_choices":[{"not_picked":["Capacitor","Shrug It Off"],"picked":"Loop","floor":1},{"not_picked":["Capacitor","Stack"],"picked":"Cleave","floor":3},{"not_picked":["Scrape","Sword Boomerang"],"picked":"Turbo","floor":5},{"not_picked":["Bloodletting","Hemokinesis"],"picked":"Hologram","floor":7},{"not_picked":["Sword Boomerang","Barrage","Warcry"],"picked":"Singing Bowl","floor":8},{"not_picked":["Recycle","Genetic Algorithm"],"picked":"Leap","floor":10},{"not_picked":["Turbo","Offering"],"picked":"Beam Cell","floor":14},{"not_picked":["Reboot","Biased Cognition"],"picked":"Double Tap","floor":16},{"not_picked":["Barrage+1","Streamline"],"picked":"Headbutt+1","floor":18},{"not_picked":["Headbutt","FTL"],"picked":"Heavy Blade","floor":19},{"not_picked":["Clash+1","Perfected Strike"],"picked":"Conserve Battery","floor":21},{"not_picked":["Defragment","Steam"],"picked":"Heavy Blade","floor":22},{"not_picked":["Sweeping Beam","Rage+1"],"picked":"Exhume","floor":24},{"not_picked":["Skim","Headbutt+1"],"picked":"Heavy Blade+1","floor":28},{"not_picked":["Twin Strike+1","All For One+1"],"picked":"Heavy Blade+1","floor":29},{"not_picked":["Blood for Blood+1","Warcry"],"picked":"Shrug It Off+1","floor":31},{"not_picked":["Berserk","Reaper+1"],"picked":"Creative AI","floor":33},{"not_picked":["Reckless Charge+1","Heatsinks+1"],"picked":"Body Slam+1","floor":35},{"not_picked":["Coolheaded+1","Stack"],"picked":"Go for the Eyes+1","floor":36},{"not_picked":["Blind","Enlightenment"],"picked":"Jack Of All Trades","floor":37},{"not_picked":["Forethought","Purity"],"picked":"Panache","floor":37},{"not_picked":["Madness","Swift Strike+1"],"picked":"Secret Technique","floor":37},{"not_picked":["Fusion+1","Barrage+1","Rupture"],"picked":"Singing Bowl","floor":38},{"not_picked":["Steam Power","Flame Barrier"],"picked":"Inflame","floor":39},{"not_picked":["Rebound+1","Fusion+1"],"picked":"Flame Barrier+1","floor":41}],"player_experience":626579,"relics_obtained":[{"floor":9,"key":"Bottled Lightning"},{"floor":14,"key":"Mummified Hand"},{"floor":24,"key":"Whetstone"},{"floor":26,"key":"Molten Egg 2"},{"floor":38,"key":"Nunchaku"},{"floor":43,"key":"Sundial"},{"floor":47,"key":"PreservedInsect"}],"event_choices":[{"damage_healed":0,"gold_gain":0,"player_choice":"Leave","damage_taken":0,"max_hp_gain":0,"max_hp_loss":0,"event_name":"The Cleric","floor":2,"gold_loss":0},{"damage_healed":0,"gold_gain":0,"player_choice":"Success","damage_taken":7,"relics_obtained":["Singing Bowl"],"max_hp_gain":0,"max_hp_loss":0,"event_name":"Scrap Ooze","floor":4,"gold_loss":0},{"damage_healed":0,"gold_gain":0,"player_choice":"Ignored","damage_taken":0,"max_hp_gain":0,"max_hp_loss":0,"event_name":"Liars Game","floor":12,"gold_loss":0},{"damage_healed":0,"gold_gain":0,"player_choice":"Inject Mutagens","damage_taken":0,"relics_obtained":["MutagenicStrength"],"max_hp_gain":0,"max_hp_loss":0,"event_name":"Drug Dealer","floor":25,"gold_loss":0},{"damage_healed":0,"gold_gain":0,"player_choice":"Memory 3","damage_taken":10,"max_hp_gain":0,"max_hp_loss":0,"event_name":"SensoryStone","floor":37,"gold_loss":0},{"damage_healed":0,"gold_gain":0,"player_choice":"Fight","damage_taken":0,"max_hp_gain":0,"max_hp_loss":0,"event_name":"Mysterious Sphere","floor":38,"gold_loss":0},{"damage_healed":0,"gold_gain":0,"player_choice":"Bought 1 Potion","damage_taken":0,"max_hp_gain":0,"max_hp_loss":0,"event_name":"The Woman in Blue","floor":42,"gold_loss":0},{"damage_healed":0,"gold_gain":0,"player_choice":"Ignored","damage_taken":0,"max_hp_gain":0,"max_hp_loss":0,"event_name":"Tomb of Lord Red Mask","floor":44,"gold_loss":0}],"is_beta":false,"boss_relics":[{"not_picked":["Cursed Key","Runic Pyramid","Fusion Hammer"]},{"not_picked":["Philosopher\u0027s Stone","Empty Cage","Velvet Choker"]}],"items_purged_floors":[],"is_endless":false,"potions_floor_spawned":[5,8,10,18,19,22,24,33,35,39,41],"killed_by":"Donu and Deca","ascension_level":0}