{"gold_per_floor":[364,374,47,47,65,91,102,121,167,178,178,189,204,221,221,317,317,336,65,83,83,83,109,109,7,7,7,7,32,32,46,46,148,148,164,164,124,49,59,59,70,81,81,99,99,109,109,21,21,21],"floor_reached":50,"playtime":4388,"items_purged":["Strike_B","Strike_B","Defend_B","Injury","Injury"],"score":511,"play_id":"54d25ada-460a-40f2-8da8-f46b588e55d6","local_time":"20190207175146","is_ascension_mode":false,"campfire_choices":[{"data":"Self Repair","floor":11,"key":"SMITH"},{"data":"Capacitor","floor":15,"key":"SMITH"},{"floor":24,"key":"RECALL"},{"data":"Capacitor","floor":28,"key":"SMITH"},{"data":"White Noise","floor":30,"key":"SMITH"},{"data":"Sweeping Beam","floor":32,"key":"SMITH"},{"data":"Madness","floor":40,"key":"SMITH"},{"data":"Coolheaded","floor":45,"key":"SMITH"},{"floor":47,"key":"REST"},{"data":"Auto Shields","floor":49,"key":"SMITH"}],"neow_cost":"PERCENT_DAMAGE","seed_source_timestamp":91613347312292,"circlet_count":0,"master_deck":["Defend_B","Defend_B","Zap+1","Dualcast+1","Sweeping Beam+1","Coolheaded+1","Auto Shields+1","Self Repair+1","Cold Snap","Cold Snap","Capacitor+1","Electrodynamics","Undo+1","Static Discharge","Hyperbeam","Chill","Hologram+1","Capacitor+1","White Noise+1","Ball Lightning","Fission+1","Madness+1","Ball Lightning+1","BootSequence+1"],"relics":["Cracked Core","Mummified Hand","Pear","Cursed Key","Membership Card","Enchiridion","Sundial","Bottled Flame","War Paint","Nuclear Battery","Bronze Scales"],"potions_floor_usage":[6,7,8,16,23,23,29,31,50,50,50],"damage_taken":[{"damage":1,"enemies":"2 Louse","floor":1,"turns":2},{"damage":0,"enemies":"Cultist","floor":2,"turns":3},{"damage":5,"enemies":"Small Slimes","floor":5,"turns":3},{"damage":44,"enemies":"3 Sentries","floor":6,"turns":15},{"damage":0,"enemies":"3 Louse","floor":7,"turns":3},{"damage":8,"enemies":"Lots of Slimes","floor":8,"turns":3},{"damage":0,"enemies":"2 Fungi Beasts","floor":10,"turns":4},{"damage":0,"enemies":"Blue Slaver","floor":12,"turns":4},{"damage":0,"enemies":"Looter","floor":13,"turns":4},{"damage":0,"enemies":"2 Fungi Beasts","floor":14,"turns":4},{"damage":60,"enemies":"Hexaghost","floor":16,"turns":17},{"damage":1,"enemies":"Chosen","floor":18,"turns":5},{"damage":3,"enemies":"Spheric Guardian","floor":20,"turns":4},{"damage":0,"enemies":"Gremlin Leader","floor":23,"turns":6},{"damage":24,"enemies":"Book of Stabbing","floor":29,"turns":7},{"damage":6,"enemies":"Snecko","floor":31,"turns":4},{"damage":10,"enemies":"Collector","floor":33,"turns":10},{"damage":30,"enemies":"3 Darklings","floor":35,"turns":3},{"damage":0,"enemies":"3 Shapes","floor":39,"turns":1},{"damage":10,"enemies":"Spire Growth","floor":41,"turns":5},{"damage":10,"enemies":"Maw","floor":42,"turns":7},{"damage":7,"enemies":"Sphere and 2 Shapes","floor":44,"turns":5},{"damage":24,"enemies":"Jaw Worm Horde","floor":46,"turns":3},{"damage":86,"enemies":"Awakened One","floor":50,"turns":17}],"seed_played":"6044898711839027497","potions_obtained":[{"floor":1,"key":"FairyPotion"},{"floor":5,"key":"SpeedPotion"},{"floor":6,"key":"Energy Potion"},{"floor":7,"key":"FearPotion"},{"floor":13,"key":"SteroidPotion"},{"floor":14,"key":"Fire Potion"},{"floor":18,"key":"SteroidPotion"},{"floor":20,"key":"Energy Potion"},{"floor":29,"key":"AttackPotion"},{"floor":35,"key":"Dexterity Potion"},{"floor":41,"key":"EssenceOfSteel"},{"floor":46,"key":"Explosive Potion"}],"is_trial":false,"path_per_floor":["M","M","$","?","M","E","M","M","T","M","R","M","M","M","R","B",null,"M","$","M","?","?","E","R","$","T","?","R","E","R","M","R","B",null,"M","?","?","$","M","R","M","M","T","M","R","M","R","$","R","B"],"character_chosen":"DEFECT","items_purchased":["Mummified Hand","Membership Card","Static Discharge","Capacitor"],"campfire_rested":1,"item_purchase_floors":[3,19,19,25],"current_hp_per_floor":[53,53,53,53,48,14,14,13,13,20,20,30,40,50,50,12,85,85,85,85,69,69,79,79,79,79,79,79,65,65,69,69,69,85,65,65,65,65,65,65,65,65,65,68,68,54,79,79,79,0],"gold":21,"neow_bonus":"TWO_FIFTY_GOLD","is_prod":false,"is_daily":false,"chose_seed":false,"campfire_upgraded":8,"win_rate":0,"timestamp":1549583506,"path_taken":["M","M","$","?","M","E","M","?","T","M","R","?","M","M","R","BOSS","M","$","M","?","?","E","R","$","T","?","R","E","R","M","R","BOSS","M","?","?","$","M","R","M","M","T","M","R","?","R","$","R","BOSS"],"build_version":"2019-01-23","purchased_purges":5,"victory":false,"max_hp_per_floor":[75,75,75,75,75,85,85,85,85,85,85,85,85,85,85,85,85,85,85,85,85,85,85,85,85,85,85,85,85,85,85,85,85,85,85,85,85,85,85,85,85,85,85,85,85,85,85,85,85,85],"card_choices":[{"not_picked":["Darkness","Reprogram","Turbo"],"picked":"SKIP","floor":1},{"not_picked":["Redo","Static Discharge"],"picked":"Sweeping Beam","floor":2},{"not_picked":["Gash","Beam Cell"],"picked":"Coolheaded","floor":5},{"not_picked":["Coolheaded","Heatsinks"],"picked":"Auto Shields","floor":6},{"not_picked":["Aggregate","Reinforced Body"],"picked":"Self Repair","floor":7},{"not_picked":["Barrage","Redo"],"picked":"Cold Snap","floor":8},{"not_picked":["Rebound","Ball Lightning"],"picked":"Cold Snap","floor":10},{"not_picked":["Seek","Cold Snap"],"picked":"Capacitor","floor":12},{"not_picked":["Tempest","Gash","Reinforced Body"],"picked":"SKIP","floor":13},{"not_picked":["Streamline","Rebound","Steam"],"picked":"SKIP","floor":14},{"not_picked":["Machine Learning","Fission"],"picked":"Electrodynamics","floor":16},{"not_picked":["Rebound","Go for the Eyes"],"picked":"Undo+1","floor":18},{"not_picked":["Chaos","Sweeping Beam","Beam Cell"],"picked":"SKIP","floor":20},{"not_picked":["Skim","Conserve Battery"],"picked":"Hologram+1","floor":23},{"not_picked":["Coolheaded","Compile Driver+1"],"picked":"Ball Lightning","floor":29},{"not_picked":["Beam Cell+1","Turbo","Steam Power"],"picked":"SKIP","floor":31},{"not_picked":["Hyperbeam","Thunder Strike"],"picked":"Fission","floor":33},{"not_picked":["Lockon","Skim+1","Steam"],"picked":"SKIP","floor":35},{"not_picked":["Trip","PanicButton"],"picked":"Madness","floor":36},{"not_picked":["Stack","Barrage+1"],"picked":"Ball Lightning+1","floor":39},{"not_picked":["Redo+1","Sweeping Beam","Turbo"],"picked":"SKIP","floor":41},{"not_picked":["Go for the Eyes+1","Redo+1","All For One"],"picked":"SKIP","floor":42},{"not_picked":["Self Repair+1","Auto Shields","Redo"],"picked":"SKIP","floor":44},{"not_picked":["Turbo","Reinforced Body"],"picked":"BootSequence+1","floor":46}],"player_experience":740877,"relics_obtained":[{"floor":6,"key":"Pear"},{"floor":21,"key":"Enchiridion"},{"floor":23,"key":"Sundial"},{"floor":26,"key":"Bottled Flame"},{"floor":29,"key":"War Paint"},{"floor":43,"key":"Bronze Scales"}],"event_choices":[{"cards_removed":["Strike_B"],"damage_healed":0,"gold_gain":0,"player_choice":"Purged","damage_taken":0,"max_hp_gain":0,"max_hp_loss":0,"event_name":"Purifier","floor":4,"gold_loss":0},{"damage_healed":0,"gold_gain":0,"player_choice":"Obtained Book","damage_taken":16,"max_hp_gain":0,"max_hp_loss":0,"event_name":"Cursed Tome","floor":21,"gold_loss":0},{"damage_healed":0,"gold_gain":0,"cards_transformed":["Strike_B","Defend_B"],"player_choice":"Became Test Subject","damage_taken":0,"max_hp_gain":0,"max_hp_loss":0,"event_name":"Drug Dealer","floor":22,"gold_loss":0,"cards_obtained":["Hyperbeam","Chill"]},{"damage_healed":0,"gold_gain":0,"player_choice":"Read","damage_taken":0,"max_hp_gain":0,"max_hp_loss":0,"event_name":"The Library","floor":27,"gold_loss":0,"cards_obtained":["White Noise"]},{"damage_healed":0,"gold_gain":0,"player_choice":"Memory 1","damage_taken":0,"max_hp_gain":0,"max_hp_loss":0,"event_name":"SensoryStone","floor":36,"gold_loss":0},{"damage_healed":0,"gold_gain":0,"player_choice":"Upgrade","damage_taken":0,"max_hp_gain":0,"max_hp_loss":0,"event_name":"Designer","floor":37,"gold_loss":40,"cards_upgraded":["Fission"]}],"is_beta":false,"boss_relics":[{"not_picked":["Eternal Feather","Tiny House"],"picked":"Cursed Key"},{"not_picked":["Sozu","Snecko Eye"],"picked":"Nuclear Battery"}],"items_purged_floors":[3,19,25,38,48],"is_endless":false,"potions_floor_spawned":[1,5,6,7,13,14,18,20,29,35,41,46],"killed_by":"Awakened One","ascension_level":0}