{"gold_per_floor":[116,135,81,95,109,135,135,163,193,193,210,245,256,268,268,344,344,364,364,364,382,393,393,393],"floor_reached":24,"playtime":1210,"items_purged":[],"score":440,"play_id":"95bbc4e8-94e0-4589-a25c-5e2eac894bd1","local_time":"20190326155645","is_ascension_mode":true,"campfire_choices":[{"floor":7.0,"key":"REST"},{"floor":10.0,"key":"REST"},{"floor":15.0,"key":"REST"},{"floor":23,"key":"REST"}],"neow_cost":"TEN_PERCENT_HP_LOSS","seed_source_timestamp":1117629558140968,"circlet_count":0,"master_deck":["AscendersBane","Strike_R","Strike_R","Strike_R","Strike_R","Strike_R","Defend_R","Defend_R","Defend_R","Defend_R","Bash","Demon Form","Flame Barrier","Anger","Seeing Red","Evolve","Armaments","Battle Trance","Cleave","Sword Boomerang","Reaper","Dual Wield+1"],"special_seed":0,"relics":["Burning Blood","Art of War","Potion Belt","Tiny Chest","Darkstone Periapt","Mark of Pain","Bottled Tornado"],"potions_floor_usage":[21],"damage_taken":[{"damage":9.0,"enemies":"Jaw Worm","floor":1.0,"turns":6.0},{"damage":1.0,"enemies":"Cultist","floor":2.0,"turns":4.0},{"damage":5.0,"enemies":"Small Slimes","floor":4.0,"turns":4.0},{"damage":3.0,"enemies":"2 Fungi Beasts","floor":5.0,"turns":4.0},{"damage":61.0,"enemies":"3 Sentries","floor":6.0,"turns":12.0},{"damage":3.0,"enemies":"Lagavulin","floor":8.0,"turns":7.0},{"damage":2.0,"enemies":"Exordium Wildlife","floor":11.0,"turns":3.0},{"damage":43.0,"enemies":"Gremlin Nob","floor":12.0,"turns":5.0},{"damage":9.0,"enemies":"Red Slaver","floor":13.0,"turns":3.0},{"damage":7.0,"enemies":"Large Slime","floor":14.0,"turns":5.0},{"damage":23.0,"enemies":"Slime Boss","floor":16.0,"turns":7.0},{"damage":31.0,"enemies":"Chosen","floor":18.0,"turns":5.0},{"damage":34,"enemies":"Shell Parasite","floor":21,"turns":5},{"damage":22,"enemies":"Snecko","floor":22,"turns":7},{"damage":34,"enemies":"Slavers","floor":24,"turns":1}],"seed_played":"6569697388973204593","potions_obtained":[{"floor":2.0,"key":"Weak Potion"},{"floor":5.0,"key":"SpeedPotion"},{"floor":8.0,"key":"SneckoOil"},{"floor":13.0,"key":"Swift Potion"},{"floor":14.0,"key":"Weak Potion"}],"is_trial":false,"path_per_floor":["M","M","$","M","M","E","R","E","T","R","M","E","M","M","R","B",null,"M","?","T","M","M","R","E"],"character_chosen":"IRONCLAD","items_purchased":["AttackPotion"],"campfire_rested":4,"item_purchase_floors":[3],"current_hp_per_floor":[65,68,68,68,68,13,33,36,36,56,60,23,20,19,39,22,57,32,46,46,30,14,34,0],"gold":393,"neow_bonus":"THREE_RARE_CARDS","is_prod":false,"is_daily":false,"chose_seed":false,"campfire_upgraded":0,"win_rate":0,"timestamp":1553633805,"path_taken":["M","M","$","M","M","E","R","E","T","R","M","E","M","M","R","BOSS","M","?","?","M","M","R","E"],"build_version":"2019-01-23","purchased_purges":0,"victory":false,"max_hp_per_floor":[68,68,68,68,68,68,68,68,68,68,68,68,68,68,68,68,68,68,68,68,68,68,68,68],"card_choices":[{"not_picked":["Offering","Impervious"],"picked":"Demon Form","floor":0.0},{"not_picked":["Flex","Warcry"],"picked":"Flame Barrier","floor":1.0},{"not_picked":["Havoc","Thunderclap","Dropkick"],"picked":"SKIP","floor":2.0},{"not_picked":["Pommel Strike","Armaments"],"picked":"Anger","floor":4.0},{"not_picked":["Second Wind","Flex","Dropkick"],"picked":"SKIP","floor":5.0},{"not_picked":["Infernal Blade","Juggernaut"],"picked":"Seeing Red","floor":6.0},{"not_picked":["Clash","Flex"],"picked":"Evolve","floor":8.0},{"not_picked":["Burning Pact","Flex"],"picked":"Armaments","floor":11.0},{"not_picked":["Disarm","Iron Wave"],"picked":"Battle Trance","floor":12.0},{"not_picked":["Anger","Body Slam"],"picked":"Cleave","floor":13.0},{"not_picked":["Iron Wave","Warcry"],"picked":"Sword Boomerang","floor":14.0},{"not_picked":["Offering","Juggernaut"],"picked":"Reaper","floor":16.0},{"not_picked":["Anger","Corruption","Body Slam"],"picked":"SKIP","floor":18.0},{"not_picked":["Headbutt","Pommel Strike"],"picked":"Dual Wield+1","floor":21},{"not_picked":["Clothesline","Wild Strike","Hemokinesis"],"picked":"SKIP","floor":22}],"player_experience":935206,"relics_obtained":[{"floor":6.0,"key":"Art of War"},{"floor":8.0,"key":"Potion Belt"},{"floor":9.0,"key":"Tiny Chest"},{"floor":12.0,"key":"Darkstone Periapt"},{"floor":20.0,"key":"Bottled Tornado"}],"event_choices":[{"damage_healed":14.0,"max_hp_gain":0.0,"max_hp_loss":0.0,"gold_gain":0.0,"event_name":"The Library","player_choice":"Heal","floor":19.0,"gold_loss":0.0,"damage_taken":0.0}],"is_beta":false,"boss_relics":[{"not_picked":["Runic Dome","Astrolabe"],"picked":"Mark of Pain"}],"items_purged_floors":[],"is_endless":false,"potions_floor_spawned":[2,5,8,13,14],"killed_by":"Slavers","ascension_level":20}