{"gold_per_floor":[365,43,63,238,238,266,266,279,279,279,279,299,331,17,17,118,118,134,134,134,152,6,35,47,47,123,123,123,148,148,164,164,267,267,281,89,0,0,0,32,32,52,52,62,107,139,218,252,252,252],"floor_reached":51,"playtime":3806,"items_purged":["Strike_B"],"score":1124,"play_id":"833a0969-4ab6-470d-ab69-104a7df4b734","local_time":"20190330034603","is_ascension_mode":true,"campfire_choices":[{"data":"Seek","floor":7.0,"key":"SMITH"},{"floor":10.0,"key":"REST"},{"data":"Bandage Up","floor":15.0,"key":"SMITH"},{"data":"Genetic Algorithm","floor":27.0,"key":"SMITH"},{"data":"Recycle","floor":30.0,"key":"SMITH"},{"data":"Creative AI","floor":32.0,"key":"SMITH"},{"data":"Madness","floor":41.0,"key":"SMITH"},{"floor":49.0,"key":"DIG"}],"neow_cost":"PERCENT_DAMAGE","seed_source_timestamp":52476159425399,"circlet_count":0,"master_deck":["Strike_B","Strike_B","Strike_B","Defend_B","Defend_B","Defend_B","Defend_B","Zap","Dualcast","Conserve Battery","Core Surge","Bandage Up+1","Seek+1","Recycle+1","Machine Learning","Coolheaded","Cold Snap","Melter","Creative AI+1","Necronomicurse","Sunder","Chill","Genetic Algorithm+1","RitualDagger","Echo Form","Tempest+1","Bandage Up","Jack Of All Trades","Dramatic Entrance","Madness","Madness+1","Impervious","Hologram","Terror+1"],"special_seed":0,"relics":["Cracked Core","Spirit Poop","Bird Faced Urn","Letter Opener","Cables","Matryoshka","Dead Branch","Nuclear Battery","Necronomicon","Gremlin Horn","Bag of Preparation","Pear","Pocketwatch","Philosopher\u0027s Stone","PrismaticShard","Red Mask","Boot","Vajra","Blue Candle","Shovel","Blood Vial","Toxic Egg 2","Mercury Hourglass","Strawberry"],"potions_floor_usage":[50,50,50],"damage_taken":[{"damage":9.0,"enemies":"Jaw Worm","floor":1.0,"turns":5.0},{"damage":7.0,"enemies":"2 Louse","floor":3.0,"turns":2.0},{"damage":36.0,"enemies":"Lagavulin","floor":6.0,"turns":10.0},{"damage":0.0,"enemies":"Cultist","floor":8.0,"turns":3.0},{"damage":0.0,"enemies":"Large Slime","floor":12.0,"turns":4.0},{"damage":14.0,"enemies":"3 Sentries","floor":13.0,"turns":7.0},{"damage":0.0,"enemies":"Slime Boss","floor":16.0,"turns":13.0},{"damage":8.0,"enemies":"2 Thieves","floor":18.0,"turns":2.0},{"damage":12.0,"enemies":"3 Byrds","floor":21.0,"turns":4.0},{"damage":0.0,"enemies":"Slavers","floor":23.0,"turns":3.0},{"damage":26.0,"enemies":"Centurion and Healer","floor":24.0,"turns":4.0},{"damage":5.0,"enemies":"Gremlin Leader","floor":29.0,"turns":4.0},{"damage":11.0,"enemies":"Snake Plant","floor":31.0,"turns":3.0},{"damage":60.0,"enemies":"Automaton","floor":33.0,"turns":11.0},{"damage":10.0,"enemies":"3 Darklings","floor":35.0,"turns":5.0},{"damage":18.0,"enemies":"Reptomancer","floor":40.0,"turns":6.0},{"damage":0.0,"enemies":"Orb Walker","floor":42.0,"turns":1.0},{"damage":2.0,"enemies":"Maw","floor":44.0,"turns":6.0},{"damage":10.0,"enemies":"2 Orb Walkers","floor":45.0,"turns":4.0},{"damage":19.0,"enemies":"Giant Head","floor":46.0,"turns":5.0},{"damage":25.0,"enemies":"Nemesis","floor":48.0,"turns":5.0},{"damage":65,"enemies":"Time Eater","floor":50,"turns":7}],"seed_played":"1292846003257036174","potions_obtained":[{"floor":6.0,"key":"SteroidPotion"},{"floor":12.0,"key":"Strength Potion"},{"floor":21.0,"key":"SpeedPotion"},{"floor":29.0,"key":"Energy Potion"},{"floor":44.0,"key":"SteroidPotion"}],"is_trial":false,"path_per_floor":["M","$","M","?","?","E","R","M","T","R","?","M","E","$","R","B",null,"M","?","?","M","$","E","M","$","T","R","?","E","R","M","R","B",null,"M","$","?","?","?","E","R","M","T","M","?","E","T","E","R","B",null],"character_chosen":"DEFECT","items_purchased":["Core Surge","Bandage Up","Seek","Dead Branch","Chill","PrismaticShard"],"campfire_rested":1,"item_purchase_floors":[2,2,2,14,22,36],"current_hp_per_floor":[41,41,38,38,38,6,6,12,12,34,31,37,29,29,29,47,68,69,53,53,49,49,57,47,47,57,57,51,58,58,57,57,29,71,79,79,79,69,58,70,70,72,72,85,85,84,84,73,80,51],"gold":252,"neow_bonus":"TWO_FIFTY_GOLD","is_prod":false,"is_daily":false,"chose_seed":false,"campfire_upgraded":6,"win_rate":0,"timestamp":1553885163,"path_taken":["M","$","M","?","?","E","R","?","T","R","?","M","E","$","R","BOSS","M","?","?","M","$","E","M","?","T","R","?","E","R","M","R","BOSS","M","$","?","?","?","E","R","M","T","M","?","E","?","E","R","BOSS"],"build_version":"2019-01-23","purchased_purges":1,"victory":true,"max_hp_per_floor":[75,75,75,75,75,75,75,75,75,75,75,75,75,75,75,75,75,75,75,75,75,75,75,75,75,85,85,85,85,85,85,85,85,85,85,85,85,85,85,85,85,85,85,85,85,85,85,85,92,92],"card_choices":[{"not_picked":["Stack","Storm"],"picked":"Conserve Battery","floor":1.0},{"not_picked":["Turbo","Leap"],"picked":"Recycle","floor":3.0},{"not_picked":["Beam Cell","Hello World"],"picked":"Machine Learning","floor":6.0},{"not_picked":["Go for the Eyes","Turbo"],"picked":"Coolheaded","floor":8.0},{"not_picked":["Heatsinks","Stack"],"picked":"Cold Snap","floor":12.0},{"not_picked":["Hello World","Consume"],"picked":"Melter","floor":13.0},{"not_picked":["Reboot","Seek"],"picked":"Creative AI","floor":16.0},{"not_picked":["Sweeping Beam","Steam","Barrage"],"picked":"SKIP","floor":18.0},{"not_picked":["Compile Driver","Cold Snap"],"picked":"Sunder","floor":21.0},{"not_picked":["Barrage","Streamline+1","Gash"],"picked":"SKIP","floor":23.0},{"not_picked":["Barrage","Leap+1"],"picked":"Genetic Algorithm","floor":24.0},{"not_picked":["Ball Lightning+1","Compile Driver+1","All For One"],"picked":"SKIP","floor":29.0},{"not_picked":["Barrage","Leap","Steam+1"],"picked":"SKIP","floor":31.0},{"not_picked":["Amplify","Multi-Cast"],"picked":"Echo Form","floor":33.0},{"not_picked":["Fusion+1","Compile Driver"],"picked":"Tempest+1","floor":35.0},{"not_picked":["Swift Strike","Secret Technique"],"picked":"Bandage Up","floor":38.0},{"not_picked":["Trip","Secret Technique"],"picked":"Jack Of All Trades","floor":38.0},{"not_picked":["Good Instincts","Swift Strike"],"picked":"Dramatic Entrance","floor":38.0},{"not_picked":["Rip and Tear+1","Quick Slash+1"],"picked":"Impervious","floor":40.0},{"not_picked":["Sweeping Beam","Deadly Poison+1","Blizzard"],"picked":"SKIP","floor":42.0},{"not_picked":["Lockon+1","Wild Strike"],"picked":"Hologram","floor":44.0},{"not_picked":["Backflip","Havoc"],"picked":"Terror+1","floor":46.0},{"not_picked":["Cloak And Dagger+1","Underhanded Strike","Genetic Algorithm+1"],"picked":"SKIP","floor":48.0}],"player_experience":633708,"relics_obtained":[{"floor":6.0,"key":"Bird Faced Urn"},{"floor":9.0,"key":"Letter Opener"},{"floor":13.0,"key":"Matryoshka"},{"floor":19.0,"key":"Necronomicon"},{"floor":23.0,"key":"Gremlin Horn"},{"floor":26.0,"key":"Bag of Preparation"},{"floor":26.0,"key":"Pear"},{"floor":29.0,"key":"Pocketwatch"},{"floor":40.0,"key":"Boot"},{"floor":43.0,"key":"Vajra"},{"floor":43.0,"key":"Blue Candle"},{"floor":45.0,"key":"Shovel"},{"floor":46.0,"key":"Blood Vial"},{"floor":47.0,"key":"Toxic Egg 2"},{"floor":48.0,"key":"Mercury Hourglass"},{"floor":49.0,"key":"Strawberry"}],"event_choices":[{"damage_healed":0.0,"max_hp_gain":0.0,"max_hp_loss":0.0,"gold_gain":175.0,"event_name":"Liars Game","player_choice":"AGREE","floor":4.0,"gold_loss":0.0,"damage_taken":0.0,"cards_obtained":["Doubt"]},{"cards_removed":["Doubt"],"damage_healed":0.0,"max_hp_gain":0.0,"max_hp_loss":0.0,"gold_gain":0.0,"event_name":"Bonfire Elementals","player_choice":"Offered Curse","floor":5.0,"gold_loss":0.0,"damage_taken":0.0,"relics_obtained":["Spirit Poop"]},{"damage_healed":0.0,"max_hp_gain":0.0,"max_hp_loss":0.0,"gold_gain":0.0,"event_name":"Scrap Ooze","player_choice":"Success","floor":11.0,"gold_loss":0.0,"damage_taken":3.0,"relics_obtained":["Cables"]},{"damage_healed":0.0,"max_hp_gain":0.0,"max_hp_loss":0.0,"gold_gain":0.0,"event_name":"Cursed Tome","player_choice":"Obtained Book","floor":19.0,"gold_loss":0.0,"damage_taken":16.0},{"damage_healed":0.0,"max_hp_gain":0.0,"max_hp_loss":0.0,"gold_gain":0.0,"event_name":"Vampires","player_choice":"Ignored","floor":20.0,"gold_loss":0.0,"damage_taken":0.0},{"damage_healed":0.0,"max_hp_gain":0.0,"max_hp_loss":0.0,"gold_gain":0.0,"event_name":"Nest","player_choice":"Joined the Cult","floor":28.0,"gold_loss":0.0,"damage_taken":6.0,"cards_obtained":["RitualDagger"]},{"damage_healed":0.0,"max_hp_gain":0.0,"max_hp_loss":0.0,"gold_gain":0.0,"event_name":"Tomb of Lord Red Mask","player_choice":"Paid","floor":37.0,"gold_loss":89.0,"damage_taken":0.0,"relics_obtained":["Red Mask"]},{"damage_healed":0.0,"max_hp_gain":0.0,"max_hp_loss":0.0,"gold_gain":0.0,"event_name":"SensoryStone","player_choice":"Memory 3","floor":38.0,"gold_loss":0.0,"damage_taken":10.0},{"damage_healed":0.0,"max_hp_gain":0.0,"max_hp_loss":0.0,"gold_gain":0.0,"event_name":"Winding Halls","player_choice":"Embrace Madness","floor":39.0,"gold_loss":0.0,"damage_taken":11.0,"cards_obtained":["Madness","Madness"]},{"damage_healed":0.0,"max_hp_gain":0.0,"max_hp_loss":0.0,"gold_gain":0.0,"event_name":"Mysterious Sphere","player_choice":"Fight","floor":45.0,"gold_loss":0.0,"damage_taken":0.0}],"is_beta":false,"boss_relics":[{"not_picked":["Empty Cage","Coffee Dripper"],"picked":"Nuclear Battery"},{"not_picked":["Orrery","Runic Dome"],"picked":"Philosopher\u0027s Stone"}],"items_purged_floors":[22],"is_endless":false,"potions_floor_spawned":[6,12,21,29,31,44,45,48],"ascension_level":6}