{"gold_per_floor":[144,144,144,189,39,39,84,84,84,129,129,197,197,242,242,542,542,587,105,105,150,195,195,10,10,35,35,35,35,35,80,80,380,380,425,191,236,281,326,326,371,371,371,461,506,506,596,47,47,47],"floor_reached":51,"playtime":3726,"items_purged":[],"score":745,"play_id":"788a7409-cd8c-495d-a382-4355728b9410","local_time":"20180728173527","daily_mods":["Shiny","Midas","Elite Swarm"],"is_ascension_mode":false,"campfire_choices":[{"floor":6,"key":"REST"},{"floor":8,"key":"REST"},{"floor":11,"key":"REST"},{"floor":15,"key":"REST"},{"floor":23,"key":"REST"},{"floor":25,"key":"REST"},{"floor":27,"key":"REST"},{"floor":29,"key":"REST"},{"floor":32,"key":"REST"},{"floor":40,"key":"REST"},{"floor":42,"key":"REST"},{"floor":46,"key":"REST"},{"floor":49,"key":"REST"}],"neow_cost":"","seed_source_timestamp":0,"circlet_count":0,"master_deck":["Multi-Cast","Hyperbeam","Thunder Strike","Biased Cognition","Machine Learning","Electrodynamics","Buffer","Rainbow","Seek","Meteor Strike","Echo Form+1","All For One","Reboot","Amplify","Creative AI","Fission","Core Surge","Ball Lightning","Auto Shields","Gash","Force Field","Defragment","BootSequence","Turbo","Melter","Hello World","Thunder Strike","Turbo","Apotheosis","Sweeping Beam+1","Gash","Reinforced Body+1","Self Repair","Turbo","Defragment","Purity","Madness","Aggregate","Barrage","Go for the Eyes","Seek","Aggregate","Panache","Storm","Conserve Battery+1","Hologram+1","Redo+1","Sweeping Beam+1","Beam Cell+1","Sweeping Beam+1","Amplify","Skim","Force Field+1","Thunder Strike","Ball Lightning","White Noise+1"],"special_seed":17740,"relics":["Cracked Core","Lantern","Dream Catcher","Incense Burner","Sundial","Runic Dome","Vajra","Regal Pillow","Juzu Bracelet","Potion Belt","Enchiridion","Sozu","Cables","Gremlin Horn","Pantograph","Bottled Tornado","Bottled Flame"],"potions_floor_usage":[16,31,33],"damage_taken":[{"damage":0,"enemies":"Jaw Worm","floor":1,"turns":2},{"damage":0,"enemies":"2 Louse","floor":4,"turns":1},{"damage":0,"enemies":"Small Slimes","floor":7,"turns":1},{"damage":0,"enemies":"Exordium Wildlife","floor":10,"turns":3},{"damage":0,"enemies":"Large Slime","floor":14,"turns":4},{"damage":57,"enemies":"Hexaghost","floor":16,"turns":9},{"damage":0,"enemies":"Chosen","floor":18,"turns":4},{"damage":12,"enemies":"Shell Parasite","floor":21,"turns":4},{"damage":7,"enemies":"Snake Plant","floor":22,"turns":4},{"damage":0,"enemies":"Snecko","floor":31,"turns":6},{"damage":14,"enemies":"Champ","floor":33,"turns":16},{"damage":0,"enemies":"Orb Walker","floor":35,"turns":4},{"damage":0,"enemies":"3 Shapes","floor":37,"turns":2},{"damage":0,"enemies":"Spire Growth","floor":38,"turns":4},{"damage":13,"enemies":"3 Darklings","floor":39,"turns":4},{"damage":0,"enemies":"Transient","floor":41,"turns":5},{"damage":0,"enemies":"Giant Head","floor":44,"turns":5},{"damage":18,"enemies":"Sphere and 2 Shapes","floor":45,"turns":4},{"damage":12,"enemies":"2 Orb Walkers","floor":47,"turns":2},{"damage":26,"enemies":"Donu and Deca","floor":50,"turns":6}],"seed_played":"2203350338382633815","potions_obtained":[{"floor":7,"key":"FearPotion"},{"floor":10,"key":"PowerPotion"},{"floor":16,"key":"Energy Potion"},{"floor":18,"key":"Regen Potion"}],"is_trial":false,"path_per_floor":["M","?","?","M","$","R","M","R","T","M","R","?","T","M","R","B",null,"M","$","?","M","M","R","$","R","T","R","?","R","?","M","R","B",null,"M","$","M","M","M","R","M","R","T","E","M","R","E","$","R","B"],"character_chosen":"DEFECT","items_purchased":["Dream Catcher","Apotheosis","Vajra","Regal Pillow","Juzu Bracelet","Self Repair","Panache","Storm","Bottled Tornado","Bottled Flame","Ball Lightning"],"campfire_rested":13,"item_purchase_floors":[5,19,19,19,24,24,36,36,48,48,48],"current_hp_per_floor":[75,63,63,63,63,75,75,75,75,75,75,75,75,75,75,18,75,75,75,61,49,42,80,80,80,80,80,56,80,64,80,80,80,80,80,80,80,80,74,80,80,80,80,80,69,80,68,68,80,54],"gold":47,"neow_bonus":"","is_prod":false,"is_daily":true,"chose_seed":false,"campfire_upgraded":0,"win_rate":0,"timestamp":1532795727,"path_taken":["M","?","?","?","$","R","M","R","T","M","R","?","?","M","R","BOSS","M","$","?","M","?","R","?","R","T","R","?","R","?","M","R","BOSS","M","$","M","M","M","R","M","R","T","E","M","R","E","$","R","BOSS"],"build_version":"2018-07-26","purchased_purges":0,"victory":true,"max_hp_per_floor":[75,75,75,75,75,75,75,75,75,75,75,75,75,75,75,75,75,75,75,80,80,80,80,80,80,80,80,80,80,80,80,80,80,80,80,80,80,80,80,80,80,80,80,80,80,80,80,80,80,80],"card_choices":[{"not_picked":["Barrage","Beam Cell"],"picked":"Ball Lightning","floor":1},{"not_picked":["Ball Lightning","Glacier"],"picked":"Auto Shields","floor":4},{"not_picked":["Cold Snap","Fusion"],"picked":"Gash","floor":6},{"not_picked":["Compile Driver","Steam Power"],"picked":"Force Field","floor":7},{"not_picked":["Hologram","Cold Snap"],"picked":"Defragment","floor":8},{"not_picked":["Beam Cell","Consume"],"picked":"BootSequence","floor":10},{"not_picked":["Scrape","Force Field"],"picked":"Turbo","floor":11},{"not_picked":["Cold Snap","Genetic Algorithm"],"picked":"Melter","floor":14},{"not_picked":["Compile Driver","Barrage"],"picked":"Hello World","floor":15},{"not_picked":["Hyperbeam","Biased Cognition"],"picked":"Thunder Strike","floor":16},{"not_picked":["Stack","Gash"],"picked":"Turbo","floor":18},{"not_picked":["Barrage","Static Discharge+1"],"picked":"Sweeping Beam+1","floor":21},{"not_picked":["Reinforced Body","Rebound"],"picked":"Gash","floor":22},{"not_picked":["Conserve Battery+1","Sweeping Beam"],"picked":"Reinforced Body+1","floor":23},{"not_picked":["Rebound","Creative AI"],"picked":"Turbo","floor":25},{"not_picked":["Stack+1","Redo"],"picked":"Defragment","floor":27},{"not_picked":["Rebound","Conserve Battery"],"picked":"Aggregate","floor":29},{"not_picked":["Steam","FTL"],"picked":"Barrage","floor":31},{"not_picked":["Amplify","White Noise"],"picked":"Go for the Eyes","floor":32},{"not_picked":["Amplify","Echo Form"],"picked":"Seek","floor":33},{"not_picked":["Turbo","Stack+1"],"picked":"Aggregate","floor":35},{"not_picked":["Stack+1","Steam+1"],"picked":"Conserve Battery+1","floor":37},{"not_picked":["Turbo+1","Lockon+1"],"picked":"Hologram+1","floor":38},{"not_picked":["Coolheaded","Auto Shields"],"picked":"Redo+1","floor":39},{"not_picked":["Barrage","Turbo+1"],"picked":"Sweeping Beam+1","floor":40},{"not_picked":["Blizzard+1","Sweeping Beam+1"],"picked":"Beam Cell+1","floor":41},{"not_picked":["Cold Snap+1","Coolheaded+1"],"picked":"Sweeping Beam+1","floor":42},{"not_picked":["Hyperbeam","Echo Form"],"picked":"Amplify","floor":44},{"not_picked":["Cold Snap","Redo"],"picked":"Skim","floor":45},{"not_picked":["Coolheaded+1","Cold Snap"],"picked":"Force Field+1","floor":46},{"not_picked":["Creative AI","Biased Cognition"],"picked":"Thunder Strike","floor":47},{"not_picked":["Ball Lightning","Skim+1"],"picked":"White Noise+1","floor":49}],"player_experience":246095,"relics_obtained":[{"floor":9,"key":"Incense Burner"},{"floor":13,"key":"Sundial"},{"floor":26,"key":"Potion Belt"},{"floor":30,"key":"Enchiridion"},{"floor":43,"key":"Cables"},{"floor":44,"key":"Gremlin Horn"},{"floor":47,"key":"Pantograph"}],"event_choices":[{"event_name":"Scrap Ooze","player_choice":"success","floor":2,"damage_taken":12},{"event_name":"Living Wall","player_choice":"Grow","floor":3,"damage_taken":0},{"event_name":"Golden Wing","player_choice":"Gained Gold","floor":12,"damage_taken":0},{"event_name":"Forgotten Altar","player_choice":"Shed Blood","floor":20,"damage_taken":0},{"event_name":"Knowing Skull","player_choice":"CARD CARD ","floor":28,"damage_taken":0},{"event_name":"Cursed Tome","player_choice":"Obtained Book","floor":30,"damage_taken":0}],"is_beta":false,"boss_relics":[{"not_picked":["Empty Cage","Runic Pyramid"],"picked":"Runic Dome"},{"not_picked":["Orrery","Tiny House"],"picked":"Sozu"}],"items_purged_floors":[],"is_endless":false,"potions_floor_spawned":[7,10,16,18,21,22,35,37,39],"ascension_level":0}