{"gold_per_floor":[117,117,117,130,142,142,170,170,170,170,182,194,211,231,231,330,330,340,357,109,126,142,142,152,152,179,191,202,202,217,249,249,354,354,369,383,393,135,146,146,157,157,157,157,167,167,167,177,177,177],"floor_reached":50,"playtime":3415,"items_purged":[],"score":474,"play_id":"421b5ae3-4a3c-48ae-8cfa-862ae061d594","local_time":"20190227220039","is_ascension_mode":false,"campfire_choices":[{"data":"Armaments","floor":6,"key":"SMITH"},{"data":"Shrug It Off","floor":8,"key":"SMITH"},{"floor":10,"key":"RECALL"},{"data":"Flame Barrier","floor":15,"key":"SMITH"},{"floor":23,"key":"REST"},{"floor":29,"key":"REST"},{"floor":32,"key":"REST"},{"floor":40,"key":"REST"},{"floor":46,"key":"REST"},{"floor":49,"key":"REST"}],"neow_cost":"NONE","seed_source_timestamp":1202628363300723,"circlet_count":0,"master_deck":["Strike_R","Strike_R","Strike_R","Strike_R","Strike_R","Defend_R","Defend_R+1","Defend_R","Defend_R+1","Bash","Flame Barrier+1","Armaments+1","Bash","Shrug It Off+1","Offering","Power Through","Demon Form","Infernal Blade","Pommel Strike","Exhume","Second Wind","Bloodletting+1","Seeing Red+1","Limit Break","Heavy Blade+1","Metallicize+1","Madness","Madness","Madness"],"relics":["Burning Blood","NeowsBlessing","Sundial","Mercury Hourglass","Lizard Tail","Kunai","Potion Belt","Centennial Puzzle","War Paint","Fusion Hammer","Matryoshka","Bag of Preparation","Singing Bowl"],"potions_floor_usage":[7,12,13,18,24,24,28,30,31,45,48],"damage_taken":[{"damage":0,"enemies":"2 Louse","floor":1,"turns":1},{"damage":0,"enemies":"Cultist","floor":4,"turns":1},{"damage":0,"enemies":"Jaw Worm","floor":5,"turns":1},{"damage":13,"enemies":"Lagavulin","floor":7,"turns":8},{"damage":1,"enemies":"Blue Slaver","floor":11,"turns":3},{"damage":6,"enemies":"Looter","floor":12,"turns":2},{"damage":15,"enemies":"Exordium Wildlife","floor":13,"turns":4},{"damage":0,"enemies":"Large Slime","floor":14,"turns":5},{"damage":26,"enemies":"The Guardian","floor":16,"turns":16},{"damage":6,"enemies":"Chosen","floor":18,"turns":5},{"damage":9,"enemies":"3 Byrds","floor":19,"turns":3},{"damage":25,"enemies":"Snake Plant","floor":21,"turns":3},{"damage":6,"enemies":"Snecko","floor":22,"turns":4},{"damage":32,"enemies":"Chosen and Byrds","floor":24,"turns":5},{"damage":27,"enemies":"Centurion and Healer","floor":27,"turns":8},{"damage":32,"enemies":"3 Cultists","floor":28,"turns":6},{"damage":15,"enemies":"Shelled Parasite and Fungi","floor":30,"turns":11},{"damage":33,"enemies":"Slavers","floor":31,"turns":9},{"damage":48,"enemies":"Champ","floor":33,"turns":12},{"damage":0,"enemies":"3 Shapes","floor":35,"turns":4},{"damage":26,"enemies":"3 Darklings","floor":36,"turns":8},{"damage":16,"enemies":"Transient","floor":37,"turns":5},{"damage":18,"enemies":"Writhing Mass","floor":39,"turns":5},{"damage":9,"enemies":"4 Shapes","floor":41,"turns":5},{"damage":20,"enemies":"Spire Growth","floor":45,"turns":6},{"damage":58,"enemies":"Transient","floor":48,"turns":5},{"damage":54,"enemies":"Awakened One","floor":50,"turns":6}],"seed_played":"255555909866392387","potions_obtained":[{"floor":1,"key":"PowerPotion"},{"floor":4,"key":"Energy Potion"},{"floor":12,"key":"FearPotion"},{"floor":13,"key":"SteroidPotion"},{"floor":16,"key":"Block Potion"},{"floor":19,"key":"Fire Potion"},{"floor":21,"key":"GamblersBrew"},{"floor":24,"key":"BloodPotion"},{"floor":28,"key":"Swift Potion"},{"floor":30,"key":"BloodPotion"},{"floor":41,"key":"Dexterity Potion"},{"floor":45,"key":"BloodPotion"}],"is_trial":false,"path_per_floor":["M","$","?","M","M","R","E","R","T","R","M","M","M","M","R","B",null,"M","M","$","M","M","R","M","?","T","M","M","R","M","E","R","B",null,"M","M","M","$","M","R","M","?","T","$","M","R","?","M","R","B"],"character_chosen":"IRONCLAD","items_purchased":["Kunai","Matryoshka"],"campfire_rested":6,"item_purchase_floors":[20,38],"current_hp_per_floor":[80,80,80,80,80,80,73,73,73,73,78,78,69,75,75,55,80,80,77,77,58,58,80,54,54,54,33,7,31,22,46,70,28,80,80,60,50,50,38,62,59,59,59,59,47,71,61,19,44,0],"gold":177,"neow_bonus":"THREE_ENEMY_KILL","is_prod":false,"is_daily":false,"chose_seed":false,"campfire_upgraded":3,"win_rate":0,"timestamp":1551317439,"path_taken":["M","$","?","M","M","R","E","R","T","R","M","M","M","M","R","BOSS","M","M","$","M","M","R","M","?","T","M","M","R","M","E","R","BOSS","M","?","M","$","M","R","M","?","T","$","M","R","?","M","R","BOSS"],"build_version":"2019-02-06","purchased_purges":0,"victory":false,"max_hp_per_floor":[80,80,80,80,80,80,80,80,80,80,80,80,80,80,80,80,80,80,80,80,80,80,80,80,80,80,80,80,80,80,80,80,80,80,80,80,80,80,80,80,80,80,80,80,82,82,82,84,84,84],"card_choices":[{"not_picked":["Uppercut","Cleave"],"picked":"Flame Barrier","floor":1},{"not_picked":["Twin Strike","Metallicize"],"picked":"Shrug It Off","floor":4},{"not_picked":["Havoc","Pummel","Armaments"],"picked":"SKIP","floor":5},{"not_picked":["Sever Soul","Dark Embrace"],"picked":"Offering","floor":7},{"not_picked":["Twin Strike","Iron Wave","Warcry"],"picked":"SKIP","floor":11},{"not_picked":["Thunderclap","True Grit"],"picked":"Power Through","floor":12},{"not_picked":["Clash","Anger","Shrug It Off"],"picked":"SKIP","floor":13},{"not_picked":["Heavy Blade","Perfected Strike","Twin Strike"],"picked":"SKIP","floor":14},{"not_picked":["Fiend Fire","Barricade"],"picked":"Demon Form","floor":16},{"not_picked":["Iron Wave","Corruption+1","Burning Pact"],"picked":"SKIP","floor":18},{"not_picked":["Anger","Havoc"],"picked":"Infernal Blade","floor":19},{"not_picked":["Second Wind+1","Infernal Blade"],"picked":"Pommel Strike","floor":21},{"not_picked":["Sentinel","Armaments"],"picked":"Exhume","floor":22},{"not_picked":["Anger+1","Havoc","Shrug It Off"],"picked":"SKIP","floor":24},{"not_picked":["Twin Strike+1","Rampage","Flex"],"picked":"SKIP","floor":27},{"not_picked":["Shockwave","Perfected Strike"],"picked":"Second Wind","floor":28},{"not_picked":["Clothesline","Uppercut"],"picked":"Bloodletting+1","floor":30},{"not_picked":["Hemokinesis+1","Whirlwind"],"picked":"Seeing Red+1","floor":31},{"not_picked":["Immolate","Reaper"],"picked":"Limit Break","floor":33},{"not_picked":["Iron Wave+1","Headbutt+1","Wild Strike+1"],"picked":"SKIP","floor":35},{"not_picked":["Havoc+1","Corruption"],"picked":"Heavy Blade+1","floor":36},{"not_picked":["Iron Wave+1","Barricade"],"picked":"Metallicize+1","floor":37},{"not_picked":["Heavy Blade","Perfected Strike+1","Iron Wave"],"picked":"SKIP","floor":39},{"not_picked":["Armaments+1","Blood for Blood+1","Whirlwind"],"picked":"SKIP","floor":41},{"not_picked":["Sadistic Nature","Dark Shackles"],"picked":"Madness","floor":42},{"not_picked":["Shrug It Off","Cleave","Dual Wield+1"],"picked":"Singing Bowl","floor":45},{"not_picked":["Flex+1","Warcry","Shrug It Off+1"],"picked":"Singing Bowl","floor":48}],"player_experience":661514,"relics_obtained":[{"floor":7,"key":"Sundial"},{"floor":9,"key":"Mercury Hourglass"},{"floor":26,"key":"Centennial Puzzle"},{"floor":31,"key":"War Paint"},{"floor":43,"key":"Bag of Preparation"},{"floor":43,"key":"Singing Bowl"}],"event_choices":[{"damage_healed":0,"gold_gain":0,"player_choice":"2 cards matched","damage_taken":0,"max_hp_gain":0,"max_hp_loss":0,"event_name":"Match and Keep!","floor":3,"gold_loss":0,"cards_obtained":["Armaments","Bash"]},{"damage_healed":0,"gold_gain":0,"player_choice":"Gave Potion","damage_taken":0,"relics_obtained":["Potion Belt"],"max_hp_gain":0,"max_hp_loss":0,"event_name":"WeMeetAgain","floor":25,"gold_loss":0},{"damage_healed":0,"gold_gain":0,"player_choice":"Memory 1","damage_taken":0,"max_hp_gain":0,"max_hp_loss":0,"event_name":"SensoryStone","floor":42,"gold_loss":0},{"damage_healed":0,"gold_gain":0,"player_choice":"Embrace Madness","damage_taken":10,"max_hp_gain":0,"max_hp_loss":0,"event_name":"Winding Halls","floor":47,"gold_loss":0,"cards_obtained":["Madness","Madness"]}],"is_beta":true,"boss_relics":[{"not_picked":["Empty Cage","Runic Pyramid"],"picked":"Lizard Tail"},{"not_picked":["Black Blood","Sozu"],"picked":"Fusion Hammer"}],"items_purged_floors":[],"is_endless":false,"potions_floor_spawned":[1,4,12,13,16,19,21,24,28,30,41,45],"killed_by":"Awakened One","ascension_level":0}