{"gold_per_floor":[118,137,35,35,35,66,66,82,130,130,31,31,48,60,60,161,161,173,185,185,203,163,163,181,200,200,217,217,217],"floor_reached":29,"playtime":1549,"items_purged":[],"score":227,"play_id":"7df83088-0798-4a05-bfb6-e0b887730e14","local_time":"20181124173907","is_ascension_mode":false,"campfire_choices":[{"data":"Inflame","floor":7,"key":"SMITH"},{"data":"Armaments","floor":10,"key":"SMITH"},{"data":"Juggernaut","floor":15,"key":"SMITH"},{"data":"Flex","floor":23,"key":"SMITH"}],"neow_cost":"NONE","seed_source_timestamp":1050026628384824,"circlet_count":0,"master_deck":["Strike_R+1","Strike_R+1","Strike_R+1","Strike_R+1","Strike_R+1","Defend_R+1","Defend_R+1","Defend_R+1","Defend_R+1","Bash","Reaper","Sword Boomerang","Thunderclap","Inflame+1","Flex","Armaments+1","Disarm","Shrug It Off","Seeing Red","Juggernaut+1","Bash","Flex","Whirlwind","Demon Form+1","Feel No Pain","Flex+1","Seeing Red","Headbutt","Whirlwind+1","Pommel Strike"],"relics":["Black Blood","Bag of Marbles","Ancient Tea Set","Bottled Lightning"],"potions_floor_usage":[24],"damage_taken":[{"damage":0,"enemies":"2 Louse","floor":1,"turns":3},{"damage":8,"enemies":"Jaw Worm","floor":2,"turns":4},{"damage":42,"enemies":"3 Sentries","floor":6,"turns":8},{"damage":7,"enemies":"Small Slimes","floor":8,"turns":2},{"damage":10,"enemies":"Looter","floor":13,"turns":4},{"damage":5,"enemies":"Red Slaver","floor":14,"turns":3},{"damage":27,"enemies":"The Guardian","floor":16,"turns":13},{"damage":31,"enemies":"Spheric Guardian","floor":18,"turns":6},{"damage":6,"enemies":"Chosen","floor":19,"turns":5},{"damage":25,"enemies":"Snecko","floor":21,"turns":5},{"damage":27,"enemies":"Chosen and Byrds","floor":24,"turns":6},{"damage":24,"enemies":"Snake Plant","floor":25,"turns":5},{"damage":40,"enemies":"Centurion and Healer","floor":27,"turns":9},{"damage":25,"enemies":"Chosen and Byrds","floor":29,"turns":6}],"seed_played":"8173669848499405973","potions_obtained":[{"floor":1,"key":"Poison Potion"},{"floor":2,"key":"Swift Potion"},{"floor":6,"key":"Poison Potion"},{"floor":24,"key":"Energy Potion"}],"is_trial":false,"path_per_floor":["M","M","$","?","?","E","R","M","T","R","$","?","M","M","R","B",null,"M","M","$","M","?","R","M","M","T","M","?","M"],"character_chosen":"IRONCLAD","items_purchased":["Inflame","Flex","Shrug It Off","Seeing Red"],"campfire_rested":0,"item_purchase_floors":[3,3,11,11],"current_hp_per_floor":[80,79,79,79,84,49,49,48,48,48,48,48,51,52,52,40,85,64,68,68,53,53,53,49,35,35,19,19,0],"gold":217,"neow_bonus":"ONE_RANDOM_RARE_CARD","is_prod":false,"is_daily":false,"chose_seed":false,"campfire_upgraded":4,"win_rate":0,"timestamp":1543081147,"path_taken":["M","M","$","?","?","E","R","M","T","R","$","?","M","M","R","BOSS","M","?","$","M","?","R","M","M","T","?","?","M"],"build_version":"2018-11-15","purchased_purges":0,"victory":false,"max_hp_per_floor":[80,80,80,80,85,85,85,85,85,85,85,85,85,85,85,85,85,85,85,85,85,85,85,85,85,85,85,85,85],"card_choices":[{"not_picked":["Burning Pact","Wild Strike"],"picked":"Sword Boomerang","floor":1},{"not_picked":["Sentinel","Entrench"],"picked":"Thunderclap","floor":2},{"not_picked":["Cleave","Iron Wave"],"picked":"Armaments","floor":6},{"not_picked":["Blood for Blood","Metallicize"],"picked":"Disarm","floor":8},{"not_picked":["Exhume","Anger"],"picked":"Flex","floor":13},{"not_picked":["Havoc","Wild Strike"],"picked":"Whirlwind","floor":14},{"not_picked":["Juggernaut","Barricade"],"picked":"Demon Form","floor":16},{"not_picked":["Warcry","Clash+1"],"picked":"Feel No Pain","floor":18},{"not_picked":["True Grit","Havoc"],"picked":"Flex","floor":19},{"not_picked":["Rampage","Thunderclap"],"picked":"Seeing Red","floor":21},{"not_picked":["Clash+1","Carnage"],"picked":"Headbutt","floor":24},{"not_picked":["Clothesline","Carnage"],"picked":"Whirlwind+1","floor":25},{"not_picked":["Combust","Intimidate"],"picked":"Pommel Strike","floor":27}],"player_experience":749171,"relics_obtained":[{"floor":6,"key":"Bag of Marbles"},{"floor":9,"key":"Ancient Tea Set"},{"floor":26,"key":"Bottled Lightning"}],"event_choices":[{"damage_healed":0,"gold_gain":0,"player_choice":"Ignored","damage_taken":0,"max_hp_gain":0,"max_hp_loss":0,"event_name":"Golden Idol","floor":4,"gold_loss":0},{"damage_healed":0,"gold_gain":0,"player_choice":"Donut","damage_taken":0,"max_hp_gain":5,"max_hp_loss":0,"event_name":"Big Fish","floor":5,"gold_loss":0},{"damage_healed":0,"gold_gain":0,"player_choice":"2 cards matched","damage_taken":0,"max_hp_gain":0,"max_hp_loss":0,"event_name":"Match and Keep!","floor":12,"gold_loss":0,"cards_obtained":["Juggernaut","Bash"]},{"damage_healed":0,"gold_gain":0,"player_choice":"Upgrade","damage_taken":0,"max_hp_gain":0,"max_hp_loss":0,"event_name":"Designer","floor":22,"gold_loss":40,"cards_upgraded":["Demon Form"]},{"damage_healed":0,"gold_gain":0,"player_choice":"Simplicity","damage_taken":0,"max_hp_gain":0,"max_hp_loss":0,"event_name":"Back to Basics","floor":28,"gold_loss":0,"cards_upgraded":["Strike_R","Strike_R","Strike_R","Strike_R","Strike_R","Defend_R","Defend_R","Defend_R","Defend_R"]}],"is_beta":false,"boss_relics":[{"not_picked":["Philosopher\u0027s Stone","Fusion Hammer"],"picked":"Black Blood"}],"items_purged_floors":[],"is_endless":false,"potions_floor_spawned":[1,2,6,8,21,24,25],"killed_by":"Chosen and Byrds","ascension_level":0}