{"gold_per_floor":[117,117,117,117,137,137,156,169,169,185,185,50,50,65,65,162,162,180,180,13,65,80,80,100,100,100,110,209,243,243,55,55,154,154,167,35,35,35,50,50,75,75,75,95,115,115,115,129,129,129],"floor_reached":50,"playtime":2413,"items_purged":["Pain"],"score":505,"play_id":"9b4b73b9-7f91-484f-90c8-80d20e8a586c","local_time":"20190125214837","is_ascension_mode":false,"campfire_choices":[{"data":"Bash","floor":6,"key":"SMITH"},{"data":"Iron Wave","floor":11,"key":"SMITH"},{"floor":15,"key":"RECALL"},{"floor":23,"key":"REST"},{"floor":30,"key":"REST"},{"floor":32,"key":"REST"},{"floor":40,"key":"REST"},{"floor":47,"key":"REST"},{"floor":49,"key":"REST"}],"neow_cost":"NONE","seed_source_timestamp":4931627004758631,"circlet_count":0,"master_deck":["Strike_R","Strike_R","Strike_R","Strike_R","Defend_R","Defend_R","Defend_R","Bash+1","Twin Strike+1","Ghostly Armor+1","Ghostly Armor+1","Iron Wave+1","Sentinel+1","Whirlwind","Flex+1","Shrug It Off+1","Shrug It Off+1","Demon Form+1","Inflame+1","Disarm+1","Madness+1","Pummel+1","Heavy Blade","Writhe","Infernal Blade+1","Thunderclap","Flex+1","Madness+1","Feed","Rupture+1","Bloodletting+1","Dramatic Entrance","Disarm+1","Rage+1","Dropkick","Dark Shackles+1","Feel No Pain"],"relics":["Burning Blood","Toxic Egg 2","Self Forming Clay","Fusion Hammer","WarpedTongs","Boot","Dodecahedron","Matryoshka","Juzu Bracelet","Philosopher\u0027s Stone","Ice Cream","Blue Candle"],"potions_floor_usage":[16,16,16,29,50,50],"damage_taken":[{"damage":2,"enemies":"2 Louse","floor":1,"turns":3},{"damage":0,"enemies":"Cultist","floor":5,"turns":2},{"damage":5,"enemies":"Small Slimes","floor":7,"turns":3},{"damage":0,"enemies":"Looter","floor":8,"turns":3},{"damage":0,"enemies":"Large Slime","floor":10,"turns":7},{"damage":1,"enemies":"Red Slaver","floor":14,"turns":3},{"damage":81,"enemies":"Hexaghost","floor":16,"turns":21},{"damage":9,"enemies":"Spheric Guardian","floor":18,"turns":5},{"damage":4,"enemies":"3 Byrds","floor":22,"turns":5},{"damage":7,"enemies":"Snake Plant","floor":24,"turns":5},{"damage":5,"enemies":"Centurion and Healer","floor":27,"turns":6},{"damage":29,"enemies":"Slavers","floor":29,"turns":6},{"damage":33,"enemies":"Automaton","floor":33,"turns":8},{"damage":0,"enemies":"Orb Walker","floor":35,"turns":3},{"damage":23,"enemies":"3 Darklings","floor":39,"turns":5},{"damage":51,"enemies":"Nemesis","floor":41,"turns":5},{"damage":10,"enemies":"4 Shapes","floor":44,"turns":12},{"damage":0,"enemies":"Jaw Worm Horde","floor":45,"turns":2},{"damage":29,"enemies":"Writhing Mass","floor":48,"turns":6},{"damage":95,"enemies":"Donu and Deca","floor":50,"turns":6}],"seed_played":"-5423878947613499919","potions_obtained":[{"floor":7,"key":"SkillPotion"},{"floor":10,"key":"SpeedPotion"},{"floor":14,"key":"Strength Potion"},{"floor":27,"key":"FearPotion"},{"floor":29,"key":"EssenceOfSteel"},{"floor":33,"key":"SteroidPotion"},{"floor":41,"key":"EssenceOfSteel"}],"is_trial":false,"path_per_floor":["M","?","?","?","M","R","M","M","T","M","R","$","$","M","R","B",null,"M","?","$","T","M","R","M","?","T","M","?","E","R","$","R","B",null,"M","$","?","$","M","R","E","?","T","M","M","?","R","M","R","B"],"character_chosen":"IRONCLAD","items_purchased":["Whirlwind","Flex+1","Shrug It Off+1","Disarm+1","Madness+1","Flex+1","Madness+1","Bloodletting+1","Dramatic Entrance"],"campfire_rested":6,"item_purchase_floors":[12,12,12,20,20,31,31,36,36],"current_hp_per_floor":[80,64,69,69,75,75,76,82,82,85,85,85,85,85,85,10,85,82,82,82,82,84,85,84,84,84,85,85,62,85,85,85,58,85,88,88,88,88,71,88,43,43,43,43,49,49,76,53,80,0],"gold":129,"neow_bonus":"TRANSFORM_CARD","is_prod":false,"is_daily":false,"chose_seed":false,"campfire_upgraded":2,"win_rate":0,"timestamp":1548452917,"path_taken":["M","?","?","?","M","R","M","M","T","?","R","?","$","M","R","BOSS","M","?","$","?","M","R","?","?","T","M","?","E","R","$","R","BOSS","M","$","?","$","M","R","E","?","T","M","M","?","R","M","R","BOSS"],"build_version":"2019-01-23","purchased_purges":1,"victory":false,"max_hp_per_floor":[80,80,85,85,85,85,85,85,85,85,85,85,85,85,85,85,85,85,85,85,85,85,85,85,85,85,85,85,85,85,85,85,85,85,88,88,88,88,88,88,88,88,88,92,92,92,92,92,92,92],"card_choices":[{"not_picked":["Armaments","Clothesline"],"picked":"Twin Strike","floor":1},{"not_picked":["Headbutt","Heavy Blade"],"picked":"Ghostly Armor+1","floor":5},{"not_picked":["Clothesline","Heavy Blade"],"picked":"Ghostly Armor+1","floor":7},{"not_picked":["Sever Soul","Blood for Blood"],"picked":"Iron Wave","floor":8},{"not_picked":["Flex+1","Shrug It Off+1"],"picked":"Sentinel+1","floor":10},{"not_picked":["Battle Trance+1","Rampage"],"picked":"Shrug It Off+1","floor":14},{"not_picked":["Immolate","Juggernaut"],"picked":"Demon Form","floor":16},{"not_picked":["Warcry+1","Flex+1"],"picked":"Inflame+1","floor":18},{"not_picked":["Clash","Anger"],"picked":"Pummel+1","floor":22},{"not_picked":["Ghostly Armor+1","Perfected Strike"],"picked":"Heavy Blade","floor":24},{"not_picked":["Anger+1","Cleave"],"picked":"Infernal Blade+1","floor":27},{"not_picked":["Rampage","Power Through+1"],"picked":"Thunderclap","floor":29},{"not_picked":["Dark Embrace","Brutality"],"picked":"Feed","floor":33},{"not_picked":["Shrug It Off+1","Evolve"],"picked":"Rupture+1","floor":35},{"not_picked":["Armaments+1","Reckless Charge+1","Sever Soul+1"],"picked":"SKIP","floor":39},{"not_picked":["Inflame+1","Anger"],"picked":"Disarm+1","floor":41},{"not_picked":["Blood for Blood","Cleave"],"picked":"Rage+1","floor":44},{"not_picked":["Thunderclap+1","Ghostly Armor+1"],"picked":"Dropkick","floor":45},{"not_picked":["Impatience+1","Forethought+1"],"picked":"Dark Shackles+1","floor":46},{"not_picked":["Armaments+1","Cleave"],"picked":"Feel No Pain","floor":48}],"player_experience":927975,"relics_obtained":[{"floor":9,"key":"Self Forming Clay"},{"floor":21,"key":"Boot"},{"floor":26,"key":"Matryoshka"},{"floor":29,"key":"Juzu Bracelet"},{"floor":41,"key":"Ice Cream"},{"floor":43,"key":"Blue Candle"}],"event_choices":[{"damage_healed":0,"gold_gain":0,"player_choice":"Entered Light","damage_taken":16,"max_hp_gain":0,"max_hp_loss":0,"event_name":"Shining Light","floor":2,"gold_loss":0,"cards_upgraded":["Defend_R","Twin Strike"]},{"damage_healed":0,"gold_gain":0,"player_choice":"Donut","damage_taken":0,"max_hp_gain":5,"max_hp_loss":0,"event_name":"Big Fish","floor":3,"gold_loss":0},{"cards_removed":["Sever Soul"],"damage_healed":0,"gold_gain":0,"player_choice":"Gave Card","damage_taken":0,"relics_obtained":["Toxic Egg 2"],"max_hp_gain":0,"max_hp_loss":0,"event_name":"WeMeetAgain","floor":4,"gold_loss":0},{"damage_healed":0,"gold_gain":0,"player_choice":"Rummage","damage_taken":0,"relics_obtained":["WarpedTongs"],"max_hp_gain":0,"max_hp_loss":0,"event_name":"Accursed Blacksmith","floor":19,"gold_loss":0,"cards_obtained":["Pain"]},{"damage_healed":0,"gold_gain":0,"player_choice":"Opened","damage_taken":0,"relics_obtained":["Dodecahedron"],"max_hp_gain":0,"max_hp_loss":0,"event_name":"The Mausoleum","floor":25,"gold_loss":0,"cards_obtained":["Writhe"]},{"damage_healed":0,"gold_gain":99,"player_choice":"Stole From Cult","damage_taken":0,"max_hp_gain":0,"max_hp_loss":0,"event_name":"Nest","floor":28,"gold_loss":0},{"cards_removed":["Defend_R"],"damage_healed":0,"gold_gain":0,"player_choice":"Removed Skill","damage_taken":0,"max_hp_gain":0,"max_hp_loss":0,"event_name":"Falling","floor":37,"gold_loss":0},{"damage_healed":0,"gold_gain":0,"player_choice":"Upgraded","damage_taken":0,"max_hp_gain":0,"max_hp_loss":0,"event_name":"Upgrade Shrine","floor":42,"gold_loss":0,"cards_upgraded":["Demon Form"]},{"damage_healed":0,"gold_gain":0,"player_choice":"Memory 1","damage_taken":0,"max_hp_gain":0,"max_hp_loss":0,"event_name":"SensoryStone","floor":46,"gold_loss":0}],"is_beta":false,"boss_relics":[{"not_picked":["Ectoplasm","Tiny House"],"picked":"Fusion Hammer"},{"not_picked":["Runic Cube","White Beast Statue"],"picked":"Philosopher\u0027s Stone"}],"items_purged_floors":[31],"is_endless":false,"potions_floor_spawned":[7,10,14,27,29,33,41,44,48],"killed_by":"Donu and Deca","ascension_level":0}