{"gold_per_floor":[14,27,39,57,57,89,89,99,149,149,162,162,174,174,174,270,270,287,287,3,15,25,25,25],"floor_reached":24,"playtime":1018,"items_purged":["Strike_B"],"score":200,"play_id":"7e486c76-7af0-4559-81d0-c0ae5bc2b335","local_time":"20190210091446","is_ascension_mode":false,"campfire_choices":[{"data":"Streamline","floor":7,"key":"SMITH"},{"data":"Sweeping Beam","floor":10,"key":"SMITH"},{"data":"Auto Shields","floor":12,"key":"SMITH"},{"floor":15,"key":"REST"},{"data":"Echo Form","floor":23,"key":"SMITH"}],"neow_cost":"NO_GOLD","seed_source_timestamp":323148932794206,"circlet_count":0,"master_deck":["Strike_B","Strike_B","Strike_B","Defend_B","Defend_B","Defend_B","Defend_B","Zap","Dualcast","Machine Learning","Streamline+1","Sweeping Beam+1","Auto Shields+1","Coolheaded","Consume+1","Echo Form+1","Leap+1"],"relics":["Cracked Core","Meat on the Bone","Busted Crown","ClockworkSouvenir"],"potions_floor_usage":[6,16,16,24],"damage_taken":[{"damage":5,"enemies":"Small Slimes","floor":1,"turns":2},{"damage":4,"enemies":"Cultist","floor":2,"turns":4},{"damage":3,"enemies":"Jaw Worm","floor":3,"turns":3},{"damage":6,"enemies":"2 Fungi Beasts","floor":4,"turns":5},{"damage":25,"enemies":"3 Sentries","floor":6,"turns":10},{"damage":0,"enemies":"Gremlin Gang","floor":8,"turns":4},{"damage":0,"enemies":"Blue Slaver","floor":11,"turns":4},{"damage":0,"enemies":"2 Fungi Beasts","floor":13,"turns":3},{"damage":37,"enemies":"Slime Boss","floor":16,"turns":8},{"damage":23,"enemies":"2 Thieves","floor":18,"turns":5},{"damage":5,"enemies":"Spheric Guardian","floor":21,"turns":5},{"damage":19,"enemies":"Snake Plant","floor":22,"turns":4},{"damage":41,"enemies":"Chosen and Byrds","floor":24,"turns":8}],"seed_played":"5897843832314465852","potions_obtained":[{"floor":2,"key":"Regen Potion"},{"floor":4,"key":"PowerPotion"},{"floor":5,"key":"EssenceOfSteel"},{"floor":13,"key":"Strength Potion"},{"floor":21,"key":"Ancient Potion"},{"floor":22,"key":"SneckoOil"}],"is_trial":false,"path_per_floor":["M","M","M","M","?","E","R","M","T","R","M","R","M","?","R","B",null,"M","?","$","M","M","R","M"],"character_chosen":"DEFECT","items_purchased":["ClockworkSouvenir"],"campfire_rested":1,"item_purchase_floors":[20],"current_hp_per_floor":[70,66,63,57,57,47,47,47,47,47,47,47,47,47,69,44,75,52,52,52,47,40,40,0],"gold":25,"neow_bonus":"THREE_RARE_CARDS","is_prod":false,"is_daily":false,"chose_seed":false,"campfire_upgraded":4,"win_rate":0,"timestamp":1549811686,"path_taken":["M","M","M","M","?","E","R","M","T","R","M","R","?","?","R","BOSS","M","?","$","?","M","R","M"],"build_version":"2019-01-23","purchased_purges":1,"victory":false,"max_hp_per_floor":[75,75,75,75,75,75,75,75,75,75,75,75,75,75,75,75,75,75,75,75,75,75,75,75],"card_choices":[{"not_picked":["Reboot","All For One"],"picked":"Machine Learning","floor":0},{"not_picked":["Gash","Leap"],"picked":"Streamline","floor":1},{"not_picked":["Reprogram","Storm"],"picked":"Sweeping Beam","floor":2},{"not_picked":["White Noise","Lockon","Redo"],"picked":"SKIP","floor":3},{"not_picked":["FTL","Turbo"],"picked":"Auto Shields","floor":4},{"not_picked":["Sweeping Beam","Skim"],"picked":"Coolheaded","floor":6},{"not_picked":["Beam Cell","Streamline","Stack"],"picked":"SKIP","floor":8},{"not_picked":["Rebound","Blizzard","Sweeping Beam"],"picked":"SKIP","floor":11},{"not_picked":["Auto Shields","Static Discharge"],"picked":"Consume","floor":13},{"not_picked":["Multi-Cast","Buffer"],"picked":"Echo Form","floor":16},{"not_picked":["Hello World"],"picked":"SKIP","floor":18},{"not_picked":[],"picked":"Leap+1","floor":21},{"not_picked":["Rebound"],"picked":"SKIP","floor":22}],"player_experience":762850,"relics_obtained":[{"floor":6,"key":"Meat on the Bone"}],"event_choices":[{"damage_healed":0,"gold_gain":0,"player_choice":"Got Potions","damage_taken":0,"max_hp_gain":0,"max_hp_loss":0,"event_name":"Lab","floor":5,"gold_loss":0},{"damage_healed":0,"gold_gain":0,"player_choice":"Grow","damage_taken":0,"max_hp_gain":0,"max_hp_loss":0,"event_name":"Living Wall","floor":14,"gold_loss":0,"cards_upgraded":["Consume"]},{"damage_healed":0,"gold_gain":0,"player_choice":"Ignored","damage_taken":0,"max_hp_gain":0,"max_hp_loss":0,"event_name":"NoteForYourself","floor":19,"gold_loss":0}],"is_beta":false,"boss_relics":[{"not_picked":["Black Star","Ectoplasm"],"picked":"Busted Crown"}],"items_purged_floors":[20],"is_endless":false,"potions_floor_spawned":[2,4,13,21,22],"killed_by":"Chosen and Byrds","ascension_level":0}