{"gold_per_floor":[114,129,129,9,24,54,54,84,84,84,99,99,99,129,129,229,229,244,343,358,373,23,53,53,83,83,83,10,25,40,70,70,170,170,185,200,215,215,230,260,272,284,351,363,375,53,0,0,0,0],"floor_reached":50,"playtime":3933,"items_purged":[],"score":708,"play_id":"469188ec-8453-4a49-ad74-36da13e4cd97","local_time":"20180922100741","daily_mods":["Brewmaster","Elite Swarm","Uncertain Future"],"is_ascension_mode":false,"campfire_choices":[{"data":"Berserk","floor":10,"key":"SMITH"},{"data":"Inflame","floor":12,"key":"SMITH"},{"data":"Heavy Blade","floor":15,"key":"SMITH"},{"floor":24,"key":"REST"},{"floor":27,"key":"REST"},{"data":"Seeing Red","floor":32,"key":"SMITH"},{"data":"Armaments","floor":41,"key":"SMITH"},{"data":"Fiend Fire","floor":44,"key":"SMITH"},{"data":"Double Tap","floor":49,"key":"SMITH"}],"neow_cost":"","seed_source_timestamp":0,"circlet_count":0,"master_deck":["Strike_R+1","Strike_R","Strike_R+1","Strike_R+1","Strike_R+1","Defend_R+1","Defend_R","Defend_R","Defend_R","Bash","Venomology","Venomology","Venomology","Venomology","Venomology","Heavy Blade+1","Seeing Red+1","Inflame+1","Shrug It Off","Pummel","Reaper","Berserk+1","Ghostly Armor","Double Tap","Juggernaut","Infernal Blade","Burning Pact","Inflame+1","Demon Form+1","Fiend Fire+1","Metallicize","Shrug It Off+1","Whirlwind","Spot Weakness","Juggernaut","Double Tap+1","Sentinel+1","Armaments+1","Flame Barrier","Heavy Blade+1","Impervious","Shrug It Off","Burning Pact"],"special_seed":17796,"relics":["Burning Blood","White Beast Statue","Happy Flower","FossilizedHelix","Ginger","Ornamental Fan","Black Star","HandDrill","Anchor","The Courier","Pantograph","PreservedInsect","Bag of Marbles","Bronze Scales","Pen Nib","Oddly Smooth Stone","Coffee Dripper","MawBank","Whetstone","Tiny Chest","Blood Vial","War Paint","Red Mask","Meat on the Bone"],"potions_floor_usage":[1,2,5,6,6,6,7,8,8,8,8,11,14,14,14,14,14,14,14,16,16,18,18,18,18,20,20,20,20,20,20,20,21,21,23,23,25,25,25,25,29,29,29,29,30,30,30,30,31,31,33,33,33,33,33,33,35,35,35,36,36,37,37,37,37,39,40,40,40,40,40,42,42,45,50],"damage_taken":[{"damage":0,"enemies":"Small Slimes","floor":1,"turns":5},{"damage":2,"enemies":"2 Louse","floor":2,"turns":2},{"damage":0,"enemies":"Cultist","floor":5,"turns":2},{"damage":18,"enemies":"Gremlin Nob","floor":6,"turns":4},{"damage":0,"enemies":"Red Slaver","floor":7,"turns":1},{"damage":14,"enemies":"3 Sentries","floor":8,"turns":5},{"damage":0,"enemies":"Looter","floor":11,"turns":2},{"damage":0,"enemies":"Lagavulin","floor":14,"turns":7},{"damage":44,"enemies":"The Guardian","floor":16,"turns":12},{"damage":10,"enemies":"2 Thieves","floor":18,"turns":3},{"damage":20,"enemies":"Spheric Guardian","floor":20,"turns":4},{"damage":40,"enemies":"3 Cultists","floor":21,"turns":7},{"damage":50,"enemies":"Gremlin Leader","floor":23,"turns":7},{"damage":49,"enemies":"Slavers","floor":25,"turns":7},{"damage":0,"enemies":"Centurion and Healer","floor":29,"turns":7},{"damage":9,"enemies":"Shelled Parasite and Fungi","floor":30,"turns":5},{"damage":32,"enemies":"Book of Stabbing","floor":31,"turns":5},{"damage":80,"enemies":"Collector","floor":33,"turns":10},{"damage":22,"enemies":"Orb Walker","floor":35,"turns":4},{"damage":27,"enemies":"3 Darklings","floor":36,"turns":5},{"damage":51,"enemies":"Spire Growth","floor":37,"turns":5},{"damage":10,"enemies":"Sphere and 2 Shapes","floor":39,"turns":5},{"damage":17,"enemies":"Giant Head","floor":40,"turns":6},{"damage":0,"enemies":"Nemesis","floor":42,"turns":3},{"damage":0,"enemies":"Giant Head","floor":45,"turns":1},{"damage":96,"enemies":"Awakened One","floor":50,"turns":5}],"seed_played":"3287130768063123955","potions_obtained":[{"floor":1,"key":"AttackPotion"},{"floor":2,"key":"GamblersBrew"},{"floor":5,"key":"Dexterity Potion"},{"floor":8,"key":"Fire Potion"},{"floor":11,"key":"PowerPotion"},{"floor":14,"key":"LiquidBronze"},{"floor":20,"key":"Dexterity Potion"},{"floor":21,"key":"Weak Potion"},{"floor":23,"key":"LiquidBronze"},{"floor":25,"key":"Regen Potion"},{"floor":29,"key":"Weak Potion"},{"floor":30,"key":"AttackPotion"},{"floor":33,"key":"Block Potion"},{"floor":35,"key":"LiquidBronze"},{"floor":36,"key":"AttackPotion"},{"floor":37,"key":"Strength Potion"},{"floor":40,"key":"SmokeBomb"}],"is_trial":false,"path_per_floor":["M","M","?","$","M","E","M","E","T","R","M","R","$","E","R","B",null,"M","?","M","M","$","E","R","E","T","R","$","M","M","E","R","B",null,"M","M","M","?","M","E","R","E","T","R","E","$","?","T","R"],"character_chosen":"IRONCLAD","items_purchased":["Inflame","Shrug It Off","HandDrill","Anchor","Metallicize","Shrug It Off","Blood Vial","War Paint","Shrug It Off","Burning Pact"],"campfire_rested":2,"item_purchase_floors":[4,4,22,22,28,28,46,46,46,46],"current_hp_per_floor":[80,80,64,64,70,58,64,73,73,73,80,80,80,80,80,52,80,76,76,66,46,46,32,56,23,23,47,47,68,65,57,57,18,80,64,43,14,14,10,7,7,13,13,13,19,19,19,19,19,0],"gold":0,"neow_bonus":"","is_prod":false,"is_daily":true,"chose_seed":false,"campfire_upgraded":7,"win_rate":0,"timestamp":1537607261,"path_taken":["M","M","?","$","M","E","?","E","T","R","M","R","?","E","R","BOSS","M","?","M","M","?","E","R","E","T","R","$","M","?","E","R","BOSS","M","M","M","?","M","E","R","E","T","R","E","$","?","?","R","BOSS"],"build_version":"2018-09-20","purchased_purges":0,"victory":false,"max_hp_per_floor":[80,80,80,80,80,80,80,80,80,80,80,80,80,80,80,80,80,80,80,80,80,80,80,80,80,80,80,80,80,80,80,80,80,80,80,80,80,80,80,80,80,80,80,80,80,80,80,80,80,80],"card_choices":[{"not_picked":["Armaments","Carnage"],"picked":"Heavy Blade","floor":1},{"not_picked":["Blood for Blood","Dropkick"],"picked":"Seeing Red","floor":2},{"not_picked":["Hemokinesis","Clash"],"picked":"Pummel","floor":5},{"not_picked":["Dark Embrace","Double Tap"],"picked":"Reaper","floor":6},{"not_picked":["Exhume","Immolate"],"picked":"Berserk","floor":8},{"not_picked":["Pommel Strike","Twin Strike"],"picked":"Ghostly Armor","floor":11},{"not_picked":["Brutality","Exhume"],"picked":"Double Tap","floor":14},{"not_picked":["Brutality","Bludgeon"],"picked":"Juggernaut","floor":16},{"not_picked":["Entrench","Corruption"],"picked":"Infernal Blade","floor":18},{"not_picked":["True Grit+1","Clothesline"],"picked":"Burning Pact","floor":20},{"not_picked":["Dropkick+1","Wild Strike+1"],"picked":"Inflame+1","floor":21},{"not_picked":["Offering","Fiend Fire"],"picked":"Demon Form","floor":23},{"not_picked":["Dark Embrace","Immolate"],"picked":"Fiend Fire","floor":25},{"not_picked":["Headbutt+1","Evolve"],"picked":"Whirlwind","floor":29},{"not_picked":["Infernal Blade","Heavy Blade+1"],"picked":"Spot Weakness","floor":30},{"not_picked":["Berserk","Offering"],"picked":"Juggernaut","floor":31},{"not_picked":["Berserk","Immolate"],"picked":"Double Tap","floor":33},{"not_picked":["Anger+1","Warcry+1"],"picked":"Sentinel+1","floor":35},{"not_picked":["Hemokinesis+1","Twin Strike"],"picked":"Armaments","floor":36},{"not_picked":["Corruption","Burning Pact"],"picked":"Flame Barrier","floor":37},{"not_picked":["Metallicize","Feel No Pain+1"],"picked":"Heavy Blade+1","floor":39},{"not_picked":["Immolate","Dark Embrace"],"picked":"Impervious","floor":40}],"player_experience":541166,"relics_obtained":[{"floor":6,"key":"Happy Flower"},{"floor":8,"key":"FossilizedHelix"},{"floor":9,"key":"Ginger"},{"floor":14,"key":"Ornamental Fan"},{"floor":23,"key":"The Courier"},{"floor":23,"key":"Pantograph"},{"floor":25,"key":"PreservedInsect"},{"floor":25,"key":"Bag of Marbles"},{"floor":26,"key":"Bronze Scales"},{"floor":31,"key":"Pen Nib"},{"floor":31,"key":"Oddly Smooth Stone"},{"floor":40,"key":"MawBank"},{"floor":40,"key":"Whetstone"},{"floor":43,"key":"Tiny Chest"},{"floor":48,"key":"Meat on the Bone"}],"event_choices":[{"event_name":"Shining Light","player_choice":"Entered Light","floor":3,"damage_taken":0},{"event_name":"Nest","player_choice":"Stole From Cult","floor":19,"damage_taken":0},{"event_name":"Accursed Blacksmith","player_choice":"Forge","floor":38,"damage_taken":0},{"event_name":"Tomb of Lord Red Mask","player_choice":"Paid","floor":47,"damage_taken":0}],"is_beta":false,"boss_relics":[{"not_picked":["Runic Dome","Eternal Feather"],"picked":"Black Star"},{"not_picked":["Sozu","Astrolabe"],"picked":"Coffee Dripper"}],"items_purged_floors":[],"is_endless":false,"potions_floor_spawned":[1,2,5,6,7,8,11,14,16,18,20,21,23,25,29,30,31,33,35,36,37,39,40,42,45],"killed_by":"Awakened One","ascension_level":0}