{"gold_per_floor":[112,126,143,155,169,169,181,242,267,267,278,296,306,321,321,418,418,434,634,649,662,679,679,679,679,679,679,679,14,26,40,40,40],"floor_reached":33,"playtime":2604,"items_purged":[],"score":247,"play_id":"d956c54c-dae2-48af-baf4-4fcbbf43e57e","local_time":"20180725231611","is_ascension_mode":false,"campfire_choices":[{"floor":6,"key":"REST"},{"floor":10,"key":"REST"},{"floor":15,"key":"REST"},{"data":"Distraction","floor":23,"key":"SMITH"},{"data":"Wraith Form v2","floor":25,"key":"SMITH"},{"data":"Bouncing Flask","floor":28,"key":"SMITH"},{"data":"Adrenaline","floor":32,"key":"SMITH"}],"neow_cost":"NONE","seed_source_timestamp":2249815887802489,"circlet_count":0,"master_deck":["Defend_G","Defend_G+1","Defend_G","Defend_G","Defend_G","Strike_G","Strike_G","Strike_G","Strike_G","Strike_G","Survivor","Neutralize","Outmaneuver","Sucker Punch","Heel Hook","Deflect","Riddle With Holes","Riddle With Holes","Distraction+1","Poisoned Stab","Blade Dance","Poisoned Stab","Terror","Dash","Wraith Form v2+1","Choke","Bouncing Flask+1","Bane","Adrenaline+1","Deadly Poison+1","Grand Finale","Backflip","Dagger Spray","Dagger Spray+1"],"relics":["Ring of the Snake","Orichalcum","Bronze Scales","Runic Dome","Letter Opener","Mummified Hand","Ancient Tea Set","Toy Ornithopter","War Paint"],"potions_floor_usage":[8,16,16,18,30,31,31],"damage_taken":[{"damage":1,"enemies":"Cultist","floor":1,"turns":6},{"damage":0,"enemies":"2 Louse","floor":2,"turns":3},{"damage":0,"enemies":"Small Slimes","floor":3,"turns":5},{"damage":36,"enemies":"Exordium Wildlife","floor":4,"turns":11},{"damage":0,"enemies":"Looter","floor":5,"turns":3},{"damage":10,"enemies":"Exordium Thugs","floor":7,"turns":5},{"damage":24,"enemies":"Gremlin Nob","floor":8,"turns":4},{"damage":11,"enemies":"Lots of Slimes","floor":11,"turns":4},{"damage":0,"enemies":"Looter","floor":12,"turns":4},{"damage":6,"enemies":"Red Slaver","floor":13,"turns":3},{"damage":0,"enemies":"Blue Slaver","floor":14,"turns":3},{"damage":31,"enemies":"The Guardian","floor":16,"turns":13},{"damage":0,"enemies":"3 Byrds","floor":18,"turns":4},{"damage":4,"enemies":"Spheric Guardian","floor":20,"turns":5},{"damage":17,"enemies":"Slaver and Parasite","floor":21,"turns":6},{"damage":9,"enemies":"Snake Plant","floor":22,"turns":3},{"damage":0,"enemies":"Snecko","floor":30,"turns":3},{"damage":0,"enemies":"Centurion and Healer","floor":31,"turns":5},{"damage":63,"enemies":"Automaton","floor":33,"turns":6}],"seed_played":"6337787446244441845","potions_obtained":[{"floor":2,"key":"Fire Potion"},{"floor":4,"key":"Weak Potion"},{"floor":5,"key":"Explosive Potion"},{"floor":14,"key":"SpeedPotion"},{"floor":16,"key":"Block Potion"},{"floor":20,"key":"SpeedPotion"},{"floor":22,"key":"Weak Potion"}],"is_trial":false,"path_per_floor":["M","M","M","M","M","R","M","?","T","R","M","M","M","M","R","B",null,"M","?","M","M","M","R","T","R","T","?","R","$","M","M","R"],"character_chosen":"THE_SILENT","items_purchased":["Ancient Tea Set","Toy Ornithopter","Deadly Poison","War Paint","Grand Finale","Backflip"],"campfire_rested":3,"item_purchase_floors":[29,29,29,29,29,29],"current_hp_per_floor":[69,69,69,33,33,54,44,20,20,41,30,30,24,24,45,14,70,70,70,66,49,40,40,40,40,40,40,40,40,43,49,49,0],"gold":40,"neow_bonus":"THREE_CARDS","is_prod":false,"is_daily":false,"chose_seed":false,"campfire_upgraded":4,"win_rate":0,"timestamp":1532556971,"path_taken":["M","M","M","?","M","R","M","?","T","R","M","M","?","M","R","BOSS","M","?","M","M","M","R","?","R","T","?","R","?","M","M","R","BOSS"],"build_version":"2018-07-19v2","purchased_purges":0,"victory":false,"max_hp_per_floor":[70,70,70,70,70,70,70,70,70,70,70,70,70,70,70,70,70,70,70,70,70,70,70,70,70,70,70,70,70,70,70,70,70],"card_choices":[{"not_picked":["Endless Agony","Setup"],"picked":"Outmaneuver","floor":0},{"not_picked":["Acrobatics","Outmaneuver"],"picked":"Sucker Punch","floor":1},{"not_picked":["Cloak And Dagger","Acrobatics"],"picked":"Heel Hook","floor":2},{"not_picked":["Backflip","Slice"],"picked":"Deflect","floor":3},{"not_picked":["Calculated Gamble","Underhanded Strike"],"picked":"Riddle With Holes","floor":4},{"not_picked":["Distraction","Cloak And Dagger"],"picked":"Riddle With Holes","floor":5},{"not_picked":["Quick Slash","All Out Attack"],"picked":"Distraction","floor":7},{"not_picked":["Glass Knife","Quick Slash"],"picked":"Poisoned Stab","floor":8},{"not_picked":["Flying Knee","Dagger Throw"],"picked":"Blade Dance","floor":11},{"not_picked":["PiercingWail","Underhanded Strike"],"picked":"Poisoned Stab","floor":12},{"not_picked":["Sucker Punch","Underhanded Strike"],"picked":"Terror","floor":13},{"not_picked":["Leg Sweep","Outmaneuver"],"picked":"Dash","floor":14},{"not_picked":["Tools of the Trade","A Thousand Cuts"],"picked":"Wraith Form v2","floor":16},{"not_picked":["Backflip","Infinite Blades"],"picked":"Choke","floor":18},{"not_picked":["Prepared+1","Dash"],"picked":"Bouncing Flask","floor":20},{"not_picked":["Sucker Punch","Acrobatics"],"picked":"Bane","floor":21},{"not_picked":["Leg Sweep+1","PiercingWail"],"picked":"Adrenaline","floor":22},{"not_picked":["Escape Plan","Flying Knee"],"picked":"Dagger Spray","floor":30},{"not_picked":["Sucker Punch","Quick Slash+1"],"picked":"Dagger Spray+1","floor":31}],"player_experience":223991,"relics_obtained":[{"floor":8,"key":"Orichalcum"},{"floor":9,"key":"Bronze Scales"},{"floor":24,"key":"Letter Opener"},{"floor":26,"key":"Mummified Hand"}],"event_choices":[{"event_name":"Dead Adventurer","player_choice":"Searched \u00271\u0027 times","floor":8,"damage_taken":0},{"event_name":"The Joust","player_choice":"Bet on Owner","floor":19,"damage_taken":0},{"event_name":"Beggar","player_choice":"Ignored","floor":27,"damage_taken":0}],"is_beta":false,"boss_relics":[{"not_picked":["Black Star","White Beast Statue"],"picked":"Runic Dome"}],"items_purged_floors":[],"is_endless":false,"potions_floor_spawned":[2,4,5,14,16,20,22],"killed_by":"Automaton","ascension_level":0}