{"gold_per_floor":[114,129,129,61,76,76,9,9,34,49,64,79,79,94,94,194,194,209,209,224,239,36,36,86,101,151,151],"floor_reached":27,"playtime":1708,"items_purged":[],"score":282,"play_id":"6f81a932-8810-4a04-b537-0745920d9395","local_time":"20181012103235","daily_mods":["Shiny","Time Dilation","DeadlyEvents"],"is_ascension_mode":false,"campfire_choices":[{"data":"Berserk","floor":6,"key":"SMITH"},{"data":"Limit Break","floor":8,"key":"SMITH"},{"data":"Barricade","floor":13,"key":"SMITH"},{"data":"Seeing Red","floor":15,"key":"SMITH"},{"data":"Discovery","floor":23,"key":"SMITH"}],"neow_cost":"","seed_source_timestamp":0,"circlet_count":0,"master_deck":["Double Tap","Demon Form","Bludgeon","Feed","Limit Break+1","Barricade+1","Fiend Fire","Dark Embrace","Berserk+1","Impervious","Juggernaut","Brutality","Reaper","Exhume","Offering","Immolate","Strike_R","Strike_R","Strike_R","Strike_R","Strike_R","Defend_R","Defend_R","Defend_R","Defend_R","Bash","Spot Weakness","Flame Barrier","Seeing Red+1","Heavy Blade","Feel No Pain","Shrug It Off","Intimidate","Heavy Blade","Cleave","Limit Break","Clash","Iron Wave+1","Headbutt","Discovery+1","Warcry","Rupture","Sword Boomerang+1"],"special_seed":17816,"relics":["Burning Blood","Omamori","Mark of Pain","Dream Catcher","Blood Vial"],"potions_floor_usage":[12,16,20,20,20],"damage_taken":[{"damage":7,"enemies":"Small Slimes","floor":1,"turns":2},{"damage":6,"enemies":"Jaw Worm","floor":2,"turns":2},{"damage":0,"enemies":"Cultist","floor":5,"turns":2},{"damage":7,"enemies":"Exordium Wildlife","floor":10,"turns":2},{"damage":8,"enemies":"Red Slaver","floor":11,"turns":3},{"damage":0,"enemies":"Blue Slaver","floor":12,"turns":2},{"damage":24,"enemies":"Exordium Thugs","floor":14,"turns":4},{"damage":40,"enemies":"Hexaghost","floor":16,"turns":9},{"damage":22,"enemies":"Shell Parasite","floor":18,"turns":4},{"damage":6,"enemies":"2 Thieves","floor":20,"turns":3},{"damage":29,"enemies":"Shelled Parasite and Fungi","floor":21,"turns":5},{"damage":12,"enemies":"Chosen and Byrds","floor":25,"turns":4},{"damage":76,"enemies":"Sentry and Sphere","floor":27,"turns":7}],"seed_played":"-4401274191363558233","potions_obtained":[{"floor":1,"key":"AttackPotion"},{"floor":2,"key":"EssenceOfSteel"},{"floor":14,"key":"Swift Potion"},{"floor":16,"key":"Energy Potion"},{"floor":18,"key":"AttackPotion"}],"is_trial":false,"path_per_floor":["M","M","?","$","M","R","$","R","T","M","M","M","R","M","R","B",null,"M","$","M","M","$","R","T","M","T"],"character_chosen":"IRONCLAD","items_purchased":["Seeing Red","Feel No Pain","Discovery","Warcry","Rupture"],"campfire_rested":0,"item_purchase_floors":[4,7,22,22,22],"current_hp_per_floor":[79,80,85,85,88,88,88,88,88,91,89,91,91,73,73,55,91,78,78,78,58,58,58,58,65,65,0],"gold":151,"neow_bonus":"","is_prod":false,"is_daily":true,"chose_seed":false,"campfire_upgraded":5,"win_rate":0,"timestamp":1539336755,"path_taken":["M","M","?","$","M","R","$","R","T","M","M","?","R","M","R","BOSS","M","$","M","M","$","R","?","M","T","M"],"build_version":"2018-10-11","purchased_purges":0,"victory":false,"max_hp_per_floor":[80,80,85,85,88,88,88,88,88,91,91,91,91,91,91,91,91,94,94,94,97,97,97,97,97,97,97],"card_choices":[{"not_picked":["Flex","Shrug It Off"],"picked":"Spot Weakness","floor":1},{"not_picked":["Clash","Second Wind"],"picked":"Flame Barrier","floor":2},{"not_picked":["Anger","Battle Trance"],"picked":"Heavy Blade","floor":5},{"not_picked":["Clash","Wild Strike"],"picked":"Shrug It Off","floor":10},{"not_picked":["Fiend Fire","Fire Breathing"],"picked":"Intimidate","floor":11},{"not_picked":["Shockwave","Iron Wave"],"picked":"Heavy Blade","floor":12},{"not_picked":["True Grit","Clothesline"],"picked":"Cleave","floor":14},{"not_picked":["Impervious","Double Tap"],"picked":"Limit Break","floor":16},{"not_picked":["Wild Strike","Havoc"],"picked":"Clash","floor":18},{"not_picked":["Pommel Strike+1","Wild Strike+1"],"picked":"Iron Wave+1","floor":20},{"not_picked":["Barricade","Twin Strike"],"picked":"Headbutt","floor":21},{"not_picked":["Flex","Body Slam"],"picked":"Sword Boomerang+1","floor":25}],"player_experience":553145,"relics_obtained":[{"floor":9,"key":"Omamori"},{"floor":24,"key":"Dream Catcher"},{"floor":26,"key":"Blood Vial"}],"event_choices":[{"event_name":"Big Fish","player_choice":"Donut","floor":3,"damage_taken":0}],"is_beta":false,"boss_relics":[{"not_picked":["Runic Dome","Fusion Hammer"],"picked":"Mark of Pain"}],"items_purged_floors":[],"is_endless":false,"potions_floor_spawned":[1,2,14,16,18],"killed_by":"Sentry and Sphere","ascension_level":0}