{"gold_per_floor":[218,7,17,50,67,67,102,102,125,188,220,220,231,231,231,327,327,346,306,318,318,36,36],"floor_reached":23,"playtime":3201,"items_purged":[],"score":201,"play_id":"6542a66d-e0d9-4472-8145-9caa880508d8","local_time":"20190319183851","is_ascension_mode":false,"campfire_choices":[{"data":"Neutralize","floor":6,"key":"SMITH"},{"floor":8,"key":"REST"},{"floor":15,"key":"REST"}],"neow_cost":"NONE","seed_source_timestamp":156010272101026,"circlet_count":0,"master_deck":["Defend_G","Defend_G+1","Defend_G","Defend_G","Defend_G+1","Strike_G","Strike_G","Survivor","Neutralize+1","Acrobatics","Accuracy","Jack Of All Trades","Dagger Throw","Catalyst","Deadly Poison","Envenom","Backflip","Blur","Die Die Die","Leg Sweep+1","Bullet Time+1","PiercingWail+1","PiercingWail+1","Cloak And Dagger","Bullet Time+1","Escape Plan"],"relics":["Ring of the Snake","Juzu Bracelet","Pen Nib","Tiny Chest","Astrolabe","DollysMirror"],"potions_floor_usage":[16,16],"damage_taken":[{"damage":2,"enemies":"Cultist","floor":1,"turns":5},{"damage":0,"enemies":"2 Louse","floor":3,"turns":3},{"damage":0,"enemies":"Small Slimes","floor":4,"turns":4},{"damage":6,"enemies":"Blue Slaver","floor":5,"turns":6},{"damage":29,"enemies":"Gremlin Nob","floor":7,"turns":5},{"damage":45,"enemies":"3 Sentries","floor":10,"turns":11},{"damage":6,"enemies":"Large Slime","floor":11,"turns":7},{"damage":8,"enemies":"Red Slaver","floor":13,"turns":4},{"damage":19,"enemies":"Hexaghost","floor":16,"turns":9},{"damage":16,"enemies":"Spheric Guardian","floor":18,"turns":8},{"damage":2,"enemies":"Shell Parasite","floor":20,"turns":8},{"damage":72,"enemies":"Book of Stabbing","floor":23,"turns":13}],"seed_played":"-336882601647424915","potions_obtained":[{"floor":7,"key":"FairyPotion"},{"floor":11,"key":"GamblersBrew"},{"floor":13,"key":"LiquidBronze"}],"is_trial":false,"path_per_floor":["M","$","M","M","M","R","E","R","T","E","M","?","M","?","R","B",null,"M","?","M","?","$","E"],"character_chosen":"THE_SILENT","items_purchased":["Accuracy","Jack Of All Trades","Dagger Throw","DollysMirror","Escape Plan"],"campfire_rested":2,"item_purchase_floors":[2,2,2,22,22],"current_hp_per_floor":[68,68,68,68,62,62,33,54,54,9,3,3,7,7,28,9,70,54,54,52,70,70,0],"gold":36,"neow_bonus":"HUNDRED_GOLD","is_prod":false,"is_daily":false,"chose_seed":false,"campfire_upgraded":1,"win_rate":0,"timestamp":1553020731,"path_taken":["M","$","M","M","M","R","E","R","T","E","M","?","M","?","R","BOSS","M","?","M","?","$","E"],"build_version":"2019-01-23","purchased_purges":0,"victory":false,"max_hp_per_floor":[70,70,70,70,70,70,70,70,70,70,70,70,70,70,70,70,70,70,70,70,70,70,70],"card_choices":[{"not_picked":["Bane","Caltrops"],"picked":"Acrobatics","floor":1},{"not_picked":["Outmaneuver","Dodge and Roll","Quick Slash"],"picked":"SKIP","floor":3},{"not_picked":["Acrobatics","Backflip"],"picked":"Catalyst","floor":4},{"not_picked":["Flying Knee","Poisoned Stab"],"picked":"Deadly Poison","floor":5},{"not_picked":["Riddle With Holes","Flying Knee","Dagger Throw"],"picked":"SKIP","floor":7},{"not_picked":["Catalyst","Calculated Gamble"],"picked":"Envenom","floor":10},{"not_picked":["Leg Sweep","Dodge and Roll"],"picked":"Backflip","floor":11},{"not_picked":["Predator","Outmaneuver"],"picked":"Blur","floor":13},{"not_picked":["Unload","Burst"],"picked":"Die Die Die","floor":16},{"not_picked":["Acrobatics","Choke+1"],"picked":"PiercingWail+1","floor":18},{"not_picked":["Slice","Catalyst"],"picked":"Cloak And Dagger","floor":20}],"player_experience":75141,"relics_obtained":[{"floor":7,"key":"Juzu Bracelet"},{"floor":9,"key":"Pen Nib"},{"floor":10,"key":"Tiny Chest"}],"event_choices":[{"damage_healed":0,"gold_gain":0,"player_choice":"Ignored","damage_taken":0,"max_hp_gain":0,"max_hp_loss":0,"event_name":"Golden Idol","floor":12,"gold_loss":0},{"damage_healed":0,"gold_gain":0,"player_choice":"Ignored","damage_taken":0,"max_hp_gain":0,"max_hp_loss":0,"event_name":"Golden Wing","floor":14,"gold_loss":0},{"damage_healed":0,"gold_gain":0,"player_choice":"Upgraded Two","damage_taken":0,"max_hp_gain":0,"max_hp_loss":0,"event_name":"Designer","floor":19,"gold_loss":40,"cards_upgraded":["Defend_G","Defend_G"]},{"damage_healed":23,"gold_gain":0,"player_choice":"Heal","damage_taken":0,"max_hp_gain":0,"max_hp_loss":0,"event_name":"The Library","floor":21,"gold_loss":0}],"is_beta":false,"boss_relics":[{"not_picked":["WristBlade","Ring of the Serpent"],"picked":"Astrolabe"}],"items_purged_floors":[],"is_endless":false,"potions_floor_spawned":[7,11,13],"killed_by":"Book of Stabbing","ascension_level":0}