{"gold_per_floor":[117,136,42,61,36,66,16,16,43,74,87,38,188,138,138,213,213,230,230,205,216,2,2,2],"floor_reached":24,"playtime":1557,"items_purged":["Strike_G","Doubt","Writhe"],"score":412,"play_id":"9b9bc20f-543b-4081-af78-8a8a2c7786f2","local_time":"20190306124252","is_ascension_mode":true,"campfire_choices":[{"floor":8.0,"key":"REST"},{"data":"Noxious Fumes","floor":15.0,"key":"SMITH"},{"floor":23.0,"key":"REST"}],"neow_cost":"NONE","seed_source_timestamp":361688445663076,"circlet_count":0,"master_deck":["AscendersBane","Defend_G","Defend_G","Defend_G","Defend_G","Defend_G","Strike_G","Strike_G","Strike_G","Strike_G","Survivor","Neutralize","Bane","Footwork","Noxious Fumes+1","Poisoned Stab","Slice","Caltrops","Backflip","Wraith Form v2","Malaise","Parasite","Deadly Poison+1","Backflip"],"special_seed":0,"relics":["Lizard Tail","Smiling Mask","Anchor","Calling Bell","Dream Catcher","Shuriken","Ice Cream","Ancient Tea Set"],"potions_floor_usage":[],"damage_taken":[{"damage":13.0,"enemies":"Cultist","floor":1.0,"turns":5.0},{"damage":6.0,"enemies":"Jaw Worm","floor":2.0,"turns":4.0},{"damage":0.0,"enemies":"2 Louse","floor":4.0,"turns":5.0},{"damage":7.0,"enemies":"Exordium Thugs","floor":5.0,"turns":4.0},{"damage":23.0,"enemies":"3 Sentries","floor":6.0,"turns":7.0},{"damage":11.0,"enemies":"Lagavulin","floor":10.0,"turns":8.0},{"damage":0.0,"enemies":"Gremlin Gang","floor":11.0,"turns":7.0},{"damage":23.0,"enemies":"Hexaghost","floor":16.0,"turns":10.0},{"damage":13.0,"enemies":"3 Byrds","floor":18.0,"turns":4.0},{"damage":14.0,"enemies":"2 Thieves","floor":20.0,"turns":4.0},{"damage":21.0,"enemies":"Shelled Parasite and Fungi","floor":21.0,"turns":7.0},{"damage":71,"enemies":"Slavers","floor":24,"turns":5}],"seed_played":"-545884530429841111","potions_obtained":[{"floor":2.0,"key":"LiquidBronze"},{"floor":4.0,"key":"SkillPotion"},{"floor":5.0,"key":"GamblersBrew"},{"floor":11.0,"key":"Regen Potion"},{"floor":20.0,"key":"Dexterity Potion"}],"is_trial":false,"path_per_floor":["M","M","$","M","M","E","$","R","T","E","M","?","?","$","R","B",null,"M","?","M","M","$","R","E"],"character_chosen":"THE_SILENT","items_purchased":["Noxious Fumes","FearPotion","Ancient Tea Set"],"campfire_rested":2,"item_purchase_floors":[3,3,22],"current_hp_per_floor":[46,40,40,40,33,10,10,29,29,18,18,18,18,18,18,10,52,39,39,25,4,4,23,0],"gold":2,"neow_bonus":"BOSS_RELIC","is_prod":false,"is_daily":false,"chose_seed":false,"campfire_upgraded":1,"win_rate":0,"timestamp":1551897772,"path_taken":["M","M","$","M","M","E","$","R","T","E","?","?","?","$","R","BOSS","M","?","?","?","$","R","E"],"build_version":"2019-01-23","purchased_purges":3,"victory":false,"max_hp_per_floor":[66,66,66,66,66,66,66,66,66,66,66,66,66,66,66,66,66,66,66,66,66,66,66,66],"card_choices":[{"not_picked":["Prepared","Riddle With Holes"],"picked":"Bane","floor":1.0},{"not_picked":["Leg Sweep","Quick Slash"],"picked":"Footwork","floor":2.0},{"not_picked":["Flying Knee","Dagger Spray"],"picked":"Poisoned Stab","floor":4.0},{"not_picked":["Prepared","Dodge and Roll"],"picked":"Slice","floor":5.0},{"not_picked":["Outmaneuver","Dodge and Roll"],"picked":"Caltrops","floor":6.0},{"not_picked":["Terror","Deadly Poison"],"picked":"Backflip","floor":10.0},{"not_picked":["Deflect","Cloak And Dagger"],"picked":"Wraith Form v2","floor":11.0},{"not_picked":["Wraith Form v2","Burst"],"picked":"Malaise","floor":16.0},{"not_picked":["Quick Slash","Prepared"],"picked":"Deadly Poison+1","floor":18.0},{"not_picked":["Acrobatics+1","Sucker Punch","Underhanded Strike"],"picked":"SKIP","floor":20.0},{"not_picked":["Poisoned Stab","Bullet Time","Acrobatics"],"picked":"SKIP","floor":21.0},{"not_picked":["Masterful Stab","Flying Knee"],"picked":"Backflip","floor":23.0}],"player_experience":682768,"relics_obtained":[{"floor":6.0,"key":"Smiling Mask"},{"floor":10.0,"key":"Anchor"},{"floor":17.0,"key":"Dream Catcher"},{"floor":17.0,"key":"Shuriken"},{"floor":17.0,"key":"Ice Cream"}],"event_choices":[{"damage_healed":0.0,"max_hp_gain":0.0,"max_hp_loss":0.0,"gold_gain":0.0,"event_name":"World of Goop","player_choice":"Left Gold","floor":12.0,"gold_loss":49.0,"damage_taken":0.0},{"damage_healed":0.0,"max_hp_gain":0.0,"max_hp_loss":0.0,"gold_gain":150.0,"event_name":"Liars Game","player_choice":"AGREE","floor":13.0,"gold_loss":0.0,"damage_taken":0.0,"cards_obtained":["Doubt"]},{"cards_removed":["Regret"],"damage_healed":0.0,"max_hp_gain":0.0,"max_hp_loss":0.0,"gold_gain":0.0,"event_name":"Purifier","player_choice":"Purged","floor":19.0,"gold_loss":0.0,"damage_taken":0.0}],"is_beta":false,"boss_relics":[{"not_picked":["Ectoplasm","Busted Crown"],"picked":"Calling Bell"}],"items_purged_floors":[7,14,22],"is_endless":false,"potions_floor_spawned":[2,4,5,11,20],"killed_by":"Slavers","ascension_level":20}