{"gold_per_floor":[137,137,175,140,140,140,215,253,253,291,291,64,64,64,64,64],"floor_reached":16,"playtime":865,"items_purged":[],"score":98,"play_id":"eeb6a3e7-be11-46d2-bc1e-09529f68d49b","local_time":"20181029203704","daily_mods":["Heirloom","Diverse","MonsterHunter"],"is_ascension_mode":false,"campfire_choices":[{"data":"Noxious Fumes","floor":6,"key":"SMITH"},{"floor":15,"key":"REST"}],"neow_cost":"","seed_source_timestamp":0,"circlet_count":0,"master_deck":["Defend_G","Defend_G","Defend_G","Defend_G","Defend_G","Strike_G","Strike_G","Strike_G","Strike_G","Strike_G","Survivor","Neutralize","Noxious Fumes+1","Dodge and Roll","Cloak And Dagger","Poisoned Stab","Storm"],"special_seed":17833,"relics":["Ring of the Snake","Peace Pipe","Bottled Tornado","Centennial Puzzle","Anchor","Kunai","Juzu Bracelet"],"potions_floor_usage":[10,10],"damage_taken":[{"damage":33,"enemies":"Cultist","floor":1,"turns":9},{"damage":0,"enemies":"Small Slimes","floor":3,"turns":6},{"damage":49,"enemies":"Gremlin Nob","floor":7,"turns":7},{"damage":1,"enemies":"2 Louse","floor":8,"turns":4},{"damage":0,"enemies":"Lots of Slimes","floor":10,"turns":5},{"damage":29,"enemies":"Slime Boss","floor":16,"turns":9}],"seed_played":"-1143866258771799124","potions_obtained":[{"floor":7,"key":"Dexterity Potion"},{"floor":8,"key":"Energy Potion"},{"floor":10,"key":"Weak Potion"}],"is_trial":false,"path_per_floor":["M","T","M","?","?","R","E","M","T","M","?","$","?","$","R"],"character_chosen":"THE_SILENT","items_purchased":["Juzu Bracelet","Storm"],"campfire_rested":1,"item_purchase_floors":[12,12],"current_hp_per_floor":[37,37,37,54,51,51,2,1,1,1,1,1,1,1,22,0],"gold":64,"neow_bonus":"","is_prod":false,"is_daily":true,"chose_seed":false,"campfire_upgraded":1,"win_rate":0,"timestamp":1540845424,"path_taken":["M","?","M","?","?","R","E","M","T","?","?","?","?","$","R","BOSS"],"build_version":"2018-10-25v2","purchased_purges":0,"victory":false,"max_hp_per_floor":[70,70,70,70,70,70,70,70,70,70,70,70,70,70,70,70],"card_choices":[{"not_picked":["Clash","Compile Driver"],"picked":"Noxious Fumes","floor":1},{"not_picked":["Sentinel","Rebound"],"picked":"Dodge and Roll","floor":3},{"not_picked":["Bloodletting","Warcry","Defragment"],"picked":"SKIP","floor":7},{"not_picked":["Underhanded Strike","Capacitor"],"picked":"Cloak And Dagger","floor":8},{"not_picked":["Clash","Eviscerate"],"picked":"Poisoned Stab","floor":10}],"player_experience":647666,"relics_obtained":[{"floor":2,"key":"Bottled Tornado"},{"floor":7,"key":"Anchor"},{"floor":9,"key":"Kunai"}],"event_choices":[{"damage_healed":17,"gold_gain":0,"player_choice":"Healed","damage_taken":0,"max_hp_gain":0,"max_hp_loss":0,"event_name":"The Cleric","floor":4,"gold_loss":35},{"damage_healed":0,"gold_gain":0,"player_choice":"Success","damage_taken":3,"relics_obtained":["Centennial Puzzle"],"max_hp_gain":0,"max_hp_loss":0,"event_name":"Scrap Ooze","floor":5,"gold_loss":0},{"damage_healed":0,"gold_gain":0,"player_choice":"Ignored","damage_taken":0,"max_hp_gain":0,"max_hp_loss":0,"event_name":"Golden Wing","floor":11,"gold_loss":0},{"damage_healed":0,"gold_gain":0,"player_choice":"Searched \u00270\u0027 times","damage_taken":0,"max_hp_gain":0,"max_hp_loss":0,"event_name":"Dead Adventurer","floor":13,"gold_loss":0}],"is_beta":false,"boss_relics":[],"items_purged_floors":[],"is_endless":false,"potions_floor_spawned":[7,8,10],"killed_by":"Slime Boss","ascension_level":0}