{"gold_per_floor":[114,129,129,144,159,189,189,204,204,129,129,144,144,117,117,217,217,232,232,331,246,261,261,261,261,286,316,331,346,361,376,376,376],"floor_reached":33,"playtime":2206,"items_purged":[],"score":269,"play_id":"80a41648-a1a5-4a75-a1d6-d2e73ca29582","local_time":"20181006034659","daily_mods":["Draft","Blue Cards","Elite Swarm"],"is_ascension_mode":false,"campfire_choices":[{"floor":7,"key":"REST"},{"data":"Static Discharge","floor":11,"key":"SMITH"},{"data":"Double Energy","floor":13,"key":"SMITH"},{"data":"Terror","floor":15,"key":"SMITH"},{"data":"Catalyst","floor":23,"key":"SMITH"},{"data":"Double Energy","floor":25,"key":"SMITH"},{"floor":32,"key":"REST"}],"neow_cost":"","seed_source_timestamp":0,"circlet_count":0,"master_deck":["BootSequence","Turbo","Deadly Poison+1","Bane","Sweeping Beam","Go for the Eyes","Footwork","Terror+1","Double Energy+1","Dagger Spray","Catalyst+1","Underhanded Strike","Quick Slash","Acrobatics+1","Flying Knee","Stack","Deadly Poison","Cold Snap","BootSequence","Tools of the Trade","Outmaneuver","Static Discharge+1","Steam","Corpse Explosion","Double Energy+1","Catalyst","Caltrops","Amplify","Coolheaded+1","Infinite Blades","Capacitor+1","Dash"],"special_seed":17810,"relics":["Ring of the Snake","PreservedInsect","Omamori","Eternal Feather","Nunchaku","MutagenicStrength","War Paint","Peace Pipe"],"potions_floor_usage":[18,18,22,27,29,33],"damage_taken":[{"damage":1,"enemies":"Jaw Worm","floor":1,"turns":2},{"damage":0,"enemies":"2 Louse","floor":2,"turns":2},{"damage":0,"enemies":"Small Slimes","floor":4,"turns":2},{"damage":8,"enemies":"Looter","floor":5,"turns":3},{"damage":17,"enemies":"Lagavulin","floor":6,"turns":4},{"damage":0,"enemies":"Red Slaver","floor":8,"turns":3},{"damage":0,"enemies":"Large Slime","floor":12,"turns":4},{"damage":10,"enemies":"The Guardian","floor":16,"turns":7},{"damage":0,"enemies":"Chosen","floor":18,"turns":4},{"damage":1,"enemies":"Shell Parasite","floor":22,"turns":3},{"damage":22,"enemies":"Book of Stabbing","floor":27,"turns":3},{"damage":33,"enemies":"3 Cultists","floor":28,"turns":4},{"damage":0,"enemies":"Centurion and Healer","floor":29,"turns":2},{"damage":3,"enemies":"Snake Plant","floor":30,"turns":3},{"damage":8,"enemies":"Snecko","floor":31,"turns":4},{"damage":56,"enemies":"Automaton","floor":33,"turns":8}],"seed_played":"-894642481113240428","potions_obtained":[{"floor":1,"key":"LiquidBronze"},{"floor":5,"key":"GamblersBrew"},{"floor":12,"key":"SkillPotion"},{"floor":16,"key":"Fruit Juice"},{"floor":22,"key":"Fire Potion"},{"floor":27,"key":"Energy Potion"},{"floor":28,"key":"GamblersBrew"},{"floor":30,"key":"Strength Potion"}],"is_trial":false,"path_per_floor":["M","M","?","M","M","E","R","M","T","$","R","M","R","?","R","B",null,"M","?","?","?","M","R","?","R","T","E","M","M","M","M","R"],"character_chosen":"THE_SILENT","items_purchased":["Static Discharge"],"campfire_rested":2,"item_purchase_floors":[10],"current_hp_per_floor":[69,69,69,69,61,44,65,65,65,65,65,65,65,65,65,55,70,75,75,75,75,74,75,75,75,75,53,20,20,17,9,49,0],"gold":376,"neow_bonus":"","is_prod":false,"is_daily":true,"chose_seed":false,"campfire_upgraded":5,"win_rate":0,"timestamp":1538794019,"path_taken":["M","M","?","M","M","E","R","M","T","$","R","M","R","?","R","BOSS","M","?","?","?","M","R","?","R","T","E","?","M","M","M","R","BOSS"],"build_version":"2018-10-04","purchased_purges":0,"victory":false,"max_hp_per_floor":[70,70,70,70,70,70,70,70,70,70,70,70,70,70,70,70,70,75,75,75,75,75,75,75,75,75,75,75,75,75,75,75,75],"card_choices":[{"not_picked":["Finisher","Acrobatics"],"picked":"BootSequence","floor":0},{"not_picked":["Terror","Tempest"],"picked":"Turbo","floor":0},{"not_picked":["Streamline","Cloak And Dagger"],"picked":"Deadly Poison","floor":0},{"not_picked":["Turbo","Redo"],"picked":"Bane","floor":0},{"not_picked":["Streamline","Flying Knee"],"picked":"Sweeping Beam","floor":0},{"not_picked":["Blade Dance","Dagger Throw"],"picked":"Go for the Eyes","floor":0},{"not_picked":["Rip and Tear","Compile Driver"],"picked":"Footwork","floor":0},{"not_picked":["Reflex","PiercingWail"],"picked":"Terror","floor":0},{"not_picked":["Turbo","Coolheaded"],"picked":"Double Energy","floor":0},{"not_picked":["Compile Driver","Slice"],"picked":"Dagger Spray","floor":0},{"not_picked":["Recycle","Rebound"],"picked":"Catalyst","floor":0},{"not_picked":["Endless Agony","Deflect"],"picked":"Underhanded Strike","floor":0},{"not_picked":["FTL","Gash"],"picked":"Quick Slash","floor":0},{"not_picked":["Streamline","Masterful Stab"],"picked":"Acrobatics","floor":0},{"not_picked":["Underhanded Strike","Distraction"],"picked":"Flying Knee","floor":0},{"not_picked":["Tactician","Outmaneuver"],"picked":"Stack","floor":1},{"not_picked":["Expertise","Endless Agony"],"picked":"Deadly Poison","floor":2},{"not_picked":["Quick Slash","All Out Attack"],"picked":"Cold Snap","floor":4},{"not_picked":["Leap","Blade Dance"],"picked":"BootSequence","floor":5},{"not_picked":["Adrenaline","Rainbow"],"picked":"Tools of the Trade","floor":6},{"not_picked":["Ball Lightning","Cold Snap"],"picked":"Outmaneuver","floor":8},{"not_picked":["Compile Driver","Skim"],"picked":"Steam","floor":12},{"not_picked":["A Thousand Cuts","Amplify"],"picked":"Corpse Explosion","floor":16},{"not_picked":["Riddle With Holes","Dagger Spray+1"],"picked":"Double Energy","floor":18},{"not_picked":["Glacier+1","Outmaneuver"],"picked":"Caltrops","floor":22},{"not_picked":["Machine Learning","Thunder Strike"],"picked":"Amplify","floor":27},{"not_picked":["Escape Plan+1","Prepared"],"picked":"Coolheaded+1","floor":28},{"not_picked":["Sucker Punch","Flechettes+1"],"picked":"Infinite Blades","floor":29},{"not_picked":["Steam","Calculated Gamble"],"picked":"Capacitor+1","floor":30},{"not_picked":["Hologram","Consume"],"picked":"Dash","floor":31}],"player_experience":550939,"relics_obtained":[{"floor":6,"key":"PreservedInsect"},{"floor":9,"key":"Omamori"},{"floor":26,"key":"War Paint"},{"floor":27,"key":"Peace Pipe"}],"event_choices":[{"event_name":"Liars Game","player_choice":"disagreed","floor":3,"damage_taken":0},{"event_name":"World of Goop","player_choice":"Left","floor":14,"damage_taken":0},{"event_name":"Duplicator","player_choice":"One dupe","floor":19,"damage_taken":0},{"event_name":"Nest","player_choice":"Stole From Cult","floor":20,"damage_taken":0},{"event_name":"Addict","player_choice":"Obtained Relic","floor":21,"damage_taken":0},{"event_name":"Drug Dealer","player_choice":"Inject Mutagens","floor":24,"damage_taken":0}],"is_beta":false,"boss_relics":[{"not_picked":["White Beast Statue","Fusion Hammer"],"picked":"Eternal Feather"}],"items_purged_floors":[],"is_endless":false,"potions_floor_spawned":[1,5,12,16,22,27,28,30],"killed_by":"Automaton","ascension_level":0}