{"gold_per_floor":[110,110,110,110,110,110,145,145,145,159,2,15,32,50,50,151,151,163,180,196,210,228,228,327,339,339,354,365,377,377,392,392,494,494,512,561,561,579,579,579,593,593,642,66,66,86,111,126,126,126],"floor_reached":51,"playtime":2893,"items_purged":[],"score":776,"play_id":"8903c72f-b950-400d-a922-c43c73c93973","local_time":"20180821215031","is_ascension_mode":true,"campfire_choices":[{"data":"Zap","floor":6,"key":"SMITH"},{"floor":8,"key":"REST"},{"floor":15,"key":"REST"},{"floor":23,"key":"REST"},{"floor":32,"key":"REST"},{"floor":40,"key":"REST"},{"floor":42,"key":"REST"},{"data":"Storm","floor":49,"key":"SMITH"}],"neow_cost":"NONE","seed_source_timestamp":4577172668157140,"circlet_count":0,"master_deck":["Zap+1","Dualcast","Buffer","Gash","Go for the Eyes","White Noise","Go for the Eyes","Electrodynamics","Sweeping Beam","Leap","Redo","Steam","Beam Cell","Hello World","Coolheaded","Ball Lightning+1","BootSequence","Thunder Strike","Storm+1","Force Field","Leap","Self Repair","Storm+1","Consume","Skim+1","Buffer","Sweeping Beam+1","Loop+1","Madness","Madness","Force Field+1","The Bomb","Sadistic Nature","The Bomb","Static Discharge","Loop","Jack Of All Trades","Rebound+1","White Noise+1"],"relics":["Cracked Core","Lantern","Peace Pipe","Letter Opener","Orichalcum","Pandora\u0027s Box","Meat on the Bone","Lizard Tail","Turnip","Omamori","Bronze Scales","Pear","Ancient Tea Set"],"potions_floor_usage":[31,35,38,50],"damage_taken":[{"damage":4,"enemies":"Small Slimes","floor":1,"turns":3},{"damage":35,"enemies":"Lagavulin","floor":7,"turns":6},{"damage":0,"enemies":"2 Louse","floor":10,"turns":1},{"damage":0,"enemies":"Jaw Worm","floor":12,"turns":2},{"damage":0,"enemies":"3 Louse","floor":13,"turns":3},{"damage":2,"enemies":"Blue Slaver","floor":14,"turns":3},{"damage":41,"enemies":"The Guardian","floor":16,"turns":13},{"damage":4,"enemies":"3 Byrds","floor":18,"turns":2},{"damage":11,"enemies":"2 Thieves","floor":19,"turns":4},{"damage":12,"enemies":"Snake Plant","floor":20,"turns":4},{"damage":13,"enemies":"Centurion and Healer","floor":21,"turns":5},{"damage":6,"enemies":"3 Cultists","floor":22,"turns":3},{"damage":5,"enemies":"Shelled Parasite and Fungi","floor":25,"turns":7},{"damage":16,"enemies":"Snecko","floor":27,"turns":5},{"damage":15,"enemies":"3 Cultists","floor":28,"turns":4},{"damage":16,"enemies":"Snake Plant","floor":29,"turns":3},{"damage":30,"enemies":"Cultist and Chosen","floor":31,"turns":6},{"damage":56,"enemies":"Collector","floor":33,"turns":8},{"damage":19,"enemies":"3 Darklings","floor":35,"turns":3},{"damage":8,"floor":36,"turns":3},{"damage":14,"enemies":"3 Shapes","floor":38,"turns":3},{"damage":15,"enemies":"Sphere and 2 Shapes","floor":41,"turns":4},{"damage":0,"enemies":"Maw","floor":46,"turns":6},{"damage":16,"enemies":"Transient","floor":48,"turns":5},{"damage":53,"enemies":"Time Eater","floor":50,"turns":10}],"seed_played":"-6049258156849934335","potions_obtained":[{"floor":12,"key":"Strength Potion"},{"floor":16,"key":"Dexterity Potion"},{"floor":19,"key":"Swift Potion"},{"floor":21,"key":"Regen Potion"},{"floor":33,"key":"GamblersBrew"},{"floor":38,"key":"FocusPotion"}],"is_trial":false,"path_per_floor":["M","?","?","?","?","R","E","R","T","M","$","M","M","M","R","B",null,"M","M","M","M","M","R","?","M","T","M","M","M","?","M","R","B",null,"M","?","?","M","?","R","M","R","T","$","?","M","T","M","R","B"],"character_chosen":"DEFECT","items_purchased":["Orichalcum","Bronze Scales","Pear","Loop","Jack Of All Trades","SpeedPotion"],"campfire_rested":6,"item_purchase_floors":[11,44,44,44,44,44],"current_hp_per_floor":[71,71,71,75,60,60,25,47,47,47,47,47,47,45,67,26,75,71,60,48,35,36,58,58,53,53,49,53,49,49,38,60,23,75,63,55,46,48,38,60,45,67,67,77,77,84,84,68,68,41],"gold":126,"neow_bonus":"RANDOM_COMMON_RELIC","is_prod":false,"is_daily":false,"chose_seed":false,"campfire_upgraded":2,"win_rate":0,"timestamp":1534884631,"path_taken":["M","?","?","?","?","R","E","R","T","M","?","M","M","M","R","BOSS","M","M","M","M","M","R","?","M","T","M","M","M","?","M","R","BOSS","M","?","?","?","?","R","M","R","T","$","?","M","?","M","R","BOSS"],"build_version":"2018-08-16","purchased_purges":0,"victory":true,"max_hp_per_floor":[75,75,75,75,75,75,75,75,75,75,75,75,75,75,75,75,75,75,75,75,75,75,75,75,75,75,75,75,75,75,75,75,75,75,75,75,75,75,75,75,75,75,75,85,85,85,85,85,85,85],"card_choices":[{"not_picked":["Streamline","Reinforced Body"],"picked":"Rebound","floor":1},{"not_picked":["Barrage","Streamline"],"picked":"Buffer","floor":7},{"not_picked":["Leap","Hologram"],"picked":"Gash","floor":10},{"not_picked":["Rainbow","Chaos"],"picked":"Go for the Eyes","floor":12},{"not_picked":["Conserve Battery","Beam Cell"],"picked":"White Noise","floor":13},{"not_picked":["Reprogram","Scrape"],"picked":"Go for the Eyes","floor":14},{"not_picked":["Amplify","Echo Form"],"picked":"Electrodynamics","floor":16},{"not_picked":["Doom and Gloom","Sunder"],"picked":"Ball Lightning+1","floor":18},{"not_picked":["Stack","Turbo+1"],"picked":"BootSequence","floor":19},{"not_picked":["Sweeping Beam","Hello World"],"picked":"Thunder Strike","floor":20},{"not_picked":["Sweeping Beam","Rebound"],"picked":"Storm","floor":21},{"not_picked":["Lockon","Beam Cell"],"picked":"Force Field","floor":22},{"not_picked":["Turbo","Reinforced Body"],"picked":"Leap","floor":25},{"not_picked":["Barrage","Melter"],"picked":"Self Repair","floor":27},{"not_picked":["Chill","Fission"],"picked":"Storm+1","floor":28},{"not_picked":["Cold Snap","Undo+1"],"picked":"Consume","floor":29},{"not_picked":["Conserve Battery+1","Cold Snap"],"picked":"Skim+1","floor":31},{"not_picked":["Fission","Core Surge"],"picked":"Buffer","floor":33},{"not_picked":["Steam+1","Rebound"],"picked":"Sweeping Beam+1","floor":35},{"not_picked":["Turbo+1","Stack+1"],"picked":"Loop+1","floor":36},{"not_picked":["Beam Cell+1","Coolheaded"],"picked":"Force Field+1","floor":38},{"not_picked":["Dark Shackles","Good Instincts"],"picked":"The Bomb","floor":39},{"not_picked":["Dramatic Entrance","Deep Breath"],"picked":"Sadistic Nature","floor":39},{"not_picked":["Panacea","Forethought"],"picked":"The Bomb","floor":39},{"not_picked":["Coolheaded","Hologram+1"],"picked":"Static Discharge","floor":41},{"not_picked":["Steam Power","Compile Driver+1"],"picked":"Rebound+1","floor":46},{"not_picked":["Storm","Hologram"],"picked":"White Noise+1","floor":48}],"player_experience":429413,"relics_obtained":[{"floor":7,"key":"Peace Pipe"},{"floor":9,"key":"Letter Opener"},{"floor":26,"key":"Meat on the Bone"},{"floor":36,"key":"Turnip"},{"floor":43,"key":"Omamori"},{"floor":47,"key":"Ancient Tea Set"}],"event_choices":[{"event_name":"The Cleric","player_choice":"Leave","floor":2,"damage_taken":0},{"event_name":"Golden Idol","player_choice":"Ignored","floor":3,"damage_taken":0},{"event_name":"Bonfire Elementals","player_choice":"COMMON","floor":4,"damage_taken":0},{"event_name":"Shining Light","player_choice":"Entered Light","floor":5,"damage_taken":0},{"event_name":"Nest","player_choice":"Stole From Cult","floor":24,"damage_taken":0},{"event_name":"Beggar","player_choice":"Ignored","floor":30,"damage_taken":0},{"event_name":"Mysterious Sphere","player_choice":"Fight","floor":36,"damage_taken":0},{"event_name":"Winding Halls","player_choice":"Embrace Madness","floor":37,"damage_taken":0},{"event_name":"SensoryStone","player_choice":"Memory 3","floor":39,"damage_taken":0},{"event_name":"Falling","player_choice":"Removed Attack","floor":45,"damage_taken":0}],"is_beta":false,"boss_relics":[{"not_picked":["Black Star","Runic Pyramid"],"picked":"Pandora\u0027s Box"},{"not_picked":["Cursed Key","Inserter"],"picked":"Lizard Tail"}],"items_purged_floors":[],"is_endless":false,"potions_floor_spawned":[12,16,19,21,28,29,33,38,46],"ascension_level":4}