{"gold_per_floor":[116,116,134,150,160,160,170,170,194,194,223,223,235,250,250,326,326,346,361,361,377,44,44,78,94,94,194,48,67,67,83,83,157,157,172,191,208,66,76,76,91,110,110,138,138,157,157,177,177,177],"floor_reached":51,"playtime":4315,"items_purged":["Strike_R"],"score":1125,"play_id":"87755fff-2fff-47be-9a76-c970030dbac1","local_time":"20190329013652","is_ascension_mode":true,"campfire_choices":[{"data":"Searing Blow","floor":6,"key":"SMITH"},{"data":"Searing Blow+1","floor":8,"key":"SMITH"},{"data":"Searing Blow+2","floor":12,"key":"SMITH"},{"data":"Clothesline","floor":15,"key":"SMITH"},{"data":"Searing Blow+3","floor":23,"key":"SMITH"},{"data":"Searing Blow+4","floor":30,"key":"SMITH"},{"data":"Searing Blow+5","floor":32,"key":"SMITH"},{"data":"Searing Blow+6","floor":40,"key":"SMITH"},{"data":"Searing Blow+7","floor":45,"key":"SMITH"},{"data":"Searing Blow+8","floor":47,"key":"SMITH"},{"floor":49,"key":"REST"}],"neow_cost":"NONE","seed_source_timestamp":659791969250700,"circlet_count":0,"master_deck":["AscendersBane","Strike_R","Strike_R","Defend_R","Defend_R","Defend_R","Defend_R","Bash+1","Shrug It Off+1","Shrug It Off","Clothesline+1","Searing Blow+9","True Grit","Burning Pact","Offering","Power Through","Second Wind","Armaments","Armaments","Spot Weakness","Intimidate","Immolate","Clothesline+1","Flame Barrier","Whirlwind+1","Spot Weakness","Inflame+1","Armaments+1","Shockwave","Flame Barrier+1","Juggernaut"],"relics":["Burning Blood","Orichalcum","Bag of Preparation","Snecko Eye","Thread and Needle","Omamori","Letter Opener","Pen Nib","Runic Cube","Bottled Tornado","Centennial Puzzle"],"potions_floor_usage":[16,24,24,48,50,50],"damage_taken":[{"damage":2,"enemies":"Small Slimes","floor":1,"turns":5},{"damage":8,"enemies":"2 Louse","floor":3,"turns":3},{"damage":0,"enemies":"Cultist","floor":4,"turns":4},{"damage":21,"enemies":"Lots of Slimes","floor":5,"turns":6},{"damage":11,"enemies":"3 Louse","floor":7,"turns":4},{"damage":31,"enemies":"3 Sentries","floor":11,"turns":10},{"damage":2,"enemies":"Red Slaver","floor":13,"turns":3},{"damage":3,"enemies":"Large Slime","floor":14,"turns":3},{"damage":37,"enemies":"The Guardian","floor":16,"turns":17},{"damage":4,"enemies":"Shell Parasite","floor":18,"turns":3},{"damage":2,"enemies":"Chosen","floor":19,"turns":5},{"damage":13,"enemies":"Snecko","floor":21,"turns":6},{"damage":1,"enemies":"Gremlin Leader","floor":24,"turns":9},{"damage":11,"enemies":"Snake Plant","floor":25,"turns":3},{"damage":6,"enemies":"Sentry and Sphere","floor":29,"turns":4},{"damage":0,"enemies":"Snecko","floor":31,"turns":5},{"damage":22,"enemies":"Automaton","floor":33,"turns":6},{"damage":9,"enemies":"3 Darklings","floor":35,"turns":5},{"damage":0,"enemies":"3 Shapes","floor":36,"turns":4},{"damage":0,"enemies":"Spire Growth","floor":37,"turns":4},{"damage":0,"enemies":"3 Darklings","floor":39,"turns":3},{"damage":1,"enemies":"4 Shapes","floor":41,"turns":6},{"damage":16,"enemies":"Transient","floor":42,"turns":5},{"damage":20,"enemies":"Giant Head","floor":44,"turns":6},{"damage":0,"enemies":"Sphere and 2 Shapes","floor":46,"turns":4},{"damage":17,"enemies":"Jaw Worm Horde","floor":48,"turns":4},{"damage":47,"enemies":"Awakened One","floor":50,"turns":11}],"seed_played":"-4688493518906445475","potions_obtained":[{"floor":11,"key":"AttackPotion"},{"floor":13,"key":"PowerPotion"},{"floor":18,"key":"SkillPotion"},{"floor":24,"key":"Block Potion"},{"floor":33,"key":"Fire Potion"},{"floor":48,"key":"AttackPotion"}],"is_trial":false,"path_per_floor":["M","?","M","M","M","R","M","R","T","?","E","R","M","M","R","B",null,"M","M","?","M","$","R","E","M","T","?","$","M","R","M","R","B",null,"M","M","M","$","M","R","M","M","T","E","R","M","R","M","R","B",null],"character_chosen":"IRONCLAD","items_purchased":["Thread and Needle","Armaments","Pen Nib","Spot Weakness"],"campfire_rested":1,"item_purchase_floors":[22,22,28,38],"current_hp_per_floor":[76,76,74,80,65,65,60,60,60,60,35,35,39,42,42,11,63,65,69,69,62,62,62,67,62,62,62,62,62,62,68,68,52,73,70,76,80,80,80,80,80,70,70,56,56,62,62,51,75,34],"gold":177,"neow_bonus":"UPGRADE_CARD","is_prod":false,"is_daily":false,"chose_seed":false,"campfire_upgraded":10,"win_rate":1,"timestamp":1553848612,"path_taken":["M","?","M","M","M","R","M","R","T","?","E","R","?","M","R","BOSS","M","?","?","M","$","R","E","?","T","?","?","M","R","M","R","BOSS","M","M","M","$","M","R","M","M","T","E","R","M","R","M","R","BOSS"],"build_version":"2019-01-23","purchased_purges":1,"victory":true,"max_hp_per_floor":[80,80,80,80,80,80,80,80,80,80,80,80,80,80,80,80,80,80,80,80,80,80,80,80,80,80,80,80,80,80,80,80,80,80,80,80,80,80,80,80,80,80,80,80,80,80,80,80,80,80],"card_choices":[{"not_picked":["Clash","Heavy Blade"],"picked":"Shrug It Off","floor":1},{"not_picked":["Evolve","Headbutt"],"picked":"Shrug It Off","floor":3},{"not_picked":["Iron Wave","Searing Blow"],"picked":"Clothesline","floor":4},{"not_picked":["Ghostly Armor","Clash"],"picked":"Searing Blow","floor":5},{"not_picked":["Clothesline","Havoc","Body Slam"],"picked":"SKIP","floor":7},{"not_picked":["Bloodletting","Warcry","Brutality"],"picked":"SKIP","floor":11},{"not_picked":["Thunderclap","Ghostly Armor"],"picked":"True Grit","floor":13},{"not_picked":["Clothesline","Dual Wield"],"picked":"Burning Pact","floor":14},{"not_picked":["Limit Break","Dark Embrace"],"picked":"Offering","floor":16},{"not_picked":["Clothesline","Power Through","Rampage"],"picked":"SKIP","floor":18},{"not_picked":["Clothesline","Rampage"],"picked":"Power Through","floor":18},{"not_picked":["Sever Soul","Twin Strike"],"picked":"Second Wind","floor":19},{"not_picked":["Pummel","Body Slam+1","Bloodletting"],"picked":"SKIP","floor":21},{"not_picked":["Anger","Body Slam","Havoc+1"],"picked":"SKIP","floor":24},{"not_picked":["Clothesline+1","Havoc"],"picked":"Armaments","floor":25},{"not_picked":["Iron Wave","Shrug It Off"],"picked":"Spot Weakness","floor":29},{"not_picked":["Wild Strike","Body Slam"],"picked":"Intimidate","floor":31},{"not_picked":["Offering","Feed"],"picked":"Immolate","floor":33},{"not_picked":["Shrug It Off","Iron Wave"],"picked":"Clothesline+1","floor":35},{"not_picked":["Shrug It Off","Armaments"],"picked":"Flame Barrier","floor":36},{"not_picked":["Feel No Pain","True Grit+1"],"picked":"Whirlwind+1","floor":37},{"not_picked":["Flex+1","Sever Soul"],"picked":"Inflame+1","floor":39},{"not_picked":["Clothesline","Second Wind+1"],"picked":"Armaments+1","floor":41},{"not_picked":["Sever Soul+1","Seeing Red"],"picked":"Shockwave","floor":42},{"not_picked":["Battle Trance","Havoc"],"picked":"Flame Barrier+1","floor":44},{"not_picked":["Inflame+1","Sword Boomerang+1","Wild Strike"],"picked":"SKIP","floor":46},{"not_picked":["Sword Boomerang","Clash"],"picked":"Juggernaut","floor":48}],"player_experience":146467,"relics_obtained":[{"floor":9,"key":"Orichalcum"},{"floor":11,"key":"Bag of Preparation"},{"floor":24,"key":"Omamori"},{"floor":26,"key":"Letter Opener"},{"floor":43,"key":"Bottled Tornado"},{"floor":44,"key":"Centennial Puzzle"}],"event_choices":[{"damage_healed":0,"gold_gain":0,"player_choice":"Grow","damage_taken":0,"max_hp_gain":0,"max_hp_loss":0,"event_name":"Living Wall","floor":2,"gold_loss":0,"cards_upgraded":["Shrug It Off"]},{"cards_removed":["Strike_R"],"damage_healed":0,"gold_gain":0,"player_choice":"Purged","damage_taken":0,"max_hp_gain":0,"max_hp_loss":0,"event_name":"Purifier","floor":10,"gold_loss":0},{"cards_removed":["Strike_R"],"damage_healed":0,"gold_gain":0,"player_choice":"Purged","damage_taken":0,"max_hp_gain":0,"max_hp_loss":0,"event_name":"Purifier","floor":20,"gold_loss":0},{"damage_healed":0,"gold_gain":100,"player_choice":"Pray","damage_taken":0,"max_hp_gain":0,"max_hp_loss":0,"event_name":"Golden Shrine","floor":27,"gold_loss":0}],"is_beta":false,"boss_relics":[{"not_picked":["Orrery","Black Blood"],"picked":"Snecko Eye"},{"not_picked":["Empty Cage","Fusion Hammer"],"picked":"Runic Cube"}],"items_purged_floors":[38],"is_endless":false,"potions_floor_spawned":[11,13,18,24,33,35,39,41,48],"ascension_level":13}