{"gold_per_floor":[115,128,54,74,86,118,118,147,229,229,23,33,33,33,33,137,137,155,155,8,8,8,8,25,25,51,71,71,71,83,100,100,205,255,265,78,0,53,68,68,80,80,103,31,45,55,66,77,77,77,77,77,27,58,58],"floor_reached":55,"playtime":4174,"items_purged":["Strike_G","Well Laid Plans","Strike_G"],"score":704,"play_id":"805baebe-5146-41d1-80ed-e5a3754f17d6","local_time":"20190208091735","is_ascension_mode":false,"campfire_choices":[{"data":"Deadly Poison","floor":7,"key":"SMITH"},{"floor":15,"key":"REST"},{"data":"Catalyst","floor":23,"key":"SMITH"},{"data":"Catalyst","floor":28,"key":"SMITH"},{"floor":32,"key":"RECALL"},{"floor":40,"key":"REST"},{"data":"Malaise","floor":42,"key":"SMITH"},{"floor":49,"key":"REST"},{"data":"Noxious Fumes","floor":52,"key":"SMITH"}],"neow_cost":"NONE","seed_source_timestamp":147377921684184,"circlet_count":0,"master_deck":["Defend_G","Defend_G","Defend_G+1","Defend_G","Defend_G","Strike_G","Strike_G","Strike_G","Survivor","Neutralize","Escape Plan","Backflip","Noxious Fumes+1","Deadly Poison+1","Predator+1","Poisoned Stab","Crippling Poison","Die Die Die+1","Bane","Footwork","Necronomicurse","Catalyst+1","Footwork","Dodge and Roll","Catalyst+1","Poisoned Stab","After Image","Backflip","Malaise+1","Corpse Explosion","Bouncing Flask","Crippling Poison+1"],"relics":["Runic Dome","Smiling Mask","Tough Bandages","Snake Skull","Runic Pyramid","Necronomicon","MutagenicStrength","Anchor","Nloth\u0027s Gift","Tiny House","Red Mask","Unceasing Top","Whetstone","Centennial Puzzle"],"potions_floor_usage":[6,6,30,30,33,33,38,46,50,55,55],"damage_taken":[{"damage":1,"enemies":"2 Louse","floor":1,"turns":3},{"damage":0,"enemies":"Cultist","floor":2,"turns":4},{"damage":2,"enemies":"Small Slimes","floor":4,"turns":4},{"damage":7,"enemies":"Red Slaver","floor":5,"turns":4},{"damage":13,"enemies":"Lagavulin","floor":6,"turns":6},{"damage":22,"enemies":"Gremlin Nob","floor":8,"turns":4},{"damage":4,"enemies":"Blue Slaver","floor":12,"turns":3},{"damage":0,"enemies":"Slime Boss","floor":16,"turns":7},{"damage":14,"enemies":"2 Thieves","floor":18,"turns":3},{"damage":0,"enemies":"Spheric Guardian","floor":24,"turns":3},{"damage":0,"enemies":"Centurion and Healer","floor":27,"turns":5},{"damage":0,"enemies":"3 Cultists","floor":30,"turns":3},{"damage":1,"enemies":"Snake Plant","floor":31,"turns":3},{"damage":22,"enemies":"Automaton","floor":33,"turns":6},{"damage":0,"enemies":"3 Shapes","floor":35,"turns":4},{"damage":41,"enemies":"2 Orb Walkers","floor":38,"turns":6},{"damage":0,"enemies":"Orb Walker","floor":39,"turns":3},{"damage":22,"enemies":"Maw","floor":41,"turns":6},{"damage":3,"enemies":"3 Darklings","floor":45,"turns":4},{"damage":0,"enemies":"Transient","floor":46,"turns":5},{"damage":3,"enemies":"Spire Growth","floor":47,"turns":4},{"damage":0,"enemies":"Jaw Worm Horde","floor":48,"turns":2},{"damage":43,"enemies":"Awakened One","floor":50,"turns":15},{"damage":32,"enemies":"Shield and Spear","floor":54,"turns":5},{"damage":45,"enemies":"The Heart","floor":55,"turns":5}],"seed_played":"3212645418763485289","potions_obtained":[{"floor":1,"key":"FearPotion"},{"floor":4,"key":"Poison Potion"},{"floor":8,"key":"Ancient Potion"},{"floor":12,"key":"SteroidPotion"},{"floor":24,"key":"Energy Potion"},{"floor":27,"key":"Swift Potion"},{"floor":30,"key":"Weak Potion"},{"floor":34,"key":"Ancient Potion"},{"floor":39,"key":"Dexterity Potion"},{"floor":41,"key":"Strength Potion"},{"floor":45,"key":"FearPotion"},{"floor":48,"key":"SkillPotion"},{"floor":54,"key":"SteroidPotion"}],"is_trial":false,"path_per_floor":["M","M","$","M","M","E","R","E","T","?","$","M","$","?","R","B",null,"M","?","$","?","?","R","M","$","T","M","R","?","M","M","R","B",null,"M","$","?","?","M","R","M","R","T","$","M","M","M","M","R","B",null,"R","$","E","B"],"character_chosen":"THE_SILENT","items_purchased":["Noxious Fumes","Snake Skull","Catalyst","Footwork","Well Laid Plans","Malaise","Bouncing Flask"],"campfire_rested":3,"item_purchase_floors":[3,11,20,20,36,36,44],"current_hp_per_floor":[69,69,69,67,60,47,47,25,25,25,25,21,21,21,42,42,70,56,40,40,63,63,63,63,63,63,63,63,63,63,62,62,40,75,75,75,75,34,34,56,34,34,34,34,31,31,28,28,50,7,75,75,75,43,0],"gold":58,"neow_bonus":"BOSS_RELIC","is_prod":false,"is_daily":false,"chose_seed":false,"campfire_upgraded":5,"win_rate":0,"timestamp":1549639055,"path_taken":["M","M","$","M","M","E","R","E","T","?","?","M","$","?","R","BOSS","M","?","$","?","?","R","M","?","T","?","R","?","M","?","R","BOSS","M","$","?","?","M","R","M","R","T","$","M","M","M","M","R","BOSS","R","$","E","BOSS"],"build_version":"2019-01-23","purchased_purges":3,"victory":false,"max_hp_per_floor":[70,70,70,70,70,70,70,70,70,70,70,70,70,70,70,70,70,70,70,70,70,70,70,70,70,70,70,70,70,70,70,70,70,75,75,75,75,75,75,75,75,75,75,75,75,75,75,75,75,75,75,75,75,75,75],"card_choices":[{"not_picked":["Bane","Quick Slash"],"picked":"Escape Plan","floor":1},{"not_picked":["Setup","Deflect"],"picked":"Backflip","floor":2},{"not_picked":["Prepared","Slice"],"picked":"Deadly Poison","floor":4},{"not_picked":["Slice","Night Terror"],"picked":"Predator","floor":5},{"not_picked":["Calculated Gamble","Prepared"],"picked":"Poisoned Stab","floor":6},{"not_picked":["Eviscerate","Blade Dance"],"picked":"Crippling Poison","floor":8},{"not_picked":["Deadly Poison","Underhanded Strike"],"picked":"Footwork","floor":12},{"not_picked":["Quick Slash","Dagger Throw","Accuracy+1"],"picked":"SKIP","floor":18},{"not_picked":["Outmaneuver","Deflect"],"picked":"Dodge and Roll","floor":24},{"not_picked":["Expertise","Slice"],"picked":"Catalyst","floor":27},{"not_picked":["Backstab","Acrobatics+1","Unload"],"picked":"SKIP","floor":30},{"not_picked":["Blur+1","Expertise"],"picked":"Poisoned Stab","floor":31},{"not_picked":["Doppelganger","Venomology"],"picked":"After Image","floor":33},{"not_picked":["Escape Plan","Blade Dance"],"picked":"Backflip","floor":34},{"not_picked":["Infinite Blades","Flying Knee","Unload"],"picked":"SKIP","floor":35},{"not_picked":["Backstab","Blade Dance+1"],"picked":"Corpse Explosion","floor":39},{"not_picked":["Eviscerate","Riddle With Holes","Catalyst"],"picked":"SKIP","floor":41},{"not_picked":["Slice+1","Underhanded Strike+1","Predator"],"picked":"SKIP","floor":45},{"not_picked":["Distraction+1","Slice","Deflect"],"picked":"SKIP","floor":46},{"not_picked":["Slice+1","Blade Dance","Cloak And Dagger+1"],"picked":"SKIP","floor":47},{"not_picked":["Escape Plan+1","Backflip+1"],"picked":"Crippling Poison+1","floor":48},{"not_picked":["Storm of Steel","Unload","All Out Attack+1"],"picked":"SKIP","floor":54}],"player_experience":745265,"relics_obtained":[{"floor":6,"key":"Smiling Mask"},{"floor":8,"key":"Tough Bandages"},{"floor":19,"key":"Necronomicon"},{"floor":26,"key":"Anchor"},{"floor":38,"key":"Unceasing Top"},{"floor":43,"key":"Whetstone"},{"floor":54,"key":"Centennial Puzzle"}],"event_choices":[{"damage_healed":0,"gold_gain":0,"player_choice":"2 cards matched","damage_taken":0,"max_hp_gain":0,"max_hp_loss":0,"event_name":"Match and Keep!","floor":10,"gold_loss":0,"cards_obtained":["Die Die Die","Bane"]},{"damage_healed":0,"gold_gain":0,"player_choice":"Trade","damage_taken":0,"relics_obtained":["CultistMask"],"max_hp_gain":0,"max_hp_loss":0,"event_name":"FaceTrader","floor":14,"gold_loss":0},{"damage_healed":0,"gold_gain":0,"player_choice":"Obtained Book","damage_taken":16,"max_hp_gain":0,"max_hp_loss":0,"event_name":"Cursed Tome","floor":19,"gold_loss":0},{"damage_healed":23,"gold_gain":0,"player_choice":"Heal","damage_taken":0,"max_hp_gain":0,"max_hp_loss":0,"event_name":"The Library","floor":21,"gold_loss":0},{"damage_healed":0,"gold_gain":0,"player_choice":"Inject Mutagens","damage_taken":0,"relics_obtained":["MutagenicStrength"],"max_hp_gain":0,"max_hp_loss":0,"event_name":"Drug Dealer","floor":22,"gold_loss":0},{"damage_healed":0,"gold_gain":0,"player_choice":"Traded Relic","damage_taken":0,"relics_obtained":["Nloth\u0027s Gift"],"max_hp_gain":0,"max_hp_loss":0,"event_name":"N\u0027loth","floor":29,"relics_lost":["CultistMask"],"gold_loss":0},{"damage_healed":0,"gold_gain":0,"player_choice":"Paid","damage_taken":0,"relics_obtained":["Red Mask"],"max_hp_gain":0,"max_hp_loss":0,"event_name":"Tomb of Lord Red Mask","floor":37,"gold_loss":78},{"damage_healed":0,"gold_gain":0,"player_choice":"Fight","damage_taken":0,"max_hp_gain":0,"max_hp_loss":0,"event_name":"Mysterious Sphere","floor":38,"gold_loss":0}],"is_beta":false,"boss_relics":[{"not_picked":["HoveringKite","Coffee Dripper"],"picked":"Runic Pyramid"},{"not_picked":["Orrery","Sozu"],"picked":"Tiny House"}],"items_purged_floors":[11,36,53],"is_endless":false,"potions_floor_spawned":[1,4,8,12,24,27,30,39,41,45,48,54],"killed_by":"The Heart","ascension_level":0}