{"gold_per_floor":[117,135,60,72,22,22,22,39,63,96,107,121,121,133,133,133],"floor_reached":16,"playtime":744,"items_purged":[],"score":208,"play_id":"bb2af555-e9b8-4f9a-832d-a817071b3907","local_time":"20190329122213","is_ascension_mode":true,"campfire_choices":[{"data":"Dagger Spray","floor":6.0,"key":"SMITH"},{"data":"Dodge and Roll","floor":13.0,"key":"SMITH"},{"data":"Neutralize","floor":15.0,"key":"SMITH"}],"neow_cost":"NONE","seed_source_timestamp":509984160281204,"circlet_count":0,"master_deck":["AscendersBane","Defend_G","Defend_G","Defend_G","Defend_G","Defend_G","Strike_G","Strike_G","Strike_G","Strike_G","Survivor","Neutralize+1","Blur","Dagger Spray+1","Dodge and Roll+1","Backflip","Poisoned Stab","Tools of the Trade","Backflip","Poisoned Stab","Well Laid Plans"],"special_seed":0,"relics":["Ring of the Snake","Vajra","Bag of Marbles","Art of War"],"potions_floor_usage":[16,16],"damage_taken":[{"damage":0.0,"enemies":"2 Louse","floor":1.0,"turns":7.0},{"damage":2.0,"enemies":"Jaw Worm","floor":2.0,"turns":7.0},{"damage":1.0,"enemies":"Small Slimes","floor":4.0,"turns":3.0},{"damage":0.0,"enemies":"Gremlin Gang","floor":8.0,"turns":1.0},{"damage":21.0,"enemies":"Gremlin Nob","floor":10.0,"turns":4.0},{"damage":1.0,"enemies":"Exordium Wildlife","floor":11.0,"turns":5.0},{"damage":0.0,"enemies":"2 Fungi Beasts","floor":12.0,"turns":3.0},{"damage":0.0,"enemies":"Large Slime","floor":14.0,"turns":5.0},{"damage":33,"enemies":"Slime Boss","floor":16,"turns":9}],"seed_played":"-5973582162427735358","potions_obtained":[{"floor":4.0,"key":"SteroidPotion"},{"floor":10.0,"key":"SpeedPotion"},{"floor":12.0,"key":"Dexterity Potion"}],"is_trial":false,"path_per_floor":["M","M","?","M","$","R","?","M","T","E","M","M","R","M","R","B"],"character_chosen":"THE_SILENT","items_purchased":["Backflip"],"campfire_rested":0,"item_purchase_floors":[5],"current_hp_per_floor":[65,63,63,62,62,62,51,51,51,30,29,29,29,29,29,0],"gold":133,"neow_bonus":"TEN_PERCENT_HP_BONUS","is_prod":false,"is_daily":false,"chose_seed":false,"campfire_upgraded":3,"win_rate":0,"timestamp":1553880133,"path_taken":["M","M","?","M","$","R","?","M","T","E","M","M","R","M","R","BOSS"],"build_version":"2019-01-23","purchased_purges":0,"victory":false,"max_hp_per_floor":[72,72,72,72,72,72,72,72,72,72,72,72,72,72,72,72],"card_choices":[{"not_picked":["PiercingWail","All Out Attack"],"picked":"Blur","floor":1.0},{"not_picked":["Cloak And Dagger","Acrobatics"],"picked":"Dagger Spray","floor":2.0},{"not_picked":["All Out Attack","Infinite Blades"],"picked":"Dodge and Roll","floor":4.0},{"not_picked":["Flying Knee","Blade Dance"],"picked":"Poisoned Stab","floor":8.0},{"not_picked":["Flying Knee","Cloak And Dagger"],"picked":"Tools of the Trade","floor":10.0},{"not_picked":["Sucker Punch","Distraction"],"picked":"Backflip","floor":11.0},{"not_picked":["Skewer","Endless Agony"],"picked":"Poisoned Stab","floor":12.0},{"not_picked":["Bane","Dagger Throw"],"picked":"Well Laid Plans","floor":14.0}],"player_experience":806649,"relics_obtained":[{"floor":9.0,"key":"Bag of Marbles"},{"floor":10.0,"key":"Art of War"}],"event_choices":[{"cards_removed":["Strike_G"],"damage_healed":0.0,"max_hp_gain":0.0,"max_hp_loss":0.0,"gold_gain":0.0,"event_name":"The Cleric","player_choice":"Card Removal","floor":3.0,"gold_loss":75.0,"damage_taken":0.0},{"damage_healed":0.0,"max_hp_gain":0.0,"max_hp_loss":0.0,"gold_gain":0.0,"event_name":"Scrap Ooze","player_choice":"Success","floor":7.0,"gold_loss":0.0,"damage_taken":11.0,"relics_obtained":["Vajra"]}],"is_beta":false,"boss_relics":[],"items_purged_floors":[],"is_endless":false,"potions_floor_spawned":[4,10,12,14],"killed_by":"Slime Boss","ascension_level":20}