{"gold_per_floor":[112,132,143,160,160,160,189,189,189,5,5,23,48,64,64,141,141,151,151,168,168,168,198,198,232,232,259,278,278,100,118,118,195,195,209,209,130,141,156,191,191,220,220,0,25,25,25,125,125,125,125,125,125,46,75,75],"floor_reached":57,"playtime":5304,"items_purged":["Pain","Strike_G+1"],"score":2812,"play_id":"11fdb684-de93-4fa4-b898-d8961d765c51","local_time":"20190311110444","is_ascension_mode":true,"campfire_choices":[{"data":"Skewer","floor":6.0,"key":"SMITH"},{"floor":11.0,"key":"REST"},{"data":"Noxious Fumes","floor":15.0,"key":"SMITH"},{"floor":24.0,"key":"REST"},{"data":"Writhe","floor":29.0,"key":"PURGE"},{"data":"Strike_G+1","floor":32.0,"key":"PURGE"},{"floor":41.0,"key":"REST"},{"floor":46.0,"key":"RECALL"},{"floor":49.0,"key":"REST"},{"floor":53.0,"key":"REST"}],"neow_cost":"NONE","seed_source_timestamp":779487276158882,"circlet_count":0,"master_deck":["AscendersBane","Defend_G+1","Defend_G+1","Defend_G+1","Defend_G+1","Defend_G+1","Strike_G+1","Strike_G+1","Survivor","Neutralize","Noxious Fumes+1","Backflip+1","Poisoned Stab","Skewer+1","PiercingWail+1","Dagger Spray","PiercingWail","Catalyst","Footwork","Adrenaline","Acrobatics","Deadly Poison+1","Dodge and Roll","Blur","Dodge and Roll","Caltrops","Leg Sweep","Well Laid Plans+1","Wraith Form v2","Catalyst","Dodge and Roll","Deadly Poison","Deadly Poison","Footwork","Backflip","Deflect","Catalyst+1","Deadly Poison+1","Backflip","Bouncing Flask","Footwork","Calculated Gamble"],"special_seed":0,"relics":["Ring of the Snake","NeowsBlessing","Shuriken","WarpedTongs","Mercury Hourglass","Ninja Scroll","Fusion Hammer","Peace Pipe","Regal Pillow","Dream Catcher","War Paint","Gremlin Horn","Matryoshka","Orrery","Strawberry","Juzu Bracelet","Oddly Smooth Stone","Red Mask","Mummified Hand","Dead Branch"],"potions_floor_usage":[56,56],"damage_taken":[{"damage":0.0,"enemies":"Jaw Worm","floor":1.0,"turns":1.0},{"damage":0.0,"enemies":"2 Louse","floor":2.0,"turns":1.0},{"damage":0.0,"enemies":"Cultist","floor":3.0,"turns":1.0},{"damage":0.0,"enemies":"3 Louse","floor":4.0,"turns":5.0},{"damage":24.0,"enemies":"Gremlin Nob","floor":7.0,"turns":4.0},{"damage":0.0,"enemies":"2 Fungi Beasts","floor":12.0,"turns":3.0},{"damage":5.0,"enemies":"3 Sentries","floor":13.0,"turns":5.0},{"damage":0.0,"enemies":"Exordium Thugs","floor":14.0,"turns":3.0},{"damage":11.0,"enemies":"Slime Boss","floor":16.0,"turns":8.0},{"damage":0.0,"enemies":"3 Byrds","floor":18.0,"turns":4.0},{"damage":11.0,"enemies":"Chosen","floor":20.0,"turns":5.0},{"damage":7.0,"enemies":"Slavers","floor":23.0,"turns":4.0},{"damage":2.0,"enemies":"Book of Stabbing","floor":25.0,"turns":5.0},{"damage":5.0,"enemies":"Slavers","floor":27.0,"turns":6.0},{"damage":0.0,"enemies":"3 Cultists","floor":28.0,"turns":4.0},{"damage":11.0,"enemies":"Cultist and Chosen","floor":31.0,"turns":5.0},{"damage":18.0,"enemies":"Automaton","floor":33.0,"turns":10.0},{"damage":16.0,"enemies":"3 Darklings","floor":35.0,"turns":6.0},{"damage":1.0,"enemies":"Orb Walker","floor":38.0,"turns":4.0},{"damage":0.0,"enemies":"Transient","floor":39.0,"turns":6.0},{"damage":13.0,"enemies":"Nemesis","floor":40.0,"turns":7.0},{"damage":18.0,"enemies":"Giant Head","floor":42.0,"turns":7.0},{"damage":17.0,"enemies":"Reptomancer","floor":45.0,"turns":8.0},{"damage":0.0,"enemies":"Mind Bloom Boss Battle","floor":48.0,"turns":7.0},{"damage":9.0,"enemies":"Time Eater","floor":50.0,"turns":3.0},{"damage":43.0,"enemies":"Awakened One","floor":51.0,"turns":16.0},{"damage":14.0,"enemies":"Shield and Spear","floor":55.0,"turns":8.0},{"damage":37,"enemies":"The Heart","floor":56,"turns":7}],"seed_played":"-2864891034926325509","potions_obtained":[{"floor":3.0,"key":"PowerPotion"},{"floor":14.0,"key":"LiquidBronze"},{"floor":27.0,"key":"FearPotion"},{"floor":31.0,"key":"Ancient Potion"},{"floor":40.0,"key":"Dexterity Potion"},{"floor":42.0,"key":"Strength Potion"},{"floor":45.0,"key":"Regen Potion"}],"is_trial":false,"path_per_floor":["M","M","M","M","?","R","E","?","T","$","R","M","E","M","R","B",null,"M","?","M","?","?","E","R","E","T","E","M","R","$","M","R","B",null,"M","?","$","M","M","E","R","E","T","?","E","R","$","?","R","B","B",null,"R","$","E","B",null],"character_chosen":"THE_SILENT","items_purchased":["Dagger Spray","PowerPotion","Leg Sweep","Footwork","Footwork"],"campfire_rested":5,"item_purchase_floors":[10,10,30,37,54],"current_hp_per_floor":[59,59,59,59,52,52,28,28,28,28,47,47,42,42,42,31,57,57,57,46,46,46,39,66,64,64,59,59,59,59,48,48,30,57,41,41,41,40,40,34,70,52,52,52,35,35,35,35,70,61,18,57,70,70,56,34],"gold":75,"neow_bonus":"THREE_ENEMY_KILL","is_prod":false,"is_daily":false,"chose_seed":false,"campfire_upgraded":2,"win_rate":0,"timestamp":1552320284,"path_taken":["M","M","M","M","?","R","E","?","T","$","R","?","E","M","R","BOSS","M","?","M","?","?","E","R","E","T","E","?","R","$","M","R","BOSS","M","?","$","M","M","E","R","E","T","?","E","R","?","?","R","BOSS","BOSS","R","$","E","BOSS"],"build_version":"2019-01-23","purchased_purges":2,"victory":true,"max_hp_per_floor":[66,66,66,66,66,66,66,66,66,66,66,66,66,66,66,66,66,66,66,66,66,66,66,66,66,66,66,66,66,66,66,66,66,66,66,63,63,63,63,70,70,70,70,70,70,70,70,70,70,70,70,70,70,70,70,70],"card_choices":[{"not_picked":["Flying Knee","Predator"],"picked":"Noxious Fumes","floor":1.0},{"not_picked":["Outmaneuver","Calculated Gamble"],"picked":"Backflip","floor":2.0},{"not_picked":["Slice","Deadly Poison"],"picked":"Poisoned Stab","floor":3.0},{"not_picked":["Reflex","Cloak And Dagger"],"picked":"Skewer","floor":4.0},{"not_picked":["Distraction","Blade Dance"],"picked":"PiercingWail","floor":7.0},{"not_picked":["Setup","Finisher"],"picked":"PiercingWail","floor":12.0},{"not_picked":["Acrobatics","Riddle With Holes"],"picked":"Catalyst","floor":13.0},{"not_picked":["Choke","Deadly Poison"],"picked":"Footwork","floor":14.0},{"not_picked":["A Thousand Cuts","Phantasmal Killer"],"picked":"Adrenaline","floor":16.0},{"not_picked":["Prepared","Heel Hook"],"picked":"Acrobatics","floor":18.0},{"not_picked":["Concentrate","Sucker Punch","Tactician"],"picked":"SKIP","floor":20.0},{"not_picked":["Prepared","Deflect"],"picked":"Deadly Poison+1","floor":23.0},{"not_picked":["Dagger Spray","Reflex"],"picked":"Dodge and Roll","floor":24.0},{"not_picked":["Masterful Stab+1","PiercingWail"],"picked":"Blur","floor":25.0},{"not_picked":["Dagger Throw+1","Reflex"],"picked":"Dodge and Roll","floor":27.0},{"not_picked":["Blur","Expertise"],"picked":"Caltrops","floor":28.0},{"not_picked":["Sucker Punch","Bullet Time"],"picked":"Well Laid Plans+1","floor":31.0},{"not_picked":["Phantasmal Killer","Adrenaline"],"picked":"Wraith Form v2","floor":33.0},{"not_picked":["Slice","Outmaneuver"],"picked":"Catalyst","floor":34.0},{"not_picked":["Finisher","Crippling Poison"],"picked":"Dodge and Roll","floor":34.0},{"not_picked":["Heel Hook","Predator+1"],"picked":"Deadly Poison","floor":34.0},{"not_picked":["Blade Dance","Accuracy+1"],"picked":"Deadly Poison","floor":34.0},{"not_picked":["All Out Attack","Glass Knife","Skewer"],"picked":"SKIP","floor":35.0},{"not_picked":["Setup","Dagger Throw","Poisoned Stab"],"picked":"SKIP","floor":38.0},{"not_picked":["Blur","Flechettes"],"picked":"Backflip","floor":39.0},{"not_picked":["Cloak And Dagger","Dagger Spray"],"picked":"Deflect","floor":40.0},{"not_picked":["Storm of Steel","Bane","Dagger Spray"],"picked":"SKIP","floor":42.0},{"not_picked":["Dagger Throw","Acrobatics"],"picked":"Catalyst+1","floor":45.0},{"not_picked":["Quick Slash+1","Flying Knee"],"picked":"Deadly Poison+1","floor":48.0},{"not_picked":["Dagger Throw","Slice+1"],"picked":"Backflip","floor":49.0},{"not_picked":["Skewer","Blade Dance"],"picked":"Bouncing Flask","floor":53.0},{"not_picked":["Distraction+1","Backstab"],"picked":"Calculated Gamble","floor":55.0}],"player_experience":745158,"relics_obtained":[{"floor":7.0,"key":"Shuriken"},{"floor":9.0,"key":"Mercury Hourglass"},{"floor":13.0,"key":"Ninja Scroll"},{"floor":22.0,"key":"Regal Pillow"},{"floor":23.0,"key":"Dream Catcher"},{"floor":25.0,"key":"War Paint"},{"floor":26.0,"key":"Gremlin Horn"},{"floor":27.0,"key":"Matryoshka"},{"floor":40.0,"key":"Strawberry"},{"floor":42.0,"key":"Juzu Bracelet"},{"floor":43.0,"key":"Oddly Smooth Stone"},{"floor":45.0,"key":"Mummified Hand"},{"floor":48.0,"key":"Dead Branch"}],"event_choices":[{"cards_removed":["Strike_G"],"damage_healed":0.0,"max_hp_gain":0.0,"max_hp_loss":0.0,"gold_gain":0.0,"event_name":"Golden Wing","player_choice":"Card Removal","floor":5.0,"gold_loss":0.0,"damage_taken":7.0},{"damage_healed":0.0,"max_hp_gain":0.0,"max_hp_loss":0.0,"gold_gain":0.0,"event_name":"Accursed Blacksmith","player_choice":"Rummage","floor":8.0,"gold_loss":0.0,"damage_taken":0.0,"relics_obtained":["WarpedTongs"],"cards_obtained":["Pain"]},{"damage_healed":0.0,"max_hp_gain":0.0,"max_hp_loss":0.0,"gold_gain":0.0,"event_name":"Back to Basics","player_choice":"Simplicity","floor":19.0,"gold_loss":0.0,"damage_taken":0.0,"cards_upgraded":["Defend_G","Defend_G","Defend_G","Defend_G","Defend_G","Strike_G","Strike_G","Strike_G","Strike_G"]},{"damage_healed":0.0,"max_hp_gain":0.0,"max_hp_loss":0.0,"gold_gain":0.0,"event_name":"The Mausoleum","player_choice":"Opened","floor":21.0,"gold_loss":0.0,"damage_taken":0.0,"relics_obtained":["Peace Pipe"],"cards_obtained":["Writhe"]},{"damage_healed":0.0,"max_hp_gain":0.0,"max_hp_loss":0.0,"gold_gain":0.0,"event_name":"Wheel of Change","player_choice":"Relic","floor":22.0,"gold_loss":0.0,"damage_taken":0.0},{"damage_healed":0.0,"max_hp_gain":0.0,"max_hp_loss":3.0,"gold_gain":0.0,"event_name":"Winding Halls","player_choice":"Max HP","floor":36.0,"gold_loss":0.0,"damage_taken":0.0},{"damage_healed":0.0,"max_hp_gain":0.0,"max_hp_loss":0.0,"gold_gain":0.0,"event_name":"Tomb of Lord Red Mask","player_choice":"Paid","floor":44.0,"gold_loss":220.0,"damage_taken":0.0,"relics_obtained":["Red Mask"]},{"damage_healed":0.0,"max_hp_gain":0.0,"max_hp_loss":0.0,"gold_gain":0.0,"event_name":"MindBloom","player_choice":"Fight","floor":48.0,"gold_loss":0.0,"damage_taken":0.0}],"is_beta":false,"boss_relics":[{"not_picked":["Astrolabe","HoveringKite"],"picked":"Fusion Hammer"},{"not_picked":["Velvet Choker","Pandora\u0027s Box"],"picked":"Orrery"}],"items_purged_floors":[10,30],"is_endless":false,"potions_floor_spawned":[3,14,18,20,27,31,40,42,45,55],"ascension_level":20}