{"gold_per_floor":[110,127,127,52,52,52,114,143,143,143,155,155,155,166,166,265,265,278,178,195,195,120,120,120,120],"floor_reached":25,"playtime":1373,"items_purged":["Strike_R","Anger+1"],"score":187,"play_id":"ea003a6b-7507-4872-beeb-92874b24ffee","local_time":"20190326201206","is_ascension_mode":false,"campfire_choices":[{"data":"Dropkick","floor":6,"key":"SMITH"},{"floor":10,"key":"REST"},{"floor":12,"key":"REST"},{"data":"Defend_R","floor":15,"key":"SMITH"},{"floor":24,"key":"REST"}],"neow_cost":"NONE","seed_source_timestamp":278500881432897,"circlet_count":0,"master_deck":["Strike_R+1","Defend_R+1","Defend_R+1","Bash+1","Dropkick+1","Blood for Blood+1"],"relics":["Burning Blood","Champion Belt","Odd Mushroom","Singing Bowl","Astrolabe"],"potions_floor_usage":[8,16,25],"damage_taken":[{"damage":5,"enemies":"Cultist","floor":1,"turns":4},{"damage":7,"enemies":"2 Louse","floor":2,"turns":2},{"damage":31,"enemies":"3 Sentries","floor":7,"turns":10},{"damage":13,"enemies":"The Mushroom Lair","floor":8,"turns":3},{"damage":0,"enemies":"Small Slimes","floor":11,"turns":2},{"damage":1,"enemies":"Blue Slaver","floor":14,"turns":2},{"damage":37,"enemies":"The Guardian","floor":16,"turns":12},{"damage":7,"enemies":"3 Byrds","floor":18,"turns":5},{"damage":17,"enemies":"Shell Parasite","floor":20,"turns":4},{"damage":94,"enemies":"Slavers","floor":25,"turns":8}],"seed_played":"-1584346793588886828","potions_obtained":[{"floor":7,"key":"SteroidPotion"},{"floor":14,"key":"LiquidBronze"},{"floor":18,"key":"Block Potion"}],"is_trial":false,"path_per_floor":["M","M","?","$","?","R","?","?","T","R","M","R","?","M","R","B",null,"M","$","M","?","?","?","R","E"],"character_chosen":"IRONCLAD","items_purchased":[],"campfire_rested":3,"item_purchase_floors":[],"current_hp_per_floor":[80,79,63,63,63,63,38,31,31,55,63,82,75,82,82,53,86,87,87,78,78,78,78,90,0],"gold":120,"neow_bonus":"UPGRADE_CARD","is_prod":false,"is_daily":false,"chose_seed":false,"campfire_upgraded":2,"win_rate":0,"timestamp":1553649126,"path_taken":["M","M","?","$","?","R","?","?","T","R","?","R","?","M","R","BOSS","M","$","M","?","?","?","R","E"],"build_version":"2019-01-23","purchased_purges":2,"victory":false,"max_hp_per_floor":[80,80,80,80,80,80,80,80,80,80,82,82,82,84,84,86,86,88,88,90,90,90,90,90,90],"card_choices":[{"not_picked":["Flex","Warcry","Havoc"],"picked":"SKIP","floor":1},{"not_picked":["Anger","Iron Wave"],"picked":"Dropkick","floor":2},{"not_picked":["Rampage","Pommel Strike","Power Through"],"picked":"Singing Bowl","floor":11},{"not_picked":["Thunderclap","Power Through","Heavy Blade"],"picked":"Singing Bowl","floor":14},{"not_picked":["Bludgeon","Juggernaut","Reaper"],"picked":"Singing Bowl","floor":16},{"not_picked":["Clash","Corruption","Twin Strike"],"picked":"Singing Bowl","floor":18},{"not_picked":["Evolve","Heavy Blade","Rupture"],"picked":"Singing Bowl","floor":20}],"player_experience":786660,"relics_obtained":[{"floor":7,"key":"Champion Belt"},{"floor":8,"key":"Odd Mushroom"},{"floor":9,"key":"Singing Bowl"}],"event_choices":[{"damage_healed":0,"gold_gain":0,"player_choice":"Entered Light","damage_taken":16,"max_hp_gain":0,"max_hp_loss":0,"event_name":"Shining Light","floor":3,"gold_loss":0,"cards_upgraded":["Defend_R","Strike_R"]},{"cards_removed":["Defend_R"],"damage_healed":0,"gold_gain":0,"player_choice":"Forget","damage_taken":0,"max_hp_gain":0,"max_hp_loss":0,"event_name":"Living Wall","floor":5,"gold_loss":0},{"damage_healed":0,"gold_gain":0,"player_choice":"Searched \u00272\u0027 times","damage_taken":0,"max_hp_gain":0,"max_hp_loss":0,"event_name":"Dead Adventurer","floor":7,"gold_loss":0},{"damage_healed":0,"gold_gain":0,"player_choice":"Fought Mushrooms","damage_taken":0,"max_hp_gain":0,"max_hp_loss":0,"event_name":"Mushrooms","floor":8,"gold_loss":0},{"cards_removed":["Strike_R"],"damage_healed":0,"gold_gain":0,"player_choice":"Card Removal","damage_taken":7,"max_hp_gain":0,"max_hp_loss":0,"event_name":"Golden Wing","floor":13,"gold_loss":0},{"cards_removed":["Fiend Fire"],"damage_healed":0,"gold_gain":0,"player_choice":"Gave Gold","damage_taken":0,"max_hp_gain":0,"max_hp_loss":0,"event_name":"Beggar","floor":22,"gold_loss":75},{"damage_healed":0,"gold_gain":0,"player_choice":"Ignored","damage_taken":0,"max_hp_gain":0,"max_hp_loss":0,"event_name":"Accursed Blacksmith","floor":23,"gold_loss":0}],"is_beta":false,"boss_relics":[{"not_picked":["Lizard Tail","Fusion Hammer"],"picked":"Astrolabe"}],"items_purged_floors":[4,19],"is_endless":false,"potions_floor_spawned":[7,14,18],"killed_by":"Slavers","ascension_level":0}