{"gold_per_floor":[111,129,304,323,323,323,347,347,347,347,43,64,64,139,139,269,269,284,284,298,312,325,325,42,42,68,68,108,108,108,8,8,132,132,151,170,188,521,183,158,158,172,172,183,9,9,20,20,20,20],"floor_reached":51,"playtime":3640,"items_purged":["Doubt","Shame","Decay"],"score":705,"play_id":"18a07b03-e62b-4d3a-b65c-1b1221b6ece3","local_time":"20180829060452","is_ascension_mode":false,"campfire_choices":[{"data":"Barricade","floor":6,"key":"SMITH"},{"floor":8,"key":"REST"},{"data":"Inflame","floor":10,"key":"SMITH"},{"data":"Body Slam","floor":13,"key":"SMITH"},{"data":"Armaments","floor":15,"key":"SMITH"},{"floor":23,"key":"REST"},{"data":"Limit Break","floor":25,"key":"SMITH"},{"floor":27,"key":"REST"},{"floor":30,"key":"REST"},{"floor":32,"key":"REST"},{"floor":41,"key":"REST"},{"floor":49,"key":"REST"}],"neow_cost":"NONE","seed_source_timestamp":106767272351833,"circlet_count":0,"master_deck":["Strike_R+1","Strike_R+1","Strike_R+1","Strike_R+1","Defend_R+1","Defend_R+1","Defend_R+1","Defend_R+1","Bash+1","Barricade+1","Armaments+1","Sentinel+1","Flex+1","Inflame+1","Body Slam+1","Impervious+1","Shrug It Off+1","Spot Weakness+1","Feel No Pain+1","Limit Break+1","Impervious+1","Armaments+1","Flame Barrier+1","Berserk+1","Thunderclap+1","Feed+1","Metallicize+1","Cleave+1","Flex+1","Flex+1","Shrug It Off+1","Limit Break+1","Flex+1","Shrug It Off+1","Sentinel+1","Shockwave"],"relics":["Burning Blood","Question Card","Vajra","Anchor","Cursed Key","Enchiridion","DollysMirror","Dream Catcher","Blue Candle","Fusion Hammer","Ice Cream","Bottled Lightning","Mark of the Bloom"],"potions_floor_usage":[16,16,28,33,42,50],"damage_taken":[{"damage":7,"enemies":"2 Louse","floor":1,"turns":3},{"damage":2,"enemies":"Small Slimes","floor":2,"turns":4},{"damage":6,"enemies":"Jaw Worm","floor":4,"turns":12},{"damage":14,"enemies":"Large Slime","floor":7,"turns":11},{"damage":1,"enemies":"Blue Slaver","floor":12,"turns":4},{"damage":36,"enemies":"Hexaghost","floor":16,"turns":12},{"damage":46,"enemies":"3 Byrds","floor":18,"turns":9},{"damage":12,"enemies":"Spheric Guardian","floor":20,"turns":7},{"damage":0,"enemies":"Snecko","floor":21,"turns":6},{"damage":5,"enemies":"Sentry and Sphere","floor":22,"turns":5},{"damage":56,"enemies":"Slavers","floor":28,"turns":7},{"damage":32,"enemies":"Automaton","floor":33,"turns":9},{"damage":18,"enemies":"Orb Walker","floor":35,"turns":5},{"damage":0,"enemies":"3 Shapes","floor":36,"turns":4},{"damage":34,"enemies":"3 Darklings","floor":37,"turns":6},{"damage":11,"enemies":"Flame Bruiser 2 Orb","floor":42,"turns":4},{"damage":11,"enemies":"Sphere and 2 Shapes","floor":44,"turns":6},{"damage":0,"enemies":"Spire Growth","floor":47,"turns":6},{"damage":52,"enemies":"Donu and Deca","floor":50,"turns":16}],"seed_played":"938297489446416811","potions_obtained":[{"floor":4,"key":"SpeedPotion"},{"floor":12,"key":"SpeedPotion"},{"floor":21,"key":"Swift Potion"},{"floor":28,"key":"LiquidBronze"},{"floor":37,"key":"PowerPotion"},{"floor":47,"key":"SteroidPotion"}],"is_trial":false,"path_per_floor":["M","M","?","M","?","R","M","R","T","R","$","M","R","?","R","B",null,"M","?","M","M","M","R","$","R","T","R","E","?","R","$","R","B",null,"M","M","M","?","$","$","R","M","T","M","$","?","M","?","R","B"],"character_chosen":"IRONCLAD","items_purchased":["Vajra","Anchor","DollysMirror","Ice Cream","Flex","Shrug It Off","Shrug It Off"],"campfire_rested":7,"item_purchase_floors":[11,11,24,39,39,40,45],"current_hp_per_floor":[79,80,80,80,60,60,52,76,76,76,76,80,80,69,69,39,80,40,24,18,24,25,49,49,49,49,73,23,23,47,47,71,45,80,71,80,52,52,52,52,77,72,72,70,70,70,76,76,76,24],"gold":20,"neow_bonus":"ONE_RANDOM_RARE_CARD","is_prod":false,"is_daily":false,"chose_seed":false,"campfire_upgraded":5,"win_rate":0,"timestamp":1535519092,"path_taken":["M","M","?","M","?","R","M","R","T","R","$","M","R","?","R","BOSS","M","?","M","M","M","R","$","R","T","R","E","?","R","$","R","BOSS","M","M","?","?","?","$","R","M","T","M","$","?","M","?","R","BOSS"],"build_version":"2018-08-23v2","purchased_purges":3,"victory":true,"max_hp_per_floor":[80,80,80,80,80,80,80,80,80,80,80,80,80,80,80,80,80,80,80,80,80,80,80,80,80,80,80,80,80,80,80,80,80,80,83,86,86,86,86,86,86,86,86,89,89,89,89,89,89,93],"card_choices":[{"not_picked":["Rampage","Pommel Strike"],"picked":"Armaments","floor":1},{"not_picked":["Sword Boomerang","Evolve"],"picked":"Sentinel","floor":2},{"not_picked":["Corruption","Anger"],"picked":"Flex","floor":4},{"not_picked":["Whirlwind","Twin Strike"],"picked":"Inflame","floor":7},{"not_picked":["Battle Trance","Twin Strike","Infernal Blade"],"picked":"Body Slam","floor":12},{"not_picked":["Barricade","Dark Embrace","Immolate"],"picked":"Impervious","floor":16},{"not_picked":["True Grit","Wild Strike","Searing Blow"],"picked":"Shrug It Off","floor":18},{"not_picked":["Exhume","Hemokinesis","Clash+1"],"picked":"Spot Weakness","floor":20},{"not_picked":["Anger+1","Havoc","Infernal Blade"],"picked":"Feel No Pain+1","floor":21},{"not_picked":["Cleave","Shockwave","Perfected Strike"],"picked":"Limit Break","floor":22},{"not_picked":["Corruption+1","Anger+1","Warcry"],"picked":"Armaments+1","floor":27},{"not_picked":["Anger","Wild Strike","Searing Blow"],"picked":"Flame Barrier","floor":28},{"not_picked":["True Grit","Clothesline","Heavy Blade"],"picked":"Berserk","floor":30},{"not_picked":["Sever Soul","Warcry","Wild Strike"],"picked":"Thunderclap","floor":32},{"not_picked":["Brutality","Berserk","Limit Break"],"picked":"Feed","floor":33},{"not_picked":["Power Through+1","Shrug It Off","Body Slam"],"picked":"Metallicize","floor":35},{"not_picked":["Dropkick+1","Whirlwind","Carnage"],"picked":"Cleave+1","floor":36},{"not_picked":["True Grit+1","Blood for Blood","Havoc"],"picked":"Flex+1","floor":37},{"not_picked":["Carnage+1","Havoc","True Grit+1"],"picked":"Limit Break","floor":41},{"not_picked":["Clothesline","Pommel Strike+1","Sentinel","Twin Strike"],"picked":"SKIP","floor":42},{"not_picked":["Sever Soul","Feel No Pain","Thunderclap+1"],"picked":"Flex","floor":44},{"not_picked":["Sword Boomerang+1","Infernal Blade","Blood for Blood+1"],"picked":"Sentinel+1","floor":47},{"not_picked":["Thunderclap+1","Twin Strike+1","True Grit+1"],"picked":"Shockwave","floor":49}],"player_experience":463648,"relics_obtained":[{"floor":9,"key":"Question Card"},{"floor":19,"key":"Enchiridion"},{"floor":26,"key":"Dream Catcher"},{"floor":28,"key":"Blue Candle"},{"floor":43,"key":"Bottled Lightning"}],"event_choices":[{"event_name":"Liars Game","player_choice":"agreed","floor":3,"damage_taken":0},{"event_name":"Golden Idol","player_choice":"Take Damage","floor":5,"damage_taken":0},{"event_name":"World of Goop","player_choice":"Gather Gold","floor":14,"damage_taken":0},{"event_name":"Cursed Tome","player_choice":"Obtained Book","floor":19,"damage_taken":0},{"event_name":"The Moai Head","player_choice":"Gave Idol","floor":38,"damage_taken":0},{"event_name":"Falling","player_choice":"Removed Attack","floor":46,"damage_taken":0},{"event_name":"MindBloom","player_choice":"Upgrade","floor":48,"damage_taken":0}],"is_beta":false,"boss_relics":[{"not_picked":["Velvet Choker","Lizard Tail"],"picked":"Cursed Key"},{"not_picked":["Philosopher\u0027s Stone","Runic Cube"],"picked":"Fusion Hammer"}],"items_purged_floors":[24,31,45],"is_endless":false,"potions_floor_spawned":[4,12,21,28,37,47],"ascension_level":0}