{"gold_per_floor":[114,114,129,144,144,174,174,174,174,174,189,189,204,234,234,334,334,349,364,379,394,394,394,394],"floor_reached":24,"playtime":2286,"items_purged":[],"score":458,"play_id":"9cd8af09-5882-45ed-9cec-89331de72b97","local_time":"20180807061944","daily_mods":["Insanity","Elite Swarm","Hoarder"],"is_ascension_mode":false,"campfire_choices":[{"data":"Inflame","floor":7,"key":"SMITH"},{"data":"Heavy Blade","floor":10,"key":"SMITH"},{"data":"Inflame","floor":12,"key":"SMITH"},{"data":"Feel No Pain","floor":15,"key":"SMITH"},{"data":"Feel No Pain","floor":23,"key":"SMITH"}],"neow_cost":"","seed_source_timestamp":0,"circlet_count":0,"master_deck":["Flame Barrier","Blood for Blood","Battle Trance","Seeing Red","Limit Break","Sword Boomerang","Headbutt","Sentinel","Limit Break","Heavy Blade+1","Offering","Entrench","Barricade","Juggernaut","Cleave","Evolve","Barricade","Carnage","Infernal Blade","Dark Embrace","Berserk","Carnage","Pummel","Rage","Wild Strike","Disarm","Seeing Red","Anger","Carnage","Pommel Strike","Headbutt","Reaper","Double Tap","Ghostly Armor","Infernal Blade+1","Infernal Blade","True Grit","Dark Embrace","Barricade","Thunderclap","Limit Break","Evolve","Feel No Pain+1","Exhume","Offering","True Grit","Rampage","Barricade","Bash","Rupture","Pummel","Pummel","Pummel","Feel No Pain+1","Feel No Pain","Feel No Pain","Inflame+1","Inflame+1","Inflame","Limit Break","Limit Break","Limit Break","Warcry+1","Warcry","Warcry","Spot Weakness","Spot Weakness","Spot Weakness","Feed","Feed","Feed","Feed","Feed","Feed","Infernal Blade+1","Infernal Blade+1","Infernal Blade+1","True Grit+1","True Grit+1","True Grit+1"],"special_seed":17750,"relics":["Burning Blood","Omamori","Shovel","Meat on the Bone","War Paint","Philosopher\u0027s Stone","Ancient Tea Set"],"potions_floor_usage":[14,20,20,20],"damage_taken":[{"damage":13,"enemies":"Cultist","floor":1,"turns":4},{"damage":0,"enemies":"2 Louse","floor":3,"turns":3},{"damage":0,"enemies":"Small Slimes","floor":4,"turns":2},{"damage":18,"enemies":"Gremlin Nob","floor":6,"turns":4},{"damage":7,"enemies":"Exordium Wildlife","floor":11,"turns":2},{"damage":3,"enemies":"Looter","floor":13,"turns":3},{"damage":15,"enemies":"Lagavulin","floor":14,"turns":7},{"damage":29,"enemies":"Slime Boss","floor":16,"turns":10},{"damage":37,"enemies":"Spheric Guardian","floor":18,"turns":6},{"damage":6,"enemies":"Chosen","floor":19,"turns":5},{"damage":34,"enemies":"Slaver and Parasite","floor":20,"turns":4},{"damage":28,"enemies":"Centurion and Healer","floor":21,"turns":7},{"damage":49,"enemies":"Slavers","floor":24,"turns":2}],"seed_played":"581998401352651869","potions_obtained":[{"floor":4,"key":"Weak Potion"},{"floor":6,"key":"LiquidBronze"},{"floor":11,"key":"SkillPotion"},{"floor":16,"key":"Strength Potion"},{"floor":20,"key":"Dexterity Potion"}],"is_trial":false,"path_per_floor":["M","?","M","M","?","E","R","?","T","R","M","R","M","E","R","B",null,"M","M","M","M","?","R"],"character_chosen":"IRONCLAD","items_purchased":[],"campfire_rested":0,"item_purchase_floors":[],"current_hp_per_floor":[73,73,79,80,77,65,65,70,70,70,69,69,72,63,63,60,85,54,54,41,49,49,49,0],"gold":394,"neow_bonus":"","is_prod":false,"is_daily":true,"chose_seed":false,"campfire_upgraded":5,"win_rate":0,"timestamp":1533619184,"path_taken":["M","?","M","M","?","E","R","?","T","R","M","R","M","E","R","BOSS","M","M","M","M","?","R","E"],"build_version":"2018-08-02","purchased_purges":0,"victory":false,"max_hp_per_floor":[80,80,80,80,80,80,80,85,85,85,85,85,85,85,85,85,85,85,85,88,94,94,94,94],"card_choices":[{"not_picked":["Twin Strike","Wild Strike"],"picked":"Pummel","floor":1},{"not_picked":["Cleave","Clash"],"picked":"Feel No Pain","floor":3},{"not_picked":["Rampage","Rupture"],"picked":"Inflame","floor":4},{"not_picked":["Exhume","Dark Embrace"],"picked":"Limit Break","floor":6},{"not_picked":["Pommel Strike","Whirlwind"],"picked":"Warcry","floor":11},{"not_picked":["Cleave","Second Wind"],"picked":"Spot Weakness","floor":13},{"not_picked":["Brutality","Demon Form"],"picked":"Feed","floor":14},{"not_picked":["Offering","Limit Break"],"picked":"Feed","floor":16},{"not_picked":["Clash","Burning Pact+1","Sword Boomerang"],"picked":"SKIP","floor":18},{"not_picked":["Rage","Pommel Strike"],"picked":"Infernal Blade+1","floor":19},{"not_picked":["Havoc","Searing Blow"],"picked":"True Grit+1","floor":20},{"not_picked":["Pommel Strike+1","Headbutt","Second Wind"],"picked":"SKIP","floor":21}],"player_experience":299602,"relics_obtained":[{"floor":6,"key":"Shovel"},{"floor":9,"key":"Meat on the Bone"},{"floor":14,"key":"War Paint"}],"event_choices":[{"event_name":"Liars Game","player_choice":"disagreed","floor":2,"damage_taken":0},{"event_name":"Scrap Ooze","player_choice":"success","floor":5,"damage_taken":3},{"event_name":"Big Fish","player_choice":"Donut","floor":8,"damage_taken":0},{"event_name":"The Mausoleum","player_choice":"Yes","floor":22,"damage_taken":0}],"is_beta":false,"boss_relics":[{"not_picked":["Pandora\u0027s Box","Calling Bell"],"picked":"Philosopher\u0027s Stone"}],"items_purged_floors":[],"is_endless":false,"potions_floor_spawned":[4,6,11,13,16,20,21],"killed_by":"Slavers","ascension_level":0}