{"gold_per_floor":[109,126,126,51,69,104,104,118,118,132,132,143,153,16,16,16],"floor_reached":16,"playtime":737,"items_purged":["Defend_G","Strike_G"],"score":208,"play_id":"04b75afb-8063-421b-98d0-fbe255134c3e","local_time":"20190329115853","is_ascension_mode":true,"campfire_choices":[{"data":"Predator","floor":7.0,"key":"SMITH"},{"data":"Noxious Fumes","floor":11.0,"key":"SMITH"},{"data":"Blade Dance","floor":15.0,"key":"SMITH"}],"neow_cost":"NONE","seed_source_timestamp":508701076547087,"circlet_count":0,"master_deck":["AscendersBane","Defend_G","Defend_G","Defend_G","Defend_G","Strike_G","Strike_G","Strike_G","Survivor","Neutralize","Predator+1","Dodge and Roll","Cloak And Dagger","Backflip","Escape Plan","Noxious Fumes+1","Blade Dance+1","Crippling Poison","Dash"],"special_seed":0,"relics":["Ring of the Snake","Question Card","Kunai"],"potions_floor_usage":[16],"damage_taken":[{"damage":0.0,"enemies":"Small Slimes","floor":1.0,"turns":4.0},{"damage":1.0,"enemies":"Cultist","floor":2.0,"turns":3.0},{"damage":0.0,"enemies":"Jaw Worm","floor":5.0,"turns":4.0},{"damage":35.0,"enemies":"Gremlin Nob","floor":6.0,"turns":6.0},{"damage":8.0,"enemies":"Exordium Thugs","floor":8.0,"turns":7.0},{"damage":2.0,"enemies":"Gremlin Gang","floor":10.0,"turns":6.0},{"damage":0.0,"enemies":"Blue Slaver","floor":12.0,"turns":5.0},{"damage":8.0,"enemies":"Large Slime","floor":13.0,"turns":5.0},{"damage":16,"enemies":"The Guardian","floor":16,"turns":2}],"seed_played":"3835829876895948710","potions_obtained":[{"floor":1.0,"key":"GhostInAJar"},{"floor":6.0,"key":"Swift Potion"},{"floor":8.0,"key":"Explosive Potion"},{"floor":10.0,"key":"Dexterity Potion"}],"is_trial":false,"path_per_floor":["M","M","?","$","M","E","R","M","T","M","R","M","M","$","R","B"],"character_chosen":"THE_SILENT","items_purchased":["Dash"],"campfire_rested":0,"item_purchase_floors":[14],"current_hp_per_floor":[65,64,64,64,64,29,29,21,21,19,19,19,11,11,11,0],"gold":16,"neow_bonus":"TEN_PERCENT_HP_BONUS","is_prod":false,"is_daily":false,"chose_seed":false,"campfire_upgraded":3,"win_rate":0,"timestamp":1553878733,"path_taken":["M","M","?","$","M","E","R","M","T","?","R","M","M","$","R","BOSS"],"build_version":"2019-01-23","purchased_purges":2,"victory":false,"max_hp_per_floor":[72,72,72,72,72,72,72,72,72,72,72,72,72,72,72,72],"card_choices":[{"not_picked":["Blur","Flechettes"],"picked":"Predator","floor":1.0},{"not_picked":["Catalyst","Accuracy"],"picked":"Dodge and Roll","floor":2.0},{"not_picked":["Dagger Throw","Quick Slash"],"picked":"Cloak And Dagger","floor":5.0},{"not_picked":["Dagger Throw","Unload"],"picked":"Backflip","floor":6.0},{"not_picked":["Dodge and Roll","Caltrops","Calculated Gamble"],"picked":"Escape Plan","floor":8.0},{"not_picked":["Prepared","Poisoned Stab","Masterful Stab"],"picked":"Noxious Fumes","floor":10.0},{"not_picked":["Flying Knee","Reflex","Underhanded Strike"],"picked":"Blade Dance","floor":12.0},{"not_picked":["Quick Slash","Backflip","Deadly Poison"],"picked":"Crippling Poison","floor":13.0}],"player_experience":805434,"relics_obtained":[{"floor":6.0,"key":"Question Card"},{"floor":9.0,"key":"Kunai"}],"event_choices":[{"cards_removed":["Strike_G"],"damage_healed":0.0,"max_hp_gain":0.0,"max_hp_loss":0.0,"gold_gain":0.0,"event_name":"Bonfire Elementals","player_choice":"Offered Basic","floor":3.0,"gold_loss":0.0,"damage_taken":0.0}],"is_beta":false,"boss_relics":[],"items_purged_floors":[4,14],"is_endless":false,"potions_floor_spawned":[1,6,8,10],"killed_by":"The Guardian","ascension_level":20}