{"gold_per_floor":[13,13,13,13,13,39,39,68,123,143,143,143,157,171,171,267,267,284,284,297,309,83,83],"floor_reached":23,"playtime":1262,"items_purged":[],"score":199,"play_id":"f8788196-fca4-43d1-8c49-acf6dff4f04b","local_time":"20190315020606","is_ascension_mode":false,"campfire_choices":[{"floor":7,"key":"REST"},{"floor":12,"key":"REST"},{"data":"Madness","floor":15,"key":"SMITH"}],"neow_cost":"NO_GOLD","seed_source_timestamp":153689072076968,"circlet_count":0,"master_deck":["Strike_B","Strike_B","Strike_B","Strike_B","Defend_B","Defend_B","Defend_B","Defend_B","Zap","Dualcast","Madness+1","Genetic Algorithm","Master of Strategy","Auto Shields","Hologram","Rebound","Go for the Eyes","Seek","Sunder","Reinforced Body","Stack","Doom and Gloom","Hello World","Cold Snap+1","Turbo","Go for the Eyes+1","Stack"],"relics":["Cracked Core","Mercury Hourglass","Ancient Tea Set","Omamori","Orrery","PrismaticShard"],"potions_floor_usage":[6,16,20],"damage_taken":[{"damage":1,"enemies":"Jaw Worm","floor":1,"turns":3},{"damage":47,"enemies":"Lagavulin","floor":6,"turns":12},{"damage":20,"enemies":"3 Sentries","floor":8,"turns":6},{"damage":2,"enemies":"Small Slimes","floor":10,"turns":3},{"damage":0,"enemies":"2 Louse","floor":13,"turns":3},{"damage":2,"enemies":"Blue Slaver","floor":14,"turns":4},{"damage":29,"enemies":"Slime Boss","floor":16,"turns":10},{"damage":14,"enemies":"2 Thieves","floor":18,"turns":4},{"damage":6,"enemies":"Spheric Guardian","floor":20,"turns":4},{"damage":10,"enemies":"3 Cultists","floor":21,"turns":6},{"damage":44,"enemies":"Gremlin Leader","floor":23,"turns":7}],"seed_played":"-1817891295042963720","potions_obtained":[{"floor":1,"key":"SpeedPotion"},{"floor":10,"key":"Ancient Potion"},{"floor":18,"key":"Regen Potion"}],"is_trial":false,"path_per_floor":["M","?","$","?","$","E","R","E","T","M","?","R","M","M","R","B",null,"M","?","M","M","$","E"],"character_chosen":"DEFECT","items_purchased":["Stack","PrismaticShard"],"campfire_rested":2,"item_purchase_floors":[22,22],"current_hp_per_floor":[74,74,74,74,74,27,49,29,29,27,45,67,67,65,65,36,75,61,47,53,43,43,0],"gold":83,"neow_bonus":"RANDOM_COLORLESS_2","is_prod":false,"is_daily":false,"chose_seed":false,"campfire_upgraded":1,"win_rate":0,"timestamp":1552624566,"path_taken":["M","?","$","?","?","E","R","E","T","M","?","R","M","M","R","BOSS","M","?","M","M","$","E"],"build_version":"2019-02-06","purchased_purges":0,"victory":false,"max_hp_per_floor":[75,75,75,75,75,75,75,75,75,75,75,75,75,75,75,75,75,75,80,80,80,80,80],"card_choices":[{"not_picked":["Double Energy","BootSequence"],"picked":"Genetic Algorithm","floor":1},{"not_picked":["Reprogram","Redo","Barrage"],"picked":"SKIP","floor":6},{"not_picked":["Compile Driver","All For One"],"picked":"Auto Shields","floor":8},{"not_picked":["Sweeping Beam","Compile Driver"],"picked":"Hologram","floor":10},{"not_picked":["Heatsinks","Skim"],"picked":"Rebound","floor":13},{"not_picked":["Barrage","Gash"],"picked":"Go for the Eyes","floor":14},{"not_picked":["Amplify","Biased Cognition"],"picked":"Seek","floor":16},{"not_picked":["Streamline","Blizzard"],"picked":"Sunder","floor":17},{"not_picked":["Consume","Sunder"],"picked":"Reinforced Body","floor":17},{"not_picked":["Storm","Reinforced Body"],"picked":"Stack","floor":17},{"not_picked":["Steam Power","Scrape"],"picked":"Doom and Gloom","floor":17},{"not_picked":["Streamline","Compile Driver"],"picked":"Hello World","floor":17},{"not_picked":["Rip and Tear","Hologram"],"picked":"Cold Snap+1","floor":18},{"not_picked":["Rip and Tear","Stack+1"],"picked":"Turbo","floor":20},{"not_picked":["Cold Snap+1","Lockon+1"],"picked":"Go for the Eyes+1","floor":21}],"player_experience":711990,"relics_obtained":[{"floor":6,"key":"Mercury Hourglass"},{"floor":8,"key":"Ancient Tea Set"},{"floor":9,"key":"Omamori"}],"event_choices":[{"damage_healed":0,"gold_gain":0,"player_choice":"Leave","damage_taken":0,"max_hp_gain":0,"max_hp_loss":0,"event_name":"The Cleric","floor":2,"gold_loss":0},{"damage_healed":0,"gold_gain":0,"cards_transformed":["Panacea"],"player_choice":"Change","damage_taken":0,"max_hp_gain":0,"max_hp_loss":0,"event_name":"Living Wall","floor":4,"gold_loss":0,"cards_obtained":["Master of Strategy"]},{"damage_healed":18,"gold_gain":0,"player_choice":"Healed and dodged fight","damage_taken":0,"max_hp_gain":0,"max_hp_loss":0,"event_name":"Mushrooms","floor":11,"gold_loss":0,"cards_obtained":["Parasite"]},{"damage_healed":0,"gold_gain":0,"player_choice":"Shed Blood","damage_taken":19,"max_hp_gain":5,"max_hp_loss":0,"event_name":"Forgotten Altar","floor":19,"gold_loss":0}],"is_beta":true,"boss_relics":[{"not_picked":["Runic Pyramid","Runic Dome"],"picked":"Orrery"}],"items_purged_floors":[],"is_endless":false,"potions_floor_spawned":[1,10,18],"killed_by":"Gremlin Leader","ascension_level":0}