{"gold_per_floor":[114,129,229,229,244,259,259,259,284,314,314,329,71,86,86,186,186,201,216,216,216,231,246,246,246,246,276,276,291,336,237,237,337,337,352,352,352,367,382,382,412,412,412,32,32,47,362,377,377,377],"floor_reached":51,"playtime":4105,"items_purged":[],"score":928,"play_id":"eb2386fd-02e1-40b9-a696-79616992a59f","local_time":"20180908160437","daily_mods":["Shiny","Uncertain Future","Vintage"],"is_ascension_mode":false,"campfire_choices":[{"data":"Buffer","floor":7,"key":"SMITH"},{"data":"Amplify","floor":11,"key":"SMITH"},{"data":"Hyperbeam","floor":15,"key":"SMITH"},{"floor":24,"key":"REST"},{"data":"Buffer","floor":28,"key":"SMITH"},{"data":"Hello World","floor":32,"key":"SMITH"},{"data":"Madness","floor":40,"key":"SMITH"},{"data":"Madness","floor":42,"key":"SMITH"},{"data":"Panache","floor":49,"key":"SMITH"}],"neow_cost":"","seed_source_timestamp":0,"circlet_count":0,"master_deck":["Multi-Cast+1","Hyperbeam+1","Thunder Strike+1","Machine Learning+1","Electrodynamics+1","Buffer+1","Rainbow+1","Seek+1","Meteor Strike+1","Echo Form+1","All For One+1","Reboot+1","Amplify+1","Creative AI+1","Fission+1","Core Surge+1","Machine Learning+1","Loop+1","Glacier+1","Loop+1","Buffer+1","Self Repair+1","Hello World+1","Steam+1","Meteor Strike+1","Madness+1","Madness+1","Steam","Panache+1","HandOfGreed"],"special_seed":17782,"relics":["Cracked Core","Anchor","Strawberry","Regal Pillow","Bronze Scales","Blood Vial","Orichalcum","Incense Burner","Whetstone","Lantern","Omamori","Cursed Key","Calipers","War Paint","Necronomicon","Boot","Du-Vu Doll","Oddly Smooth Stone","Art of War","Tiny Chest","Happy Flower","Busted Crown","Juzu Bracelet","Mark of the Bloom","Ornamental Fan","Pen Nib","Unceasing Top","Strange Spoon","Sundial","Old Coin","Peace Pipe"],"potions_floor_usage":[2,5,25,27,46,46,46,50,50],"damage_taken":[{"damage":0,"enemies":"Small Slimes","floor":1,"turns":1},{"damage":2,"enemies":"Cultist","floor":2,"turns":4},{"damage":0,"enemies":"2 Louse","floor":5,"turns":1},{"damage":0,"enemies":"Exordium Thugs","floor":6,"turns":4},{"damage":0,"enemies":"Lagavulin","floor":10,"turns":5},{"damage":0,"enemies":"3 Louse","floor":12,"turns":1},{"damage":0,"enemies":"2 Fungi Beasts","floor":14,"turns":1},{"damage":0,"enemies":"Slime Boss","floor":16,"turns":5},{"damage":16,"enemies":"2 Thieves","floor":18,"turns":4},{"damage":0,"enemies":"Spheric Guardian","floor":19,"turns":5},{"damage":26,"enemies":"Snake Plant","floor":22,"turns":3},{"damage":0,"enemies":"Snecko","floor":23,"turns":3},{"damage":0,"enemies":"Shelled Parasite and Fungi","floor":25,"turns":2},{"damage":0,"enemies":"Book of Stabbing","floor":27,"turns":5},{"damage":0,"enemies":"Snake Plant","floor":29,"turns":2},{"damage":0,"enemies":"Chosen and Byrds","floor":30,"turns":2},{"damage":2,"enemies":"Automaton","floor":33,"turns":7},{"damage":0,"enemies":"Orb Walker","floor":35,"turns":3},{"damage":0,"enemies":"3 Darklings","floor":38,"turns":2},{"damage":0,"enemies":"Sphere and 2 Shapes","floor":39,"turns":3},{"damage":0,"enemies":"Giant Head","floor":41,"turns":4},{"damage":6,"enemies":"4 Shapes","floor":46,"turns":3},{"damage":0,"enemies":"3 Darklings","floor":47,"turns":2},{"damage":0,"enemies":"Transient","floor":48,"turns":4},{"damage":0,"enemies":"Time Eater","floor":50,"turns":5}],"seed_played":"6885944374877382416","potions_obtained":[{"floor":1,"key":"AttackPotion"},{"floor":2,"key":"AttackPotion"},{"floor":10,"key":"FearPotion"},{"floor":12,"key":"SmokeBomb"},{"floor":19,"key":"Energy Potion"},{"floor":27,"key":"SteroidPotion"},{"floor":29,"key":"Poison Potion"},{"floor":41,"key":"Swift Potion"},{"floor":46,"key":"EssenceOfSteel"},{"floor":47,"key":"Energy Potion"},{"floor":48,"key":"Swift Potion"}],"is_trial":false,"path_per_floor":["M","M","?","?","M","M","R","?","T","E","R","M","$","M","R","B",null,"M","M","?","?","M","M","R","M","T","E","R","M","M","$","R","B",null,"M","?","?","M","M","R","E","R","T","$","?","M","M","M","R","B"],"character_chosen":"DEFECT","items_purchased":["Glacier","Loop","Whetstone","Hello World","Steam","Panache","Strange Spoon"],"campfire_rested":1,"item_purchase_floors":[13,13,13,31,31,44,44],"current_hp_per_floor":[75,80,80,80,80,80,80,80,80,82,82,82,82,82,82,82,82,66,68,52,52,28,30,69,71,71,73,73,82,82,82,82,82,82,82,82,72,72,72,72,72,72,72,72,72,66,66,66,66,66],"gold":377,"neow_bonus":"","is_prod":false,"is_daily":true,"chose_seed":false,"campfire_upgraded":8,"win_rate":0,"timestamp":1536419077,"path_taken":["M","M","?","?","M","M","R","?","T","E","R","M","$","M","R","BOSS","M","M","?","?","M","M","R","M","T","E","R","M","?","$","R","BOSS","M","?","?","M","M","R","E","R","T","$","?","M","M","M","R","BOSS"],"build_version":"2018-09-06","purchased_purges":0,"victory":true,"max_hp_per_floor":[75,82,82,82,82,82,82,82,82,82,82,82,82,82,82,82,82,82,82,82,82,82,82,82,82,82,82,82,82,82,82,82,82,82,82,82,82,82,82,82,82,82,82,82,82,82,82,82,82,82],"card_choices":[{"not_picked":["Beam Cell","Barrage"],"picked":"Loop","floor":10},{"not_picked":["Machine Learning","Rainbow"],"picked":"Buffer","floor":16},{"not_picked":["Chill","Beam Cell+1"],"picked":"Self Repair+1","floor":27},{"not_picked":["Echo Form","Reboot"],"picked":"Meteor Strike","floor":33},{"not_picked":[],"picked":"Steam","floor":41},{"not_picked":[],"picked":"HandOfGreed","floor":45}],"player_experience":520242,"relics_obtained":[{"floor":1,"key":"Anchor"},{"floor":2,"key":"Strawberry"},{"floor":5,"key":"Regal Pillow"},{"floor":6,"key":"Bronze Scales"},{"floor":9,"key":"Blood Vial"},{"floor":10,"key":"Orichalcum"},{"floor":12,"key":"Incense Burner"},{"floor":14,"key":"Lantern"},{"floor":16,"key":"Omamori"},{"floor":18,"key":"Calipers"},{"floor":19,"key":"War Paint"},{"floor":20,"key":"Necronomicon"},{"floor":22,"key":"Boot"},{"floor":23,"key":"Du-Vu Doll"},{"floor":27,"key":"Oddly Smooth Stone"},{"floor":29,"key":"Art of War"},{"floor":30,"key":"Tiny Chest"},{"floor":33,"key":"Happy Flower"},{"floor":35,"key":"Juzu Bracelet"},{"floor":38,"key":"Ornamental Fan"},{"floor":39,"key":"Pen Nib"},{"floor":41,"key":"Unceasing Top"},{"floor":46,"key":"Sundial"},{"floor":47,"key":"Old Coin"},{"floor":48,"key":"Peace Pipe"}],"event_choices":[{"event_name":"Golden Shrine","player_choice":"Pray","floor":3,"damage_taken":0},{"event_name":"Transmorgrifier","player_choice":"Transform","floor":4,"damage_taken":0},{"event_name":"Living Wall","player_choice":"Grow","floor":8,"damage_taken":0},{"event_name":"Cursed Tome","player_choice":"Obtained Book","floor":20,"damage_taken":0},{"event_name":"Ghosts","player_choice":"Ignored","floor":21,"damage_taken":0},{"event_name":"MindBloom","player_choice":"Upgrade","floor":36,"damage_taken":0},{"event_name":"Winding Halls","player_choice":"Embrace Madness","floor":37,"damage_taken":0},{"event_name":"SensoryStone","player_choice":"Memory 1","floor":45,"damage_taken":0}],"is_beta":false,"boss_relics":[{"not_picked":["Calling Bell","Tiny House"],"picked":"Cursed Key"},{"not_picked":["White Beast Statue","Sozu"],"picked":"Busted Crown"}],"items_purged_floors":[],"is_endless":false,"potions_floor_spawned":[1,2,10,12,19,25,27,29,38,41,46,47,48],"ascension_level":0}