{"gold_per_floor":[113,130,142,162,173,204,204,236,236,248,263,277,277,291,291,386,386,398,398,323,337,437,437,497,497,497,497,217,217,217,11,11,115,115,130,130,140,18,32,32,32,32,32,43,43,43,43,63,63,63,63,63,13,43,43],"floor_reached":56,"playtime":3777,"items_purged":["Strike_G","Strike_G","Bite","Night Terror"],"score":1227,"play_id":"5970c6fe-2246-4ac9-b933-2ad44d8ded91","local_time":"20190208102059","is_ascension_mode":false,"campfire_choices":[{"floor":7,"key":"REST"},{"data":"Catalyst","floor":13,"key":"SMITH"},{"floor":15,"key":"REST"},{"data":"Footwork","floor":23,"key":"SMITH"},{"data":"Bouncing Flask","floor":25,"key":"SMITH"},{"data":"Catalyst","floor":32,"key":"SMITH"},{"floor":40,"key":"RECALL"},{"data":"Deadly Poison","floor":47,"key":"SMITH"},{"data":"Bouncing Flask","floor":49,"key":"SMITH"},{"data":"Survivor","floor":52,"key":"SMITH"}],"neow_cost":"NONE","seed_source_timestamp":151557919666921,"circlet_count":0,"master_deck":["Defend_G","Defend_G","Defend_G","Defend_G","Defend_G","Survivor+1","Neutralize","Footwork+1","Backflip","Bouncing Flask+1","Catalyst+1","Bouncing Flask+1","Deadly Poison+1","Dodge and Roll+1","Catalyst+1","Bite","Bite","Bite","Bite","Crippling Poison+1","Dodge and Roll"],"relics":["Snecko Eye","Matryoshka","Juzu Bracelet","Gremlin Horn","Boot","Coffee Dripper","Regal Pillow","Ice Cream","Ninja Scroll","Tiny Chest","Smiling Mask","TwistedFunnel","Anchor","Sozu","Question Card","Bottled Lightning","Bronze Scales"],"potions_floor_usage":[5,6,14,21,22,24,24,33],"damage_taken":[{"damage":0,"enemies":"Cultist","floor":1,"turns":4},{"damage":3,"enemies":"Jaw Worm","floor":2,"turns":5},{"damage":1,"enemies":"Small Slimes","floor":3,"turns":5},{"damage":27,"enemies":"Exordium Thugs","floor":4,"turns":8},{"damage":0,"enemies":"2 Fungi Beasts","floor":5,"turns":4},{"damage":6,"enemies":"Gremlin Nob","floor":6,"turns":3},{"damage":15,"enemies":"Lagavulin","floor":8,"turns":4},{"damage":0,"enemies":"Exordium Wildlife","floor":10,"turns":5},{"damage":8,"enemies":"Red Slaver","floor":11,"turns":2},{"damage":5,"enemies":"2 Fungi Beasts","floor":12,"turns":4},{"damage":12,"enemies":"Gremlin Gang","floor":14,"turns":4},{"damage":11,"enemies":"The Guardian","floor":16,"turns":7},{"damage":13,"enemies":"Spheric Guardian","floor":18,"turns":4},{"damage":11,"enemies":"Shell Parasite","floor":21,"turns":4},{"damage":12,"enemies":"Colosseum Slavers","floor":22,"turns":5},{"damage":23,"enemies":"Colosseum Nobs","floor":22,"turns":6},{"damage":6,"enemies":"Slavers","floor":24,"turns":7},{"damage":8,"enemies":"Champ","floor":33,"turns":3},{"damage":0,"enemies":"3 Darklings","floor":35,"turns":5},{"damage":0,"enemies":"3 Shapes","floor":37,"turns":4},{"damage":1,"enemies":"Spire Growth","floor":39,"turns":3},{"damage":0,"enemies":"Jaw Worm Horde","floor":44,"turns":3},{"damage":0,"enemies":"Maw","floor":48,"turns":3},{"damage":25,"enemies":"Awakened One","floor":50,"turns":15},{"damage":0,"enemies":"Shield and Spear","floor":54,"turns":6},{"damage":45,"enemies":"The Heart","floor":55,"turns":5}],"seed_played":"49207730891652512","potions_obtained":[{"floor":1,"key":"SpeedPotion"},{"floor":5,"key":"SkillPotion"},{"floor":8,"key":"FearPotion"},{"floor":10,"key":"SteroidPotion"},{"floor":16,"key":"Regen Potion"},{"floor":21,"key":"EssenceOfSteel"},{"floor":22,"key":"Poison Potion"},{"floor":24,"key":"EssenceOfSteel"}],"is_trial":false,"path_per_floor":["M","M","M","M","M","E","R","E","T","M","M","M","R","M","R","B",null,"M","T","$","M","?","R","E","R","T","?","$","?","?","$","R","B",null,"M","?","M","$","M","R","T","?","T","M","?","$","R","M","R","B",null,"R","$","E","B",null],"character_chosen":"THE_SILENT","items_purchased":["TwistedFunnel","Catalyst","Anchor","Crippling Poison","Dodge and Roll"],"campfire_rested":2,"item_purchase_floors":[28,28,31,38,53],"current_hp_per_floor":[70,67,66,39,39,33,54,39,39,39,31,26,26,14,35,24,70,57,57,57,58,23,23,17,17,17,17,17,17,49,49,49,45,49,49,49,49,49,48,48,48,47,47,47,47,47,47,47,47,41,47,47,47,47,4],"gold":43,"neow_bonus":"BOSS_RELIC","is_prod":false,"is_daily":false,"chose_seed":false,"campfire_upgraded":7,"win_rate":0,"timestamp":1549642859,"path_taken":["M","M","M","M","M","E","R","E","T","M","M","M","R","M","R","BOSS","M","?","$","M","?","R","E","R","T","?","$","?","?","?","R","BOSS","M","?","M","$","M","R","?","?","T","M","?","$","R","M","R","BOSS","R","$","E","BOSS"],"build_version":"2019-01-23","purchased_purges":4,"victory":true,"max_hp_per_floor":[70,70,70,70,70,70,70,70,70,70,70,70,70,70,70,70,70,70,70,70,70,70,70,70,70,70,70,70,49,49,49,49,49,49,49,49,49,49,49,49,49,47,47,47,47,47,47,47,47,47,47,47,47,47,47],"card_choices":[{"not_picked":["Sucker Punch","Acrobatics"],"picked":"Footwork","floor":1},{"not_picked":["Masterful Stab","Bane","PiercingWail"],"picked":"SKIP","floor":2},{"not_picked":["Slice","Acrobatics"],"picked":"Backflip","floor":3},{"not_picked":["Blade Dance","Dagger Spray"],"picked":"Bouncing Flask","floor":4},{"not_picked":["Masterful Stab","Reflex"],"picked":"Catalyst","floor":5},{"not_picked":["Die Die Die","Backstab"],"picked":"Bouncing Flask","floor":6},{"not_picked":["Infinite Blades","Cloak And Dagger"],"picked":"Deadly Poison","floor":8},{"not_picked":["Underhanded Strike","Outmaneuver"],"picked":"Dodge and Roll","floor":10},{"not_picked":["Acrobatics","Slice","Flying Knee"],"picked":"SKIP","floor":11},{"not_picked":["Slice","Flechettes","Skewer"],"picked":"SKIP","floor":12},{"not_picked":["Slice","PiercingWail","Poisoned Stab"],"picked":"SKIP","floor":14},{"not_picked":["Accuracy","Sucker Punch+1","Infinite Blades"],"picked":"SKIP","floor":18},{"not_picked":["Terror","Dodge and Roll+1"],"picked":"Concentrate+1","floor":21},{"not_picked":["Dagger Spray","Distraction+1","Concentrate"],"picked":"SKIP","floor":24},{"not_picked":["Adrenaline","Envenom"],"picked":"Night Terror","floor":33},{"not_picked":["Deflect","Underhanded Strike+1","Dodge and Roll"],"picked":"SKIP","floor":35},{"not_picked":["PiercingWail+1","Blade Dance+1","Quick Slash+1"],"picked":"SKIP","floor":37},{"not_picked":["Adrenaline","Infinite Blades+1","Dagger Spray"],"picked":"SKIP","floor":39},{"not_picked":["Noxious Fumes+1","All Out Attack+1","Prepared+1","Underhanded Strike+1"],"picked":"SKIP","floor":44},{"not_picked":["Deflect","Cloak And Dagger+1","Dagger Spray","Outmaneuver+1"],"picked":"SKIP","floor":48},{"not_picked":["Dagger Spray+1","Cloak And Dagger+1","Poisoned Stab","Acrobatics"],"picked":"SKIP","floor":54}],"player_experience":749439,"relics_obtained":[{"floor":6,"key":"Matryoshka"},{"floor":8,"key":"Juzu Bracelet"},{"floor":9,"key":"Gremlin Horn"},{"floor":9,"key":"Boot"},{"floor":19,"key":"Regal Pillow"},{"floor":22,"key":"Ice Cream"},{"floor":22,"key":"Ninja Scroll"},{"floor":24,"key":"Tiny Chest"},{"floor":26,"key":"Smiling Mask"},{"floor":41,"key":"Question Card"},{"floor":43,"key":"Bottled Lightning"},{"floor":54,"key":"Bronze Scales"}],"event_choices":[{"damage_healed":0,"gold_gain":0,"player_choice":"Fight","damage_taken":0,"max_hp_gain":0,"max_hp_loss":0,"event_name":"Colosseum","floor":22,"gold_loss":0},{"damage_healed":0,"gold_gain":0,"player_choice":"Fought Nobs","damage_taken":0,"max_hp_gain":0,"max_hp_loss":0,"event_name":"Colosseum","floor":22,"gold_loss":0},{"damage_healed":0,"gold_gain":0,"player_choice":"Upgraded","damage_taken":0,"max_hp_gain":0,"max_hp_loss":0,"event_name":"Upgrade Shrine","floor":27,"gold_loss":0,"cards_upgraded":["Dodge and Roll"]},{"damage_healed":0,"gold_gain":0,"player_choice":"Became a vampire","damage_taken":0,"max_hp_gain":0,"max_hp_loss":21,"event_name":"Vampires","floor":29,"gold_loss":0,"cards_obtained":["Bite","Bite","Bite","Bite","Bite"]},{"cards_removed":["Concentrate"],"damage_healed":32,"gold_gain":0,"player_choice":"Offered Uncommon","damage_taken":0,"max_hp_gain":0,"max_hp_loss":0,"event_name":"Bonfire Elementals","floor":30,"gold_loss":0},{"damage_healed":0,"gold_gain":0,"player_choice":"Ignored","damage_taken":0,"max_hp_gain":0,"max_hp_loss":0,"event_name":"Tomb of Lord Red Mask","floor":36,"gold_loss":0},{"damage_healed":0,"gold_gain":0,"player_choice":"Max HP","damage_taken":0,"max_hp_gain":0,"max_hp_loss":2,"event_name":"Winding Halls","floor":42,"gold_loss":0},{"damage_healed":0,"gold_gain":0,"player_choice":"Forge","damage_taken":0,"max_hp_gain":0,"max_hp_loss":0,"event_name":"Accursed Blacksmith","floor":45,"gold_loss":0,"cards_upgraded":["Crippling Poison"]}],"is_beta":false,"boss_relics":[{"not_picked":["Eternal Feather","Runic Dome"],"picked":"Coffee Dripper"},{"not_picked":["Orrery","Lizard Tail"],"picked":"Sozu"}],"items_purged_floors":[20,28,31,38],"is_endless":false,"potions_floor_spawned":[1,5,8,10,16,21,22,24,44,48],"ascension_level":0}