{"gold_per_floor":[113,113,127,127,127,127,21,40,120,120,120,130,35,52,52,152,152,164,164,164,179,195,195,207,236,236,236,248,51,51,84,84,185,185,202,219,21,41,0,0,12,12,12,46,46,146,146,160,160,160],"floor_reached":50,"playtime":4024,"items_purged":[],"score":629,"play_id":"1c402d55-99d4-4fae-976f-e4bb10e28473","local_time":"20180811225007","is_ascension_mode":true,"campfire_choices":[{"data":"Shrug It Off","floor":6,"key":"SMITH"},{"data":"Bash","floor":10,"key":"SMITH"},{"data":"Armaments","floor":15,"key":"SMITH"},{"floor":23,"key":"REST"},{"data":"Inflame","floor":27,"key":"SMITH"},{"data":"Limit Break","floor":32,"key":"SMITH"},{"data":"Limit Break","floor":40,"key":"SMITH"},{"data":"Berserk","floor":45,"key":"SMITH"},{"data":"Feel No Pain","floor":47,"key":"SMITH"},{"data":"Reaper","floor":49,"key":"SMITH"}],"neow_cost":"NONE","seed_source_timestamp":3715631349680654,"circlet_count":0,"master_deck":["Strike_R+1","Strike_R","Strike_R","Defend_R+1","Defend_R+1","Defend_R","Bash+1","Shrug It Off+1","Pummel+1","Feel No Pain","Iron Wave","Iron Wave","Iron Wave","Armaments+1","Rage","Warcry","Reaper+1","Shockwave+1","Burning Pact+1","Shrug It Off+1","Battle Trance+1","Heavy Blade+1","Inflame+1","Feel No Pain+1","Fiend Fire","Thunderclap+1","Inflame+1","Limit Break+1","Berserk+1","Berserk+1","Flex+1","Limit Break+1","Dual Wield+1","Heavy Blade+1","Intimidate+1"],"relics":["Burning Blood","War Paint","Question Card","Bronze Scales","Astrolabe","Enchiridion","Juzu Bracelet","Regal Pillow","Nloth\u0027s Gift","Whetstone","Coffee Dripper","Art of War","Red Mask","Bag of Preparation","Boot"],"potions_floor_usage":[25,31,33,33,48,50,50,50],"damage_taken":[{"damage":0,"enemies":"Small Slimes","floor":1,"turns":3},{"damage":2,"enemies":"Cultist","floor":3,"turns":4},{"damage":1,"enemies":"Jaw Worm","floor":8,"turns":3},{"damage":5,"enemies":"Lots of Slimes","floor":12,"turns":3},{"damage":2,"enemies":"3 Louse","floor":14,"turns":4},{"damage":18,"enemies":"The Guardian","floor":16,"turns":14},{"damage":2,"enemies":"Shell Parasite","floor":18,"turns":8},{"damage":16,"enemies":"Chosen","floor":21,"turns":8},{"damage":25,"enemies":"Snake Plant","floor":22,"turns":7},{"damage":0,"enemies":"Cultist and Chosen","floor":24,"turns":10},{"damage":14,"enemies":"Book of Stabbing","floor":25,"turns":6},{"damage":7,"enemies":"Snecko","floor":28,"turns":5},{"damage":33,"enemies":"Slavers","floor":31,"turns":6},{"damage":42,"enemies":"Collector","floor":33,"turns":15},{"damage":3,"enemies":"Orb Walker","floor":35,"turns":3},{"damage":11,"enemies":"3 Shapes","floor":36,"turns":3},{"damage":21,"enemies":"Sphere and 2 Shapes","floor":38,"turns":5},{"damage":12,"enemies":"Maw","floor":41,"turns":6},{"damage":28,"enemies":"Nemesis","floor":44,"turns":3},{"damage":47,"enemies":"3 Darklings","floor":48,"turns":4},{"damage":70,"enemies":"Awakened One","floor":50,"turns":5}],"seed_played":"7039232951232113233","potions_obtained":[{"floor":3,"key":"GamblersBrew"},{"floor":12,"key":"PowerPotion"},{"floor":14,"key":"Weak Potion"},{"floor":18,"key":"EssenceOfSteel"},{"floor":21,"key":"Strength Potion"},{"floor":28,"key":"BloodPotion"},{"floor":31,"key":"LiquidBronze"},{"floor":35,"key":"Explosive Potion"},{"floor":41,"key":"Regen Potion"},{"floor":48,"key":"SteroidPotion"}],"is_trial":false,"path_per_floor":["M","?","M","?","?","R","$","M","T","R","?","M","$","M","R","B",null,"M","?","$","M","M","R","M","E","T","R","M","$","?","E","R","B",null,"M","M","$","M","?","R","M","?","T","E","R","?","R","M","R"],"character_chosen":"IRONCLAD","items_purchased":["Feel No Pain","Iron Wave","Armaments","Rage","DollysMirror","Art of War","PowerPotion"],"campfire_rested":1,"item_purchase_floors":[7,7,13,13,29,37,37],"current_hp_per_floor":[80,80,80,80,80,80,80,80,80,80,80,80,80,80,80,68,80,80,64,64,60,44,68,80,72,72,72,79,79,79,78,78,61,80,80,75,75,60,60,60,80,80,80,80,80,80,80,44,44,0],"gold":160,"neow_bonus":"RANDOM_COMMON_RELIC","is_prod":false,"is_daily":false,"chose_seed":false,"campfire_upgraded":9,"win_rate":0,"timestamp":1534024207,"path_taken":["M","?","M","?","?","R","$","M","T","R","?","M","$","?","R","BOSS","M","?","$","M","?","R","M","E","T","R","M","$","?","E","R","BOSS","M","M","$","M","?","R","M","?","T","E","R","?","R","M","R","BOSS"],"build_version":"2018-08-09","purchased_purges":0,"victory":false,"max_hp_per_floor":[80,80,80,80,80,80,80,80,80,80,80,80,80,80,80,80,80,80,80,80,80,80,80,80,80,80,80,80,80,80,80,80,80,80,80,80,80,80,80,80,80,80,80,80,80,80,80,80,80,80],"card_choices":[{"not_picked":["Wild Strike","Power Through"],"picked":"Shrug It Off","floor":1},{"not_picked":["Sentinel","Hemokinesis"],"picked":"Pummel","floor":3},{"not_picked":["Twin Strike","Pommel Strike"],"picked":"Iron Wave","floor":8},{"not_picked":["Cleave","Wild Strike","Corruption"],"picked":"Iron Wave","floor":12},{"not_picked":["Anger","Wild Strike","Twin Strike"],"picked":"Warcry","floor":14},{"not_picked":["Exhume","Immolate","Offering"],"picked":"Reaper","floor":16},{"not_picked":["Havoc","Rampage","Pommel Strike"],"picked":"Battle Trance+1","floor":18},{"not_picked":["Sword Boomerang","Clothesline","Twin Strike"],"picked":"Heavy Blade+1","floor":21},{"not_picked":["Uppercut","Havoc","Warcry+1"],"picked":"Inflame","floor":22},{"not_picked":["Second Wind","Flex","Uppercut"],"picked":"Feel No Pain","floor":24},{"not_picked":["Rupture+1","Sever Soul+1","Hemokinesis"],"picked":"Fiend Fire","floor":25},{"not_picked":["Anger","Power Through","Pommel Strike"],"picked":"Thunderclap","floor":28},{"not_picked":["Flame Barrier","Wild Strike","Clothesline"],"picked":"Limit Break","floor":31},{"not_picked":["Bludgeon","Reaper","Fiend Fire"],"picked":"Berserk","floor":33},{"not_picked":["Clash","Warcry","Uppercut"],"picked":"Berserk","floor":35},{"not_picked":["Infernal Blade","Havoc","Thunderclap+1"],"picked":"Flex+1","floor":36},{"not_picked":["Body Slam","Twin Strike+1","Fire Breathing+1"],"picked":"Limit Break","floor":38},{"not_picked":["Shockwave+1","Anger","Rupture"],"picked":"Dual Wield+1","floor":41},{"not_picked":["Shockwave+1","Feed","Clothesline+1"],"picked":"Heavy Blade+1","floor":44},{"not_picked":["Havoc+1","Clothesline+1","Twin Strike"],"picked":"Intimidate+1","floor":48}],"player_experience":335623,"relics_obtained":[{"floor":9,"key":"Question Card"},{"floor":19,"key":"Enchiridion"},{"floor":25,"key":"Juzu Bracelet"},{"floor":26,"key":"Regal Pillow"},{"floor":31,"key":"Whetstone"},{"floor":43,"key":"Bag of Preparation"},{"floor":44,"key":"Boot"}],"event_choices":[{"event_name":"The Cleric","player_choice":"Leave","floor":2,"damage_taken":0},{"event_name":"Golden Wing","player_choice":"Ignored","floor":4,"damage_taken":0},{"event_name":"Living Wall","player_choice":"Grow","floor":5,"damage_taken":0},{"event_name":"WeMeetAgain","player_choice":"Potion","floor":11,"damage_taken":0},{"event_name":"Cursed Tome","player_choice":"Obtained Book","floor":19,"damage_taken":0},{"event_name":"N\u0027loth","player_choice":"Traded a DollysMirror","floor":30,"damage_taken":0},{"event_name":"Tomb of Lord Red Mask","player_choice":"Paid","floor":39,"damage_taken":0},{"event_name":"Upgrade Shrine","player_choice":"Upgraded","floor":42,"damage_taken":0},{"event_name":"Golden Shrine","player_choice":"Pray","floor":46,"damage_taken":0}],"is_beta":false,"boss_relics":[{"not_picked":["Tiny House","Fusion Hammer"],"picked":"Astrolabe"},{"not_picked":["Cursed Key","Snecko Eye"],"picked":"Coffee Dripper"}],"items_purged_floors":[],"is_endless":false,"potions_floor_spawned":[3,12,14,18,21,28,31,35,41,44,48],"killed_by":"Awakened One","ascension_level":3}