{"gold_per_floor":[114,389,407,422,255,288,288,82,82,101,114,114,114,114,114,214,214,228,503,516,23,23,50,50,78,78,78],"floor_reached":27,"playtime":1287,"items_purged":["Regret"],"score":249,"play_id":"0136871d-9013-4788-bcfd-8023a8ba5a40","local_time":"20190223181112","is_ascension_mode":false,"campfire_choices":[{"data":"Gash","floor":7,"key":"SMITH"},{"data":"Scrape","floor":13,"key":"SMITH"},{"data":"Zap","floor":15,"key":"SMITH"},{"data":"1","floor":24,"key":"LIFT"}],"neow_cost":"NONE","seed_source_timestamp":6002827055060,"circlet_count":0,"master_deck":["Strike_B","Strike_B","Strike_B","Defend_B","Defend_B","Defend_B","Defend_B","Zap+1","Dualcast","Gash+1","Scrape+1","Sweeping Beam","Good Instincts","Rebound","Steam","Steam","Self Repair","Sweeping Beam","Machine Learning","Steam","Regret","Steam Power+1","Gash+1","Reprogram+1","Shame"],"relics":["Cracked Core","NeowsBlessing","Pear","Vajra","Question Card","Bottled Flame","Cursed Key","Girya","DollysMirror","DataDisk","Dream Catcher","Gremlin Horn"],"potions_floor_usage":[6,11,23,23],"damage_taken":[{"damage":0,"enemies":"Small Slimes","floor":1,"turns":1},{"damage":0,"enemies":"Cultist","floor":3,"turns":1},{"damage":0,"enemies":"2 Louse","floor":4,"turns":1},{"damage":8,"enemies":"Lagavulin","floor":6,"turns":5},{"damage":13,"enemies":"Blue Slaver","floor":10,"turns":3},{"damage":0,"enemies":"Looter","floor":11,"turns":1},{"damage":51,"enemies":"Hexaghost","floor":16,"turns":10},{"damage":5,"enemies":"Shell Parasite","floor":18,"turns":5},{"damage":0,"enemies":"3 Byrds","floor":20,"turns":3},{"damage":40,"enemies":"Book of Stabbing","floor":23,"turns":7},{"damage":20,"enemies":"Slavers","floor":25,"turns":4},{"damage":40,"enemies":"Book of Stabbing","floor":27,"turns":4}],"seed_played":"-4834429963305117478","potions_obtained":[{"floor":3,"key":"SkillPotion"},{"floor":6,"key":"GamblersBrew"},{"floor":16,"key":"Swift Potion"},{"floor":20,"key":"Block Potion"}],"is_trial":false,"path_per_floor":["M","?","M","M","$","E","R","$","T","M","M","?","R","T","R","B",null,"M","?","M","$","$","E","R","E","T","E"],"character_chosen":"DEFECT","items_purchased":["Good Instincts","Vajra","Steam","Girya","DollysMirror"],"campfire_rested":0,"item_purchase_floors":[5,8,8,21,21],"current_hp_per_floor":[75,75,75,75,75,77,77,77,77,64,64,64,64,64,64,20,85,85,85,85,85,85,52,52,39,39,0],"gold":78,"neow_bonus":"THREE_ENEMY_KILL","is_prod":false,"is_daily":false,"chose_seed":false,"campfire_upgraded":3,"win_rate":0,"timestamp":1550941872,"path_taken":["M","?","?","M","?","E","R","$","T","M","M","?","R","?","R","BOSS","M","?","?","?","$","E","R","E","T","E"],"build_version":"2019-01-23","purchased_purges":1,"victory":false,"max_hp_per_floor":[75,75,75,75,75,85,85,85,85,85,85,85,85,85,85,85,85,85,85,85,85,85,85,85,85,85,85],"card_choices":[{"not_picked":["Blizzard","Conserve Battery"],"picked":"Gash","floor":1},{"not_picked":["Streamline","Capacitor"],"picked":"Scrape","floor":3},{"not_picked":["Compile Driver","Streamline"],"picked":"Sweeping Beam","floor":4},{"not_picked":["Multi-Cast","Redo"],"picked":"Rebound","floor":6},{"not_picked":["Force Field","Go for the Eyes","Streamline"],"picked":"Steam","floor":10},{"not_picked":["Coolheaded","Creative AI","Go for the Eyes"],"picked":"Self Repair","floor":11},{"not_picked":["Echo Form","Thunder Strike","Multi-Cast"],"picked":"Machine Learning","floor":16},{"not_picked":["Heatsinks","Conserve Battery","Turbo"],"picked":"Steam","floor":18},{"not_picked":["Stack+1","Loop","Hologram"],"picked":"Steam Power+1","floor":20},{"not_picked":["Ball Lightning","Buffer","Rip and Tear"],"picked":"Reprogram+1","floor":23},{"not_picked":["Undo","Leap","Glacier","Fusion+1"],"picked":"SKIP","floor":25}],"player_experience":661030,"relics_obtained":[{"floor":6,"key":"Pear"},{"floor":9,"key":"Question Card"},{"floor":14,"key":"Bottled Flame"},{"floor":23,"key":"DataDisk"},{"floor":25,"key":"Dream Catcher"},{"floor":26,"key":"Gremlin Horn"}],"event_choices":[{"damage_healed":0,"gold_gain":275,"player_choice":"Desecrate","damage_taken":0,"max_hp_gain":0,"max_hp_loss":0,"event_name":"Golden Shrine","floor":2,"gold_loss":0,"cards_obtained":["Regret"]},{"damage_healed":0,"gold_gain":0,"cards_transformed":["Strike_B"],"player_choice":"Change","damage_taken":0,"max_hp_gain":0,"max_hp_loss":0,"event_name":"Living Wall","floor":12,"gold_loss":0,"cards_obtained":["Sweeping Beam"]},{"damage_healed":0,"gold_gain":275,"player_choice":"Desecrate","damage_taken":0,"max_hp_gain":0,"max_hp_loss":0,"event_name":"Golden Shrine","floor":19,"gold_loss":0,"cards_obtained":["Regret"]}],"is_beta":false,"boss_relics":[{"not_picked":["Calling Bell","Orrery"],"picked":"Cursed Key"}],"items_purged_floors":[5],"is_endless":false,"potions_floor_spawned":[3,6,16,20],"killed_by":"Book of Stabbing","ascension_level":0}