{"gold_per_floor":[115,129,129,143,143,143,15,49,97,127,147,173,173,95,95,194,194,211,224,239,66,116,116,127,127,151,170,188,288,315,315,315,416,416,435,455,321,337,337,367,367,381,381,393,425,456,468,509,521,533],"floor_reached":51,"playtime":3006,"items_purged":["Defend_R"],"score":772,"play_id":"61200dee-694a-4ebd-ba3d-262c88e52403","local_time":"20190325182642","is_ascension_mode":false,"campfire_choices":[{"data":"Bash","floor":6,"key":"SMITH"},{"data":"Whirlwind","floor":13,"key":"SMITH"},{"data":"Carnage","floor":15,"key":"SMITH"},{"data":"Immolate","floor":23,"key":"SMITH"},{"floor":25,"key":"DIG"},{"data":"True Grit","floor":32,"key":"SMITH"},{"floor":41,"key":"DIG"},{"data":"Corruption","floor":44,"key":"SMITH"},{"floor":47,"key":"DIG"},{"floor":49,"key":"DIG"}],"neow_cost":"NONE","seed_source_timestamp":376096251373900,"circlet_count":0,"master_deck":["Strike_R+1","Strike_R+1","Defend_R","Defend_R","Bash+1","Carnage+1","Anger","Reaper","Whirlwind+1","Iron Wave","Offering","Metallicize","Immolate+1","Havoc+1","Entrench+1","Sentinel+1","True Grit+1","Combust+1","Rupture","Impervious+1","Seeing Red","Battle Trance+1","Seeing Red","Power Through","Uppercut+1","Exhume","Corruption+1","Shrug It Off","Metallicize","Warcry+1","Reaper","Shrug It Off","Shrug It Off+1","Sword Boomerang+1","Shockwave+1","Impervious"],"relics":["Burning Blood","Lantern","Red Skull","Bag of Marbles","Shovel","Bag of Preparation","Astrolabe","Mummified Hand","Centennial Puzzle","Peace Pipe","Sundial","Smiling Mask","Meat on the Bone","Velvet Choker","War Paint","Dream Catcher","MawBank","Bottled Flame","Gambling Chip","Oddly Smooth Stone"],"potions_floor_usage":[8,12,50,50],"damage_taken":[{"damage":5,"enemies":"Small Slimes","floor":1,"turns":3},{"damage":0,"enemies":"Cultist","floor":2,"turns":2},{"damage":6,"enemies":"Jaw Worm","floor":4,"turns":2},{"damage":14,"enemies":"Lagavulin","floor":8,"turns":7},{"damage":26,"enemies":"3 Sentries","floor":10,"turns":7},{"damage":11,"enemies":"Red Slaver","floor":11,"turns":3},{"damage":9,"enemies":"Gremlin Nob","floor":12,"turns":3},{"damage":22,"enemies":"The Guardian","floor":16,"turns":8},{"damage":6,"enemies":"3 Byrds","floor":18,"turns":2},{"damage":6,"enemies":"Spheric Guardian","floor":19,"turns":3},{"damage":8,"enemies":"Chosen and Byrds","floor":20,"turns":2},{"damage":6,"enemies":"Snecko","floor":24,"turns":4},{"damage":11,"enemies":"Shelled Parasite and Fungi","floor":27,"turns":3},{"damage":6,"enemies":"Chosen and Byrds","floor":28,"turns":2},{"damage":0,"enemies":"Colosseum Slavers","floor":29,"turns":1},{"damage":7,"enemies":"Colosseum Nobs","floor":29,"turns":2},{"damage":14,"enemies":"Slavers","floor":30,"turns":4},{"damage":43,"enemies":"Automaton","floor":33,"turns":8},{"damage":3,"enemies":"Orb Walker","floor":35,"turns":2},{"damage":0,"enemies":"3 Shapes","floor":36,"turns":1},{"damage":7,"enemies":"3 Darklings","floor":38,"turns":3},{"damage":25,"enemies":"Giant Head","floor":40,"turns":7},{"damage":10,"enemies":"4 Shapes","floor":42,"turns":5},{"damage":21,"enemies":"Maw","floor":45,"turns":6},{"damage":20,"enemies":"Spire Growth","floor":46,"turns":4},{"damage":10,"enemies":"Nemesis","floor":48,"turns":6},{"damage":21,"enemies":"Donu and Deca","floor":50,"turns":8}],"seed_played":"-7984735639247562889","potions_obtained":[{"floor":1,"key":"Block Potion"},{"floor":2,"key":"Ancient Potion"},{"floor":16,"key":"SpeedPotion"},{"floor":19,"key":"SkillPotion"},{"floor":20,"key":"GamblersBrew"},{"floor":27,"key":"Fire Potion"},{"floor":28,"key":"PowerPotion"}],"is_trial":false,"path_per_floor":["M","M","?","M","?","R","$","E","T","E","M","E","R","$","R","B",null,"M","M","M","$","?","R","M","R","T","M","M","?","E","T","R","B",null,"M","M","$","M","?","E","R","M","T","R","M","M","R","E","R","B",null],"character_chosen":"IRONCLAD","items_purchased":["Reaper","Fire Potion","Metallicize","Rupture","Impervious","Metallicize","SteroidPotion"],"campfire_rested":0,"item_purchase_floors":[7,7,14,21,21,37,37],"current_hp_per_floor":[80,80,64,64,64,64,64,62,62,48,49,52,52,52,52,36,80,80,80,78,78,78,78,80,80,80,75,75,79,71,71,71,49,80,80,80,80,79,79,77,77,73,73,73,80,72,72,74,74,80],"gold":545,"neow_bonus":"RANDOM_COMMON_RELIC","is_prod":false,"is_daily":false,"chose_seed":false,"campfire_upgraded":6,"win_rate":1,"timestamp":1553563602,"path_taken":["M","M","?","M","?","R","$","E","T","E","?","E","R","$","R","BOSS","M","M","?","$","?","R","?","R","T","M","M","?","E","?","R","BOSS","M","M","$","M","?","E","R","M","T","R","M","M","R","E","R","BOSS"],"build_version":"2019-01-23","purchased_purges":1,"victory":true,"max_hp_per_floor":[80,80,80,80,80,80,80,80,80,80,80,80,80,80,80,80,80,80,80,80,80,80,80,80,80,80,80,80,80,80,80,80,80,80,80,80,80,80,80,80,80,80,80,80,80,80,80,80,80,80],"card_choices":[{"not_picked":["Clash","Iron Wave"],"picked":"Carnage","floor":1},{"not_picked":["Body Slam","Burning Pact","Havoc"],"picked":"SKIP","floor":2},{"not_picked":["Perfected Strike","Thunderclap"],"picked":"Anger","floor":4},{"not_picked":["Evolve","Perfected Strike"],"picked":"Whirlwind","floor":8},{"not_picked":["Fire Breathing","Rage"],"picked":"Iron Wave","floor":10},{"not_picked":["Perfected Strike","Carnage","Fire Breathing"],"picked":"SKIP","floor":11},{"not_picked":["Searing Blow","Warcry"],"picked":"Offering","floor":12},{"not_picked":["Offering","Demon Form"],"picked":"Immolate","floor":16},{"not_picked":["Iron Wave","Cleave+1"],"picked":"True Grit","floor":18},{"not_picked":["Wild Strike","Clash","Flex"],"picked":"SKIP","floor":19},{"not_picked":["Rupture","Body Slam"],"picked":"Combust+1","floor":20},{"not_picked":["Body Slam","Sentinel"],"picked":"Seeing Red","floor":24},{"not_picked":["Armaments+1","Feel No Pain"],"picked":"Battle Trance","floor":27},{"not_picked":["Entrench","Armaments"],"picked":"Seeing Red","floor":28},{"not_picked":["Clash","Pommel Strike"],"picked":"Power Through","floor":29},{"not_picked":["Reckless Charge","Armaments"],"picked":"Uppercut+1","floor":30},{"not_picked":["Juggernaut","Fiend Fire"],"picked":"Exhume","floor":33},{"not_picked":["Flex","Sentinel"],"picked":"Corruption","floor":35},{"not_picked":["Dropkick","Whirlwind+1"],"picked":"Shrug It Off","floor":36},{"not_picked":["Second Wind+1","Clash+1"],"picked":"Warcry+1","floor":38},{"not_picked":["Dropkick+1","Combust","Bloodletting"],"picked":"SKIP","floor":40},{"not_picked":["Shockwave","Evolve+1"],"picked":"Shrug It Off+1","floor":42},{"not_picked":["Pommel Strike","Pummel+1"],"picked":"Sword Boomerang+1","floor":45},{"not_picked":["Power Through+1","Disarm+1"],"picked":"Shockwave+1","floor":46},{"not_picked":["Havoc","Body Slam"],"picked":"Impervious","floor":48}],"player_experience":100141,"relics_obtained":[{"floor":8,"key":"Red Skull"},{"floor":9,"key":"Bag of Marbles"},{"floor":10,"key":"Shovel"},{"floor":12,"key":"Bag of Preparation"},{"floor":25,"key":"Mummified Hand"},{"floor":26,"key":"Centennial Puzzle"},{"floor":29,"key":"Peace Pipe"},{"floor":29,"key":"Sundial"},{"floor":30,"key":"Smiling Mask"},{"floor":31,"key":"Meat on the Bone"},{"floor":40,"key":"War Paint"},{"floor":41,"key":"Dream Catcher"},{"floor":43,"key":"MawBank"},{"floor":47,"key":"Bottled Flame"},{"floor":48,"key":"Gambling Chip"},{"floor":49,"key":"Oddly Smooth Stone"}],"event_choices":[{"damage_healed":0,"gold_gain":0,"player_choice":"Entered Light","damage_taken":16,"max_hp_gain":0,"max_hp_loss":0,"event_name":"Shining Light","floor":3,"gold_loss":0,"cards_upgraded":["Strike_R","Strike_R"]},{"cards_removed":["Strike_R"],"damage_healed":0,"gold_gain":0,"player_choice":"Offered Basic","damage_taken":0,"max_hp_gain":0,"max_hp_loss":0,"event_name":"Bonfire Elementals","floor":5,"gold_loss":0},{"damage_healed":0,"gold_gain":100,"player_choice":"Bet on Murderer","damage_taken":0,"max_hp_gain":0,"max_hp_loss":0,"event_name":"The Joust","floor":22,"gold_loss":50},{"damage_healed":0,"gold_gain":0,"player_choice":"Fight","damage_taken":0,"max_hp_gain":0,"max_hp_loss":0,"event_name":"Colosseum","floor":29,"gold_loss":0},{"damage_healed":0,"gold_gain":0,"player_choice":"Fought Nobs","damage_taken":0,"max_hp_gain":0,"max_hp_loss":0,"event_name":"Colosseum","floor":29,"gold_loss":0},{"damage_healed":0,"gold_gain":0,"player_choice":"2 cards matched","damage_taken":0,"max_hp_gain":0,"max_hp_loss":0,"event_name":"Match and Keep!","floor":39,"gold_loss":0,"cards_obtained":["Reaper","Shrug It Off"]}],"is_beta":false,"boss_relics":[{"not_picked":["Black Blood","Calling Bell"],"picked":"Astrolabe"},{"not_picked":["Runic Pyramid","Orrery"],"picked":"Velvet Choker"}],"items_purged_floors":[37],"is_endless":false,"potions_floor_spawned":[1,2,16,19,20,27,28,29,30,40,42,45],"ascension_level":0}