{"gold_per_floor":[117,117,137,151,161,189,189,222,246,246,258,258,270,249,249,347,347,347,347,128,128,128,128,128,128,128,128,128,128,128,128,128,128,128,128,128,128,128,128,128,128,35,35,35,35,35,35,35,35,35],"floor_reached":51,"playtime":8839,"items_purged":["Writhe"],"score":1002,"play_id":"c3e5b497-0ce1-44c0-82de-ac18ea4273db","local_time":"20180713232800","is_ascension_mode":false,"campfire_choices":[{"data":"Perfected Strike","floor":7,"key":"SMITH"},{"data":"Flex","floor":10,"key":"SMITH"},{"data":"Heavy Blade","floor":12,"key":"SMITH"},{"data":"Intimidate","floor":15,"key":"SMITH"},{"data":"Feed","floor":23,"key":"SMITH"},{"floor":29,"key":"REST"},{"floor":32,"key":"REST"},{"data":"Perfected Strike","floor":40,"key":"SMITH"},{"data":"Impervious","floor":45,"key":"SMITH"},{"data":"Barricade","floor":49,"key":"SMITH"}],"neow_cost":"NONE","seed_source_timestamp":1207462270817338,"circlet_count":0,"master_deck":["Strike_R+1","Strike_R+1","Strike_R","Strike_R","Strike_R","Defend_R","Defend_R","Defend_R+1","Defend_R","Bash","Perfected Strike+1","Twin Strike","Flex+1","Intimidate+1","Headbutt","Clash","Heavy Blade+1","Thunderclap","Feed+1","Flex+1","Pommel Strike","Mind Blast","Anger","Burning Pact+1","Heavy Blade","Metallicize","Perfected Strike+1","Perfected Strike+1","Shrug It Off+1","Barricade+1","Perfected Strike","Pommel Strike+1","Anger","Armaments+1","Impervious+1","Trip","Flame Barrier+1","Shrug It Off+1","Warcry+1"],"relics":["Black Blood","Whetstone","Strawberry","Orichalcum","Anchor","Ectoplasm","Juzu Bracelet","Bottled Lightning","Kunai","Bronze Scales","Ginger","War Paint","Meat on the Bone","Bag of Preparation","Unceasing Top","Charon\u0027s Ashes"],"potions_floor_usage":[16,16,33,33,44,44,50,50],"damage_taken":[{"damage":4,"enemies":"2 Louse","floor":1,"turns":4},{"damage":0,"enemies":"Small Slimes","floor":3,"turns":3},{"damage":6,"enemies":"Jaw Worm","floor":4,"turns":2},{"damage":6,"enemies":"Red Slaver","floor":5,"turns":4},{"damage":23,"enemies":"3 Sentries","floor":6,"turns":7},{"damage":21,"enemies":"Lagavulin","floor":8,"turns":6},{"damage":6,"enemies":"Large Slime","floor":11,"turns":4},{"damage":0,"enemies":"Exordium Wildlife","floor":13,"turns":3},{"damage":22,"enemies":"Hexaghost","floor":16,"turns":6},{"damage":0,"enemies":"Shell Parasite","floor":18,"turns":3},{"damage":0,"enemies":"Chosen","floor":21,"turns":3},{"damage":0,"enemies":"Snecko","floor":22,"turns":3},{"damage":21,"enemies":"Snake Plant","floor":24,"turns":3},{"damage":20,"enemies":"Gremlin Leader","floor":25,"turns":7},{"damage":11,"enemies":"Book of Stabbing","floor":27,"turns":4},{"damage":33,"enemies":"Gremlin Leader","floor":30,"turns":9},{"damage":4,"enemies":"Sentry and Sphere","floor":31,"turns":3},{"damage":58,"enemies":"Champ","floor":33,"turns":11},{"damage":16,"enemies":"Flame Bruiser 1 Orb","floor":35,"turns":6},{"damage":1,"enemies":"3 Darklings","floor":36,"turns":3},{"damage":4,"enemies":"Sphere and 2 Shapes","floor":37,"turns":3},{"damage":0,"enemies":"Flame Bruiser 2 Orb","floor":38,"turns":3},{"damage":62,"enemies":"Nemesis","floor":41,"turns":5},{"damage":23,"enemies":"Giant Head","floor":44,"turns":7},{"damage":3,"floor":46,"turns":9},{"damage":6,"floor":47,"turns":5},{"damage":8,"enemies":"4 Shapes","floor":48,"turns":3},{"damage":64,"enemies":"Awakened One","floor":50,"turns":13}],"seed_played":"3870661909268295279","potions_obtained":[{"floor":4,"key":"Explosive Potion"},{"floor":5,"key":"FearPotion"},{"floor":8,"key":"AttackPotion"},{"floor":22,"key":"PowerPotion"},{"floor":25,"key":"Strength Potion"},{"floor":36,"key":"AttackPotion"},{"floor":44,"key":"Block Potion"},{"floor":46,"key":"FairyPotion"},{"floor":47,"key":"SpeedPotion"}],"is_trial":false,"path_per_floor":["M","?","M","M","M","E","R","E","T","R","M","R","M","?","R","B",null,"M","?","$","M","M","R","M","E","T","E","?","R","E","M","R","B",null,"M","M","M","M","?","R","E","$","T","E","R","?","?","M","R","B"],"character_chosen":"IRONCLAD","items_purchased":["Pommel Strike","Mind Blast","Trip"],"campfire_rested":2,"item_purchase_floors":[20,20,42],"current_hp_per_floor":[80,80,80,80,80,70,70,55,55,55,55,55,61,61,61,45,87,87,87,87,90,90,90,75,61,61,56,38,66,39,45,74,22,99,93,99,99,99,99,99,47,47,47,46,46,65,73,75,75,33],"gold":35,"neow_bonus":"RANDOM_COMMON_RELIC","is_prod":false,"is_daily":false,"chose_seed":false,"campfire_upgraded":8,"win_rate":0.0,"timestamp":1531520880,"path_taken":["M","?","M","M","M","E","R","E","T","R","M","R","?","?","R","BOSS","M","?","$","M","M","R","M","E","T","E","?","R","E","M","R","BOSS","M","M","M","M","?","R","E","$","T","E","R","?","?","M","R","BOSS"],"build_version":"2018-07-12","purchased_purges":1,"victory":true,"max_hp_per_floor":[80,80,80,80,80,87,87,87,87,87,87,87,87,87,87,87,87,87,87,87,90,90,90,90,90,90,90,95,95,95,99,99,99,99,99,99,99,99,99,99,99,99,99,99,99,99,103,103,103,103],"card_choices":[{"not_picked":["Pommel Strike","Shockwave"],"picked":"Perfected Strike","floor":1},{"not_picked":["Shrug It Off","Disarm"],"picked":"Twin Strike","floor":3},{"not_picked":["Corruption","Power Through"],"picked":"Flex","floor":4},{"not_picked":["Sword Boomerang","Impervious"],"picked":"Intimidate","floor":5},{"not_picked":["Bludgeon","Warcry"],"picked":"Headbutt","floor":6},{"not_picked":["Sword Boomerang","Whirlwind"],"picked":"Clash","floor":8},{"not_picked":["True Grit","Clash"],"picked":"Heavy Blade","floor":11},{"not_picked":["Burning Pact","Uppercut"],"picked":"Thunderclap","floor":13},{"not_picked":["Berserk","Fiend Fire"],"picked":"Feed","floor":16},{"not_picked":["Cleave","Power Through"],"picked":"Flex+1","floor":18},{"not_picked":["Second Wind+1","Ghostly Armor"],"picked":"Anger","floor":21},{"not_picked":["Rupture","Sword Boomerang"],"picked":"Burning Pact","floor":22},{"not_picked":["Cleave","Shockwave"],"picked":"Heavy Blade","floor":24},{"not_picked":["Bloodletting","Rage"],"picked":"Metallicize","floor":25},{"not_picked":["Body Slam","Limit Break"],"picked":"Perfected Strike","floor":27},{"not_picked":["Offering","Hemokinesis"],"picked":"Perfected Strike","floor":30},{"not_picked":["Ghostly Armor","Thunderclap+1"],"picked":"Shrug It Off+1","floor":31},{"not_picked":["Limit Break","Dark Embrace"],"picked":"Barricade","floor":33},{"not_picked":["Corruption+1","Rupture"],"picked":"Perfected Strike","floor":35},{"not_picked":["Headbutt+1","Uppercut"],"picked":"Pommel Strike+1","floor":36},{"not_picked":["Whirlwind+1","Clothesline"],"picked":"Anger","floor":37},{"not_picked":["Sword Boomerang+1","Clothesline"],"picked":"Armaments+1","floor":38},{"not_picked":["Double Tap","True Grit"],"picked":"Impervious","floor":41},{"not_picked":["Perfected Strike","Rupture+1"],"picked":"Flame Barrier+1","floor":44},{"not_picked":["Pommel Strike","Reckless Charge"],"picked":"Shrug It Off+1","floor":46},{"not_picked":["Inflame","Sword Boomerang"],"picked":"Warcry+1","floor":48}],"player_experience":6733,"relics_obtained":[{"floor":6,"key":"Strawberry"},{"floor":8,"key":"Orichalcum"},{"floor":9,"key":"Anchor"},{"floor":25,"key":"Bottled Lightning"},{"floor":26,"key":"Kunai"},{"floor":27,"key":"Bronze Scales"},{"floor":30,"key":"Ginger"},{"floor":41,"key":"War Paint"},{"floor":43,"key":"Meat on the Bone"},{"floor":44,"key":"Bag of Preparation"},{"floor":46,"key":"Unceasing Top"},{"floor":47,"key":"Charon\u0027s Ashes"}],"event_choices":[{"event_name":"The Cleric","player_choice":"Leave","floor":2,"damage_taken":0},{"event_name":"World of Goop","player_choice":"Left","floor":14,"damage_taken":0},{"event_name":"The Mausoleum","player_choice":"Yes","floor":19,"damage_taken":0},{"event_name":"Forgotten Altar","player_choice":"Shed Blood","floor":28,"damage_taken":0},{"event_name":"Upgrade Shrine","player_choice":"Upgraded","floor":39,"damage_taken":0},{"event_name":"MindBloom","player_choice":"Fight","floor":46,"damage_taken":0},{"event_name":"Mysterious Sphere","player_choice":"Fight","floor":47,"damage_taken":0}],"boss_relics":[{"not_picked":["Runic Cube","Runic Pyramid"],"picked":"Ectoplasm"},{"not_picked":["White Beast Statue","Calling Bell"],"picked":"Black Blood"}],"items_purged_floors":[20],"is_endless":false,"potions_floor_spawned":[4,5,8,13,22,25,31,36,44,46,47,48],"ascension_level":0}