{"gold_per_floor":[144,144,194,239,284,284,67,112,112,5,5,50,95,140,140,440,440,485,400,400,400,400,490,490,580,605,650,695,695,695,695,695,995,995,1040,485,530,530,172,262,262,262],"floor_reached":42,"playtime":4528,"items_purged":[],"score":504,"play_id":"94a2e75c-386f-4344-b4be-d50e220403eb","local_time":"20180722065006","daily_mods":["Allstar","Midas","Lethality"],"is_ascension_mode":false,"campfire_choices":[{"floor":6,"key":"REST"},{"floor":15,"key":"REST"},{"floor":24,"key":"REST"},{"floor":30,"key":"REST"},{"floor":32,"key":"REST"},{"floor":41,"key":"REST"}],"neow_cost":"","seed_source_timestamp":1914100819645304,"circlet_count":0,"master_deck":["Defend_G","Defend_G","Defend_G","Defend_G","Defend_G","Strike_G","Strike_G","Survivor","Neutralize","Secret Technique","Secret Weapon","Apotheosis+1","Finesse","Secret Weapon","Catalyst","Outmaneuver","Noxious Fumes","Bandage Up","Underhanded Strike","Dagger Spray","Venomology","Masterful Stab+1","Madness","Tools of the Trade","Blade Dance","Concentrate","RitualDagger","Poisoned Stab","Infinite Blades","Envenom","Cloak And Dagger","Catalyst","Bane","Dagger Spray+1","Well Laid Plans+1","Secret Technique","Noxious Fumes","Madness","Envenom","Bandage Up","After Image","Blade Dance"],"special_seed":17734,"relics":["Ring of the Snake","Pen Nib","Juzu Bracelet","Blood Vial","Empty Cage","Nloth\u0027s Gift","Omamori","Ninja Scroll","Dream Catcher","Nilry\u0027s Codex","Orrery","DollysMirror","Tiny Chest","Toy Ornithopter","Regal Pillow"],"potions_floor_usage":[18,18,23,23,23,25,25,33,33,35,35,40,40,40,40],"damage_taken":[{"damage":0,"enemies":"Jaw Worm","floor":1,"turns":3},{"damage":0,"enemies":"2 Louse","floor":4,"turns":2},{"damage":0,"enemies":"Cultist","floor":5,"turns":3},{"damage":13,"enemies":"2 Fungi Beasts","floor":8,"turns":4},{"damage":2,"enemies":"Lots of Slimes","floor":12,"turns":4},{"damage":0,"enemies":"Exordium Wildlife","floor":13,"turns":2},{"damage":15,"enemies":"Looter","floor":14,"turns":3},{"damage":30,"enemies":"The Guardian","floor":16,"turns":11},{"damage":14,"enemies":"Shell Parasite","floor":18,"turns":8},{"damage":51,"enemies":"Gremlin Leader","floor":23,"turns":7},{"damage":20,"enemies":"Book of Stabbing","floor":25,"turns":5},{"damage":0,"enemies":"3 Byrds","floor":27,"turns":4},{"damage":6,"enemies":"3 Cultists","floor":28,"turns":4},{"damage":33,"enemies":"Automaton","floor":33,"turns":6},{"damage":40,"enemies":"3 Darklings","floor":35,"turns":5},{"damage":25,"enemies":"3 Shapes","floor":37,"turns":7},{"damage":17,"enemies":"2 Orb Walkers","floor":40,"turns":4},{"damage":58,"enemies":"Spire Growth","floor":42,"turns":3}],"seed_played":"-8213505433300872967","potions_obtained":[{"floor":4,"key":"Weak Potion"},{"floor":5,"key":"SkillPotion"},{"floor":12,"key":"Weak Potion"},{"floor":18,"key":"Dexterity Potion"},{"floor":23,"key":"Poison Potion"},{"floor":33,"key":"Block Potion"},{"floor":40,"key":"Dexterity Potion"}],"is_trial":false,"path_per_floor":["M","?","T","M","M","R","$","M","T","$","?","M","M","M","R","B",null,"M","?","?","?","?","E","R","E","T","M","M","?","R","?","R","B",null,"M","$","M","?","$","E","R"],"character_chosen":"THE_SILENT","items_purchased":["Juzu Bracelet","Noxious Fumes","Bandage Up","DollysMirror","Noxious Fumes","Madness","Tiny Chest","GhostInAJar","Toy Ornithopter","Bandage Up","After Image"],"campfire_rested":6,"item_purchase_floors":[7,7,10,36,36,36,36,36,39,39,39],"current_hp_per_floor":[70,70,70,70,70,70,70,57,57,57,57,63,65,58,70,46,70,62,62,62,62,62,17,38,26,26,34,36,30,51,35,56,31,70,34,34,15,15,15,12,48,0],"gold":262,"neow_bonus":"","is_prod":false,"is_daily":true,"chose_seed":false,"campfire_upgraded":0,"win_rate":0,"timestamp":1532238606,"path_taken":["M","?","?","?","M","R","$","M","T","$","?","M","M","M","R","BOSS","M","?","?","?","?","E","R","E","T","M","M","?","R","?","R","BOSS","M","$","M","?","$","E","R","M"],"build_version":"2018-07-19v2","purchased_purges":0,"victory":false,"max_hp_per_floor":[70,70,70,70,70,70,70,70,70,70,70,70,70,70,70,70,70,70,70,70,70,70,70,70,70,70,70,70,70,70,70,70,70,70,70,70,70,70,70,70,70,70],"card_choices":[{"not_picked":["Dagger Throw","Dodge and Roll"],"picked":"Catalyst","floor":1},{"not_picked":["Bouncing Flask","Underhanded Strike"],"picked":"Outmaneuver","floor":4},{"not_picked":["Reflex","Dodge and Roll","Eviscerate"],"picked":"SKIP","floor":5},{"not_picked":["Footwork","Masterful Stab","Dagger Throw"],"picked":"SKIP","floor":8},{"not_picked":["Reflex","Dagger Throw","Sucker Punch"],"picked":"SKIP","floor":12},{"not_picked":["PiercingWail","Prepared"],"picked":"Underhanded Strike","floor":13},{"not_picked":["Cloak And Dagger","Sucker Punch"],"picked":"Dagger Spray","floor":14},{"not_picked":["Tools of the Trade","Envenom"],"picked":"Venomology","floor":16},{"not_picked":["Accuracy","Prepared"],"picked":"Masterful Stab+1","floor":18},{"not_picked":["Dagger Throw","Deflect","Flying Knee"],"picked":"SKIP","floor":23},{"not_picked":["PiercingWail","Terror"],"picked":"Tools of the Trade","floor":25},{"not_picked":["Reflex","Predator"],"picked":"Blade Dance","floor":27},{"not_picked":["Acrobatics+1","Sucker Punch"],"picked":"Concentrate","floor":28},{"not_picked":["Acrobatics","Expertise+1"],"picked":"Poisoned Stab","floor":30},{"not_picked":["Underhanded Strike","Escape Plan"],"picked":"Infinite Blades","floor":32},{"not_picked":["Die Die Die","Night Terror"],"picked":"Envenom","floor":33},{"not_picked":["Prepared","Dodge and Roll+1"],"picked":"Cloak And Dagger","floor":34},{"not_picked":["Acrobatics","PiercingWail"],"picked":"Die Die Die","floor":34},{"not_picked":["Dodge and Roll","PiercingWail"],"picked":"Catalyst","floor":34},{"not_picked":["Sucker Punch","Prepared"],"picked":"Bane","floor":34},{"not_picked":["Flying Knee+1","Dagger Throw+1"],"picked":"Dagger Spray+1","floor":34},{"not_picked":["Sucker Punch+1","Dodge and Roll"],"picked":"Well Laid Plans+1","floor":35},{"not_picked":["Poisoned Stab","Slice"],"picked":"Envenom","floor":37},{"not_picked":["PiercingWail","Storm of Steel"],"picked":"Blade Dance","floor":40}],"player_experience":170355,"relics_obtained":[{"floor":3,"key":"Pen Nib"},{"floor":9,"key":"Blood Vial"},{"floor":23,"key":"Omamori"},{"floor":25,"key":"Ninja Scroll"},{"floor":26,"key":"Dream Catcher"},{"floor":31,"key":"Nilry\u0027s Codex"},{"floor":40,"key":"Regal Pillow"}],"event_choices":[{"event_name":"Living Wall","player_choice":"Grow","floor":2,"damage_taken":0},{"event_name":"Bonfire Elementals","player_choice":"BASIC","floor":11,"damage_taken":0},{"event_name":"Addict","player_choice":"Obtained Relic","floor":19,"damage_taken":0},{"event_name":"Match and Keep!","player_choice":"1 cards matched","floor":20,"damage_taken":0},{"event_name":"Beggar","player_choice":"Ignored","floor":21,"damage_taken":0},{"event_name":"N\u0027loth","player_choice":"Traded a Bronze Scales","floor":22,"damage_taken":0},{"event_name":"Nest","player_choice":"Joined the Cult","floor":29,"damage_taken":0},{"event_name":"Cursed Tome","player_choice":"Obtained Book","floor":31,"damage_taken":0},{"event_name":"Falling","player_choice":"Removed Attack","floor":38,"damage_taken":0}],"is_beta":false,"boss_relics":[{"not_picked":["Calling Bell","Philosopher\u0027s Stone"],"picked":"Empty Cage"},{"not_picked":["Black Star","Eternal Feather"],"picked":"Orrery"}],"items_purged_floors":[],"is_endless":false,"potions_floor_spawned":[4,5,12,18,23,33,40],"killed_by":"Spire Growth","ascension_level":0}