{"gold_per_floor":[112,187,187,201,84,84,84,159,212,228,328,347,367,382,382,479,479,495,507,170,186,285,319,319,344,344,344,133,156,156,166,166,262,262,278,295,295,77,97,97,107,107,130,130,146,246,259,13,13,13,13,13,13,39,39],"floor_reached":55,"playtime":3068,"items_purged":[],"score":722,"play_id":"7d346511-75c9-4edc-9da6-6f54746af81a","local_time":"20190124174835","is_ascension_mode":false,"campfire_choices":[{"data":"White Noise","floor":6,"key":"SMITH"},{"data":"Electrodynamics","floor":15,"key":"SMITH"},{"floor":24,"key":"REST"},{"floor":30,"key":"REST"},{"floor":32,"key":"REST"},{"floor":40,"key":"RECALL"},{"floor":42,"key":"REST"},{"floor":44,"key":"REST"},{"data":"Creative AI","floor":49,"key":"SMITH"},{"data":"Buffer","floor":52,"key":"SMITH"}],"neow_cost":"NONE","seed_source_timestamp":4830170439270250,"circlet_count":0,"master_deck":["Zap","Dualcast","All For One","Go for the Eyes","Go for the Eyes","Storm+1","White Noise+1","Electrodynamics+1","Hologram","Hologram","Auto Shields","Buffer+1","Melter","Sweeping Beam+1","Loop","White Noise","Glacier","Heatsinks+1","Storm+1","Steam+1","Static Discharge","Force Field+1","Mind Blast","Capacitor+1","Creative AI+1","Leap+1","Blizzard","Sunder","Ball Lightning","Hologram+1","Sunder","White Noise+1","Biased Cognition","FTL+1","Darkness+1","Writhe","Defragment","White Noise+1","Consume+1","Parasite","Conserve Battery+1","Sadistic Nature","Stack+1"],"relics":["Cracked Core","Anchor","Inserter","Orichalcum","Incense Burner","Toxic Egg 2","Bottled Lightning","Singing Bowl","Bag of Marbles","Pandora\u0027s Box","Gambling Chip","Blue Candle"],"potions_floor_usage":[23,55,55],"damage_taken":[{"damage":1,"enemies":"Jaw Worm","floor":1,"turns":3},{"damage":0,"enemies":"Small Slimes","floor":4,"turns":2},{"damage":1,"enemies":"Cultist","floor":10,"turns":3},{"damage":0,"enemies":"Large Slime","floor":12,"turns":3},{"damage":0,"enemies":"3 Louse","floor":13,"turns":2},{"damage":4,"enemies":"Red Slaver","floor":14,"turns":3},{"damage":19,"enemies":"The Guardian","floor":16,"turns":14},{"damage":9,"enemies":"Shell Parasite","floor":18,"turns":7},{"damage":0,"enemies":"Spheric Guardian","floor":19,"turns":3},{"damage":0,"enemies":"Chosen and Byrds","floor":21,"turns":6},{"damage":27,"enemies":"Book of Stabbing","floor":23,"turns":7},{"damage":50,"enemies":"Slavers","floor":25,"turns":3},{"damage":16,"enemies":"Centurion and Healer","floor":31,"turns":2},{"damage":5,"enemies":"Collector","floor":33,"turns":9},{"damage":18,"enemies":"3 Darklings","floor":35,"turns":3},{"damage":1,"enemies":"3 Shapes","floor":36,"turns":3},{"damage":19,"enemies":"Sphere and 2 Shapes","floor":39,"turns":4},{"damage":24,"enemies":"Spire Growth","floor":41,"turns":4},{"damage":4,"enemies":"Writhing Mass","floor":45,"turns":4},{"damage":0,"enemies":"Mind Bloom Boss Battle","floor":46,"turns":4},{"damage":0,"enemies":"3 Darklings","floor":47,"turns":2},{"damage":26,"enemies":"Donu and Deca","floor":50,"turns":6},{"damage":42,"enemies":"Shield and Spear","floor":54,"turns":4},{"damage":44,"enemies":"The Heart","floor":55,"turns":5}],"seed_played":"7926947676972428503","potions_obtained":[{"floor":10,"key":"SteroidPotion"},{"floor":14,"key":"FearPotion"},{"floor":16,"key":"SpeedPotion"},{"floor":33,"key":"GamblersBrew"},{"floor":36,"key":"FocusPotion"},{"floor":41,"key":"SkillPotion"}],"is_trial":false,"path_per_floor":["M","?","?","M","$","R","?","?","T","M","?","M","M","M","R","B",null,"M","M","$","M","?","E","R","E","T","?","$","T","R","M","R","B",null,"M","M","?","$","M","R","M","R","T","R","M","?","M","$","R","B",null,"R","$","E","B"],"character_chosen":"DEFECT","items_purchased":["Storm","White Noise","Loop","White Noise","Orichalcum","Glacier","Static Discharge","Force Field+1","Mind Blast","Defragment","White Noise+1","Fruit Juice","Sadistic Nature","Stack+1"],"campfire_rested":5,"item_purchase_floors":[5,5,20,20,20,20,28,28,28,38,38,38,48,48],"current_hp_per_floor":[74,63,63,63,63,63,63,56,56,55,55,55,55,51,51,32,75,66,66,66,66,66,39,61,11,11,11,11,11,33,17,39,34,75,57,56,75,75,58,58,34,57,57,77,73,75,77,77,77,51,81,81,81,41,0],"gold":39,"neow_bonus":"ONE_RANDOM_RARE_CARD","is_prod":false,"is_daily":false,"chose_seed":false,"campfire_upgraded":4,"win_rate":0,"timestamp":1548352115,"path_taken":["M","?","?","?","$","R","?","?","T","?","?","M","M","M","R","BOSS","M","M","$","?","?","E","R","E","T","?","$","?","R","M","R","BOSS","M","M","?","$","M","R","M","R","T","R","M","?","M","$","R","BOSS","R","$","E","BOSS"],"build_version":"2019-01-23","purchased_purges":0,"victory":false,"max_hp_per_floor":[75,75,75,75,75,75,75,75,75,75,75,75,75,75,75,75,75,75,75,75,75,75,75,75,75,75,75,75,75,75,75,75,75,75,75,75,75,75,77,77,77,77,77,77,77,79,81,81,81,81,81,81,81,83,83],"card_choices":[{"not_picked":["Leap","Conserve Battery"],"picked":"Go for the Eyes","floor":1},{"not_picked":["Melter","Barrage"],"picked":"Go for the Eyes","floor":4},{"not_picked":["Aggregate","Barrage"],"picked":"Electrodynamics","floor":10},{"not_picked":["Stack","Undo"],"picked":"Hologram","floor":12},{"not_picked":["Reprogram","Redo"],"picked":"Hologram","floor":13},{"not_picked":["Stack","Redo"],"picked":"Auto Shields","floor":14},{"not_picked":["Machine Learning","Electrodynamics"],"picked":"Buffer","floor":16},{"not_picked":["Redo","Auto Shields"],"picked":"Melter","floor":18},{"not_picked":["Cold Snap+1","Turbo"],"picked":"Sweeping Beam+1","floor":19},{"not_picked":["Stack","Rebound+1"],"picked":"Heatsinks+1","floor":21},{"not_picked":["Rebound","Consume+1"],"picked":"Storm+1","floor":23},{"not_picked":["BootSequence","Gash"],"picked":"Steam","floor":25},{"not_picked":["Cold Snap","Steam Power+1"],"picked":"Capacitor+1","floor":31},{"not_picked":["Amplify+1","Thunder Strike"],"picked":"Creative AI","floor":33},{"not_picked":["Static Discharge","Rebound+1"],"picked":"FTL+1","floor":35},{"not_picked":["Leap+1","Undo+1"],"picked":"Darkness+1","floor":36},{"not_picked":["Compile Driver+1","Rebound+1","Steam Power+1"],"picked":"Singing Bowl","floor":39},{"not_picked":["Gash+1","Leap+1"],"picked":"Consume+1","floor":41},{"not_picked":["Turbo+1","Genetic Algorithm+1"],"picked":"Conserve Battery+1","floor":45},{"not_picked":["Lockon+1","Blizzard+1","Melter"],"picked":"Singing Bowl","floor":46},{"not_picked":["Turbo+1","Skim+1","Genetic Algorithm+1"],"picked":"Singing Bowl","floor":47},{"not_picked":["Reinforced Body+1","Sweeping Beam","Hologram+1"],"picked":"Singing Bowl","floor":54}],"player_experience":921984,"relics_obtained":[{"floor":9,"key":"Anchor"},{"floor":23,"key":"Incense Burner"},{"floor":25,"key":"Toxic Egg 2"},{"floor":26,"key":"Bottled Lightning"},{"floor":29,"key":"Bag of Marbles"},{"floor":46,"key":"Gambling Chip"},{"floor":54,"key":"Blue Candle"}],"event_choices":[{"damage_healed":0,"gold_gain":75,"player_choice":"Gather Gold","damage_taken":11,"max_hp_gain":0,"max_hp_loss":0,"event_name":"World of Goop","floor":2,"gold_loss":0},{"damage_healed":0,"gold_gain":0,"player_choice":"Ignored","damage_taken":0,"max_hp_gain":0,"max_hp_loss":0,"event_name":"WeMeetAgain","floor":3,"gold_loss":0},{"damage_healed":0,"gold_gain":0,"player_choice":"Grow","damage_taken":0,"max_hp_gain":0,"max_hp_loss":0,"event_name":"Living Wall","floor":7,"gold_loss":0,"cards_upgraded":["Storm"]},{"damage_healed":0,"gold_gain":75,"player_choice":"Touch","damage_taken":7,"max_hp_gain":0,"max_hp_loss":0,"event_name":"FaceTrader","floor":8,"gold_loss":0},{"damage_healed":0,"gold_gain":100,"player_choice":"Gold","damage_taken":0,"max_hp_gain":0,"max_hp_loss":0,"event_name":"Wheel of Change","floor":11,"gold_loss":0},{"damage_healed":0,"gold_gain":99,"player_choice":"Stole From Cult","damage_taken":0,"max_hp_gain":0,"max_hp_loss":0,"event_name":"Nest","floor":22,"gold_loss":0},{"damage_healed":0,"gold_gain":0,"player_choice":"Opened","damage_taken":0,"relics_obtained":["Singing Bowl"],"max_hp_gain":0,"max_hp_loss":0,"event_name":"The Mausoleum","floor":27,"gold_loss":0},{"damage_healed":19,"gold_gain":0,"player_choice":"Writhe","damage_taken":0,"max_hp_gain":0,"max_hp_loss":0,"event_name":"Winding Halls","floor":37,"gold_loss":0,"cards_obtained":["Writhe"]},{"damage_healed":0,"gold_gain":0,"player_choice":"Fight","damage_taken":0,"max_hp_gain":0,"max_hp_loss":0,"event_name":"MindBloom","floor":46,"gold_loss":0}],"is_beta":false,"boss_relics":[{"not_picked":["Nuclear Battery","Astrolabe"],"picked":"Inserter"},{"not_picked":["Eternal Feather","White Beast Statue"],"picked":"Pandora\u0027s Box"}],"items_purged_floors":[],"is_endless":false,"potions_floor_spawned":[10,14,16,18,19,33,36,41,45],"killed_by":"The Heart","ascension_level":0}