{"gold_per_floor":[111,186,200,212,212,212,222,222,245,245,265,265,275,285,285,387,387,398,398,313,313,330,330,330,12,12,41,59,72,1,1],"floor_reached":31,"playtime":2189,"items_purged":[],"score":387,"play_id":"1bd6928f-f325-404b-8c05-ba6ca1aed238","local_time":"20190321223823","is_ascension_mode":true,"campfire_choices":[{"data":"Creative AI","floor":6,"key":"SMITH"},{"data":"Hologram","floor":8,"key":"SMITH"},{"data":"Sweeping Beam","floor":10,"key":"SMITH"},{"floor":12,"key":"REST"},{"data":"Zap","floor":15,"key":"SMITH"},{"data":"Coolheaded","floor":24,"key":"SMITH"}],"neow_cost":"PERCENT_DAMAGE","seed_source_timestamp":23609202172848,"circlet_count":0,"master_deck":["Strike_B","Strike_B","Strike_B","Strike_B","Defend_B","Defend_B","Defend_B","Defend_B","Zap+1","Dualcast","Creative AI+1","Undo","Cold Snap","Sweeping Beam+1","Hologram+1","Steam","Steam","Amplify","Decay","Coolheaded+1","Heatsinks","Leap","Force Field"],"relics":["Cracked Core","Oddly Smooth Stone","Lizard Tail","Dream Catcher","Mummified Hand","Dodecahedron","Incense Burner"],"potions_floor_usage":[7,16,16,22,23,27,28,28,28,28],"damage_taken":[{"damage":6,"enemies":"Jaw Worm","floor":1,"turns":6},{"damage":3,"enemies":"Small Slimes","floor":3,"turns":3},{"damage":1,"enemies":"Cultist","floor":4,"turns":5},{"damage":8,"enemies":"Exordium Thugs","floor":7,"turns":6},{"damage":0,"enemies":"Looter","floor":11,"turns":3},{"damage":0,"enemies":"Blue Slaver","floor":13,"turns":9},{"damage":0,"enemies":"Red Slaver","floor":14,"turns":10},{"damage":2,"enemies":"The Guardian","floor":16,"turns":10},{"damage":10,"enemies":"Spheric Guardian","floor":18,"turns":6},{"damage":15,"enemies":"Shell Parasite","floor":22,"turns":8},{"damage":0,"enemies":"Gremlin Leader","floor":23,"turns":1},{"damage":26,"enemies":"Slavers","floor":27,"turns":4},{"damage":44,"enemies":"Cultist and Chosen","floor":28,"turns":11},{"damage":21,"enemies":"Centurion and Healer","floor":29,"turns":9},{"damage":16,"enemies":"Sentry and Sphere","floor":31,"turns":5}],"seed_played":"8802231932017796578","potions_obtained":[{"floor":1,"key":"Weak Potion"},{"floor":4,"key":"Fire Potion"},{"floor":13,"key":"FocusPotion"},{"floor":14,"key":"Strength Potion"},{"floor":16,"key":"SpeedPotion"},{"floor":21,"key":"SmokeBomb"},{"floor":21,"key":"EntropicBrew"},{"floor":21,"key":"SkillPotion"},{"floor":22,"key":"GamblersBrew"}],"is_trial":false,"path_per_floor":["M","?","M","M","?","R","M","R","T","R","M","R","M","M","R","B",null,"M","?","?","?","M","E","R","$","T","E","M","M","$","M"],"character_chosen":"DEFECT","items_purchased":["Mummified Hand","Heatsinks","Force Field"],"campfire_rested":1,"item_purchase_floors":[25,25,30],"current_hp_per_floor":[44,33,30,29,29,29,21,21,21,21,21,43,43,43,43,41,67,57,57,57,57,42,42,42,42,42,16,37,16,16,0],"gold":1,"neow_bonus":"THREE_RARE_CARDS","is_prod":false,"is_daily":false,"chose_seed":false,"campfire_upgraded":5,"win_rate":0,"timestamp":1553204303,"path_taken":["M","?","M","M","?","R","M","R","T","R","M","R","M","M","R","BOSS","M","?","?","?","M","E","R","$","T","E","?","M","?","M"],"build_version":"2019-01-23","purchased_purges":0,"victory":false,"max_hp_per_floor":[75,75,75,75,75,75,75,75,75,75,75,75,75,75,75,75,75,75,75,75,75,75,75,75,75,75,75,75,75,75,75],"card_choices":[{"not_picked":["Biased Cognition","All For One"],"picked":"Creative AI","floor":0},{"not_picked":["Static Discharge","Self Repair"],"picked":"Undo","floor":1},{"not_picked":["Steam Power","Tempest"],"picked":"Cold Snap","floor":3},{"not_picked":["Recycle","Darkness"],"picked":"Sweeping Beam","floor":4},{"not_picked":["Consume","Sunder"],"picked":"Hologram","floor":7},{"not_picked":["Heatsinks","Cold Snap","Rebound"],"picked":"SKIP","floor":11},{"not_picked":["Redo","Compile Driver"],"picked":"Steam","floor":13},{"not_picked":["Barrage","Redo"],"picked":"Steam","floor":14},{"not_picked":["Meteor Strike","Creative AI"],"picked":"Amplify","floor":16},{"not_picked":["Hello World","Heatsinks+1","Consume"],"picked":"SKIP","floor":18},{"not_picked":["Go for the Eyes","Ball Lightning"],"picked":"Coolheaded","floor":22},{"not_picked":["Compile Driver","Chaos+1","Cold Snap"],"picked":"SKIP","floor":27},{"not_picked":["Streamline","Ball Lightning+1"],"picked":"Leap","floor":28},{"not_picked":["Rip and Tear","Chaos","Beam Cell+1"],"picked":"SKIP","floor":29}],"player_experience":731136,"relics_obtained":[{"floor":9,"key":"Oddly Smooth Stone"},{"floor":26,"key":"Dodecahedron"},{"floor":27,"key":"Incense Burner"}],"event_choices":[{"damage_healed":0,"gold_gain":75,"player_choice":"Gather Gold","damage_taken":11,"max_hp_gain":0,"max_hp_loss":0,"event_name":"World of Goop","floor":2,"gold_loss":0},{"damage_healed":0,"gold_gain":0,"player_choice":"Ignored","damage_taken":0,"max_hp_gain":0,"max_hp_loss":0,"event_name":"Golden Wing","floor":5,"gold_loss":0},{"damage_healed":0,"gold_gain":0,"player_choice":"Smashed Altar","damage_taken":0,"max_hp_gain":0,"max_hp_loss":0,"event_name":"Forgotten Altar","floor":19,"gold_loss":0,"cards_obtained":["Decay"]},{"damage_healed":0,"gold_gain":0,"player_choice":"Obtained Relic","damage_taken":0,"relics_obtained":["Dream Catcher"],"max_hp_gain":0,"max_hp_loss":0,"event_name":"Addict","floor":20,"gold_loss":85},{"damage_healed":0,"gold_gain":0,"player_choice":"Got Potions","damage_taken":0,"max_hp_gain":0,"max_hp_loss":0,"event_name":"Lab","floor":21,"gold_loss":0}],"is_beta":false,"boss_relics":[{"not_picked":["Eternal Feather","Runic Dome"],"picked":"Lizard Tail"}],"items_purged_floors":[],"is_endless":false,"potions_floor_spawned":[1,4,13,14,16,22,23],"killed_by":"Sentry and Sphere","ascension_level":9}