{"gold_per_floor":[115,115,115,40,40,40,75,75,75,95,116,134,152,206,206,297,297,311,436,436,455,380,380,68,111,171,197,209,221,252,107,107,107],"floor_reached":33,"playtime":1622,"items_purged":["Injury","Strike_R"],"score":526,"play_id":"584800fe-7970-41a6-9d9b-3e773155d98d","local_time":"20190320131450","is_ascension_mode":true,"campfire_choices":[{"data":"Searing Blow","floor":6.0,"key":"SMITH"},{"floor":8.0,"key":"REST"},{"data":"Searing Blow+1","floor":15.0,"key":"SMITH"},{"data":"Searing Blow+2","floor":23.0,"key":"SMITH"},{"data":"Searing Blow+3","floor":28.0,"key":"SMITH"},{"data":"Searing Blow+4","floor":32.0,"key":"SMITH"}],"neow_cost":"NONE","seed_source_timestamp":588920059070744,"circlet_count":0,"master_deck":["AscendersBane","Strike_R","Strike_R+1","Defend_R","Defend_R+1","Defend_R+1","Defend_R","Bash","Searing Blow+5","Pommel Strike+1","Anger+1","Battle Trance","Thunderclap+1","Bludgeon+1","Double Tap","Armaments","Shrug It Off","Headbutt+1","Shrug It Off","Flash of Steel+1","Spot Weakness"],"special_seed":0,"relics":["Burning Blood","Golden Idol","Molten Egg 2","Bottled Flame","War Paint","Eternal Feather","Prayer Wheel","Gremlin Horn","MawBank","Strawberry","Frozen Egg 2","Happy Flower"],"potions_floor_usage":[],"damage_taken":[{"damage":7.0,"enemies":"Jaw Worm","floor":1.0,"turns":3.0},{"damage":40.0,"enemies":"3 Sentries","floor":7.0,"turns":8.0},{"damage":0.0,"enemies":"2 Louse","floor":10.0,"turns":2.0},{"damage":0.0,"enemies":"Cultist","floor":11.0,"turns":2.0},{"damage":2.0,"enemies":"Looter","floor":12.0,"turns":3.0},{"damage":3.0,"enemies":"Blue Slaver","floor":13.0,"turns":3.0},{"damage":12.0,"enemies":"Slime Boss","floor":16.0,"turns":6.0},{"damage":11.0,"enemies":"Spheric Guardian","floor":18.0,"turns":3.0},{"damage":21.0,"enemies":"Colosseum Slavers","floor":19.0,"turns":3.0},{"damage":28.0,"enemies":"Colosseum Nobs","floor":19.0,"turns":4.0},{"damage":35.0,"enemies":"Shell Parasite","floor":21.0,"turns":5.0},{"damage":46.0,"enemies":"Gremlin Leader","floor":25.0,"turns":4.0},{"damage":6.0,"enemies":"Cultist and Chosen","floor":27.0,"turns":5.0},{"damage":20.0,"enemies":"Shelled Parasite and Fungi","floor":30.0,"turns":4.0},{"damage":35,"enemies":"Automaton","floor":33,"turns":4}],"seed_played":"3317494066654470830","potions_obtained":[{"floor":10.0,"key":"SteroidPotion"},{"floor":11.0,"key":"Regen Potion"},{"floor":16.0,"key":"Fire Potion"},{"floor":19.0,"key":"Block Potion"},{"floor":25.0,"key":"SkillPotion"},{"floor":27.0,"key":"SteroidPotion"},{"floor":30.0,"key":"FearPotion"}],"is_trial":false,"path_per_floor":["M","?","?","$","?","R","E","R","T","M","M","M","M","T","R","B",null,"M","?","?","M","?","R","$","E","T","M","R","T","M","$","R","B"],"character_chosen":"IRONCLAD","items_purchased":["Shrug It Off","SteroidPotion","Flash of Steel+1","Happy Flower"],"campfire_rested":1,"item_purchase_floors":[24,24,24,31],"current_hp_per_floor":[67,44,44,44,44,44,10,32,32,38,44,48,60,60,60,54,70,65,28,75,46,46,55,55,15,22,22,34,34,20,20,32,0],"gold":107,"neow_bonus":"TRANSFORM_CARD","is_prod":false,"is_daily":false,"chose_seed":false,"campfire_upgraded":5,"win_rate":0,"timestamp":1553105690,"path_taken":["M","?","?","$","?","R","E","R","T","M","M","M","M","?","R","BOSS","M","?","?","?","?","R","$","E","T","M","R","?","M","?","R","BOSS"],"build_version":"2019-01-23","purchased_purges":2,"victory":false,"max_hp_per_floor":[75,75,75,75,75,75,75,75,75,75,75,75,75,75,75,75,75,75,75,75,75,75,75,75,75,82,82,82,82,82,82,82,82],"card_choices":[{"not_picked":["Seeing Red","Heavy Blade"],"picked":"Pommel Strike","floor":1.0},{"not_picked":["Fire Breathing","Brutality"],"picked":"Anger","floor":7.0},{"not_picked":["Shockwave","Wild Strike+1"],"picked":"Battle Trance","floor":10.0},{"not_picked":["Blood for Blood+1","Iron Wave+1"],"picked":"Thunderclap+1","floor":11.0},{"not_picked":["Armaments","Headbutt+1"],"picked":"Bludgeon+1","floor":12.0},{"not_picked":["Anger+1","Searing Blow+1","Sword Boomerang+1"],"picked":"SKIP","floor":13.0},{"not_picked":["Barricade","Demon Form"],"picked":"Double Tap","floor":16.0},{"not_picked":["Dual Wield","Wild Strike+1"],"picked":"Battle Trance","floor":18.0},{"not_picked":["Rupture","Uppercut+1"],"picked":"Armaments","floor":19.0},{"not_picked":["Cleave+1","Rampage+1"],"picked":"Shrug It Off","floor":21.0},{"not_picked":["Searing Blow+1","Iron Wave+1"],"picked":"Headbutt+1","floor":21.0},{"not_picked":["Burning Pact","Rupture","Iron Wave+1"],"picked":"SKIP","floor":25.0},{"not_picked":["Burning Pact","Rupture","Iron Wave+1"],"picked":"SKIP","floor":25.0},{"not_picked":["Pommel Strike+1","True Grit"],"picked":"Spot Weakness","floor":27.0},{"not_picked":["Perfected Strike+1","Uppercut+1","Pummel+1"],"picked":"SKIP","floor":27.0},{"not_picked":["Perfected Strike+1","Uppercut+1","Pummel+1"],"picked":"SKIP","floor":27.0},{"not_picked":["Perfected Strike+1","Uppercut+1","Pummel+1"],"picked":"SKIP","floor":27.0},{"not_picked":["True Grit","Cleave+1","Flex"],"picked":"SKIP","floor":30.0},{"not_picked":["Sword Boomerang+1","Carnage+1","Iron Wave+1"],"picked":"SKIP","floor":30.0}],"player_experience":872679,"relics_obtained":[{"floor":7.0,"key":"Molten Egg 2"},{"floor":9.0,"key":"Bottled Flame"},{"floor":14.0,"key":"War Paint"},{"floor":19.0,"key":"Prayer Wheel"},{"floor":19.0,"key":"Gremlin Horn"},{"floor":25.0,"key":"MawBank"},{"floor":26.0,"key":"Strawberry"},{"floor":29.0,"key":"Frozen Egg 2"}],"event_choices":[{"damage_healed":0.0,"max_hp_gain":0.0,"max_hp_loss":0.0,"gold_gain":0.0,"event_name":"Shining Light","player_choice":"Entered Light","floor":2.0,"gold_loss":0.0,"damage_taken":23.0,"cards_upgraded":["Strike_R","Pommel Strike"]},{"damage_healed":0.0,"max_hp_gain":0.0,"max_hp_loss":0.0,"gold_gain":0.0,"event_name":"Golden Idol","player_choice":"Take Wound","floor":3.0,"gold_loss":0.0,"damage_taken":0.0,"relics_obtained":["Golden Idol"],"cards_obtained":["Injury"]},{"damage_healed":0.0,"max_hp_gain":0.0,"max_hp_loss":0.0,"gold_gain":0.0,"event_name":"Scrap Ooze","player_choice":"Fled","floor":5.0,"gold_loss":0.0,"damage_taken":0.0},{"damage_healed":0.0,"max_hp_gain":0.0,"max_hp_loss":0.0,"gold_gain":0.0,"event_name":"Colosseum","player_choice":"Fight","floor":19.0,"gold_loss":0.0,"damage_taken":0.0},{"damage_healed":0.0,"max_hp_gain":0.0,"max_hp_loss":0.0,"gold_gain":0.0,"event_name":"Colosseum","player_choice":"Fought Nobs","floor":19.0,"gold_loss":0.0,"damage_taken":0.0},{"cards_removed":["Battle Trance"],"damage_healed":47.0,"max_hp_gain":0.0,"max_hp_loss":0.0,"gold_gain":0.0,"event_name":"Bonfire Elementals","player_choice":"Offered Uncommon","floor":20.0,"gold_loss":0.0,"damage_taken":0.0},{"cards_removed":["Strike_R"],"damage_healed":0.0,"max_hp_gain":0.0,"max_hp_loss":0.0,"gold_gain":0.0,"event_name":"Beggar","player_choice":"Gave Gold","floor":22.0,"gold_loss":75.0,"damage_taken":0.0}],"is_beta":false,"boss_relics":[{"not_picked":["White Beast Statue","Calling Bell"],"picked":"Eternal Feather"}],"items_purged_floors":[4,24],"is_endless":false,"potions_floor_spawned":[10,11,12,16,19,25,27,30],"killed_by":"Automaton","ascension_level":20}