{"gold_per_floor":[110,110,121,139,139,139,150,150,177,177,196,208,224,251,251,348,348,361,372,389,404,3,3,30,30,111,111,140,140,150,168,168,272,272,285,295,145,145,165,229,229,258,258,276,305,305,317,336,336,336],"floor_reached":51,"playtime":4750,"items_purged":[],"score":808,"play_id":"63d7354b-1fd7-43cc-9e9c-6aed15069ebd","local_time":"20180724205559","is_ascension_mode":false,"campfire_choices":[{"data":"Backstab","floor":6,"key":"SMITH"},{"data":"Catalyst","floor":8,"key":"SMITH"},{"data":"Burst","floor":15,"key":"SMITH"},{"data":"Mind Blast","floor":23,"key":"SMITH"},{"floor":25,"key":"REST"},{"floor":29,"key":"REST"},{"floor":32,"key":"REST"},{"floor":41,"key":"REST"},{"floor":46,"key":"REST"},{"data":"Catalyst","floor":49,"key":"SMITH"}],"neow_cost":"NONE","seed_source_timestamp":2152846478327048,"circlet_count":0,"master_deck":["Defend_G","Defend_G","Defend_G","Defend_G","Defend_G","Strike_G","Strike_G","Strike_G","Strike_G","Survivor","Neutralize","Backstab+1","Finisher","Backstab+1","Bouncing Flask","Catalyst+1","Backstab","Deflect","Cloak And Dagger","Backflip","Burst+1","A Thousand Cuts","Backstab","Deflect","Blade Dance","Deadly Poison","Mind Blast+1","Accuracy","Finisher","Cloak And Dagger","Noxious Fumes","Wraith Form v2","Prepared+1","Dagger Spray+1","Crippling Poison","Noxious Fumes","Madness","Madness","Bouncing Flask","Catalyst+1","Blade Dance","Prepared+1","Cloak And Dagger","Prepared","Catalyst"],"relics":["Ring of the Snake","Snake Skull","Art of War","Lizard Tail","Incense Burner","Bottled Tornado","Pantograph","Enchiridion","Paper Crane","Black Star","Lantern","Tiny Chest","Potion Belt","Ancient Tea Set","Matryoshka","Peace Pipe","Ice Cream"],"potions_floor_usage":[20,24,33,33,40,42,45,45,50],"damage_taken":[{"damage":0,"enemies":"Small Slimes","floor":1,"turns":2},{"damage":2,"enemies":"Jaw Worm","floor":3,"turns":3},{"damage":0,"enemies":"Cultist","floor":4,"turns":1},{"damage":0,"enemies":"Blue Slaver","floor":7,"turns":1},{"damage":0,"enemies":"Exordium Wildlife","floor":11,"turns":2},{"damage":0,"enemies":"2 Fungi Beasts","floor":12,"turns":1},{"damage":0,"enemies":"Exordium Thugs","floor":13,"turns":3},{"damage":23,"enemies":"Lagavulin","floor":14,"turns":8},{"damage":22,"enemies":"The Guardian","floor":16,"turns":9},{"damage":0,"enemies":"3 Byrds","floor":18,"turns":5},{"damage":1,"enemies":"Chosen","floor":19,"turns":3},{"damage":8,"enemies":"Slaver and Parasite","floor":20,"turns":6},{"damage":17,"enemies":"Snake Plant","floor":21,"turns":4},{"damage":7,"enemies":"Slavers","floor":24,"turns":4},{"damage":16,"enemies":"Gremlin Leader","floor":28,"turns":3},{"damage":0,"enemies":"Snecko","floor":30,"turns":2},{"damage":0,"enemies":"Sentry and Sphere","floor":31,"turns":3},{"damage":64,"enemies":"Champ","floor":33,"turns":12},{"damage":3,"enemies":"Flame Bruiser 1 Orb","floor":35,"turns":4},{"damage":3,"enemies":"3 Shapes","floor":36,"turns":4},{"damage":8,"enemies":"Maw","floor":39,"turns":6},{"damage":21,"enemies":"2 Orb Walkers","floor":40,"turns":5},{"damage":7,"enemies":"Giant Head","floor":42,"turns":8},{"damage":9,"enemies":"3 Darklings","floor":44,"turns":6},{"damage":5,"enemies":"2 Orb Walkers","floor":45,"turns":4},{"damage":4,"enemies":"Spire Growth","floor":47,"turns":3},{"damage":0,"enemies":"4 Shapes","floor":48,"turns":3},{"damage":68,"enemies":"Awakened One","floor":50,"turns":13}],"seed_played":"-2429802366058647986","potions_obtained":[{"floor":1,"key":"SpeedPotion"},{"floor":7,"key":"EssenceOfSteel"},{"floor":12,"key":"Ancient Potion"},{"floor":20,"key":"FearPotion"},{"floor":24,"key":"Ancient Potion"},{"floor":36,"key":"Fire Potion"},{"floor":39,"key":"FearPotion"},{"floor":40,"key":"GhostInAJar"},{"floor":42,"key":"GhostInAJar"},{"floor":45,"key":"SpeedPotion"}],"is_trial":false,"path_per_floor":["M","?","M","M","?","R","M","R","T","?","M","M","M","E","R","B",null,"M","M","M","M","$","R","E","R","T","?","E","R","M","M","R","B",null,"M","M","$","?","M","E","R","E","T","M","E","R","M","M","R","B"],"character_chosen":"THE_SILENT","items_purchased":["Incense Burner","Mind Blast","Crippling Poison","Noxious Fumes"],"campfire_rested":5,"item_purchase_floors":[22,22,37,37],"current_hp_per_floor":[70,70,68,68,68,68,68,68,68,68,68,68,68,45,45,23,70,70,69,61,44,44,44,37,58,58,42,26,47,47,47,68,6,70,67,64,64,55,47,26,47,40,40,31,26,47,43,43,43,35],"gold":336,"neow_bonus":"THREE_CARDS","is_prod":false,"is_daily":false,"chose_seed":false,"campfire_upgraded":5,"win_rate":0,"timestamp":1532462159,"path_taken":["M","?","M","M","?","R","M","R","T","?","?","M","M","E","R","BOSS","M","M","M","M","$","R","E","R","T","?","E","R","M","M","R","BOSS","M","M","$","?","M","E","R","E","T","?","E","R","M","M","R","BOSS"],"build_version":"2018-07-19v2","purchased_purges":0,"victory":true,"max_hp_per_floor":[70,70,70,70,70,70,70,70,70,70,70,70,70,70,70,70,70,70,70,70,70,70,70,70,70,70,70,70,70,70,70,70,70,70,70,70,70,70,70,70,70,70,70,70,70,70,70,70,70,70],"card_choices":[{"not_picked":["Underhanded Strike","Calculated Gamble"],"picked":"Backstab","floor":0},{"not_picked":["Bane","Distraction"],"picked":"Finisher","floor":1},{"not_picked":["Sucker Punch","Bane"],"picked":"Backstab","floor":3},{"not_picked":["Sucker Punch","Outmaneuver"],"picked":"Bouncing Flask","floor":4},{"not_picked":["Finisher","Bane"],"picked":"Catalyst","floor":7},{"not_picked":["Bane","Slice"],"picked":"Deflect","floor":11},{"not_picked":["Setup","Quick Slash"],"picked":"Cloak And Dagger","floor":12},{"not_picked":["PiercingWail","Cloak And Dagger"],"picked":"Backflip","floor":13},{"not_picked":["Dagger Spray","Slice"],"picked":"Burst","floor":14},{"not_picked":["Adrenaline","Bullet Time"],"picked":"A Thousand Cuts","floor":16},{"not_picked":["Finisher","Choke"],"picked":"Backstab","floor":18},{"not_picked":["Prepared","Cloak And Dagger"],"picked":"Deflect","floor":19},{"not_picked":["Quick Slash+1","Acrobatics"],"picked":"Blade Dance","floor":20},{"not_picked":["Backflip","Prepared+1"],"picked":"Deadly Poison","floor":21},{"not_picked":["Setup","Choke+1"],"picked":"Accuracy","floor":24},{"not_picked":["Flying Knee","Venomology"],"picked":"Finisher","floor":28},{"not_picked":["Bane+1","Poisoned Stab+1"],"picked":"Cloak And Dagger","floor":30},{"not_picked":["Phantasmal Killer","Underhanded Strike"],"picked":"Noxious Fumes","floor":31},{"not_picked":["Glass Knife","Venomology"],"picked":"Wraith Form v2","floor":33},{"not_picked":["Flying Knee","Dodge and Roll+1"],"picked":"Prepared+1","floor":35},{"not_picked":["Dodge and Roll","Blur"],"picked":"Dagger Spray+1","floor":36},{"not_picked":["Poisoned Stab","PiercingWail"],"picked":"Bouncing Flask","floor":39},{"not_picked":["Accuracy+1","Crippling Poison+1"],"picked":"Catalyst","floor":40},{"not_picked":["Flying Knee","Finisher"],"picked":"Blade Dance","floor":42},{"not_picked":["Venomology","PiercingWail"],"picked":"Prepared+1","floor":44},{"not_picked":["Footwork","Backflip"],"picked":"Cloak And Dagger","floor":45},{"not_picked":["Quick Slash+1","Underhanded Strike"],"picked":"Prepared","floor":47},{"not_picked":["Bullet Time","Sucker Punch"],"picked":"Catalyst","floor":48}],"player_experience":205883,"relics_obtained":[{"floor":9,"key":"Snake Skull"},{"floor":14,"key":"Art of War"},{"floor":24,"key":"Bottled Tornado"},{"floor":26,"key":"Pantograph"},{"floor":27,"key":"Enchiridion"},{"floor":28,"key":"Paper Crane"},{"floor":40,"key":"Lantern"},{"floor":40,"key":"Tiny Chest"},{"floor":42,"key":"Potion Belt"},{"floor":42,"key":"Ancient Tea Set"},{"floor":43,"key":"Matryoshka"},{"floor":45,"key":"Peace Pipe"},{"floor":45,"key":"Ice Cream"}],"event_choices":[{"event_name":"Living Wall","player_choice":"Grow","floor":2,"damage_taken":0},{"event_name":"Liars Game","player_choice":"disagreed","floor":5,"damage_taken":0},{"event_name":"Transmorgrifier","player_choice":"Transform","floor":10,"damage_taken":0},{"event_name":"Cursed Tome","player_choice":"Obtained Book","floor":27,"damage_taken":0},{"event_name":"Winding Halls","player_choice":"Embrace Madness","floor":38,"damage_taken":0}],"is_beta":false,"boss_relics":[{"not_picked":["Pandora\u0027s Box","Ring of the Serpent"],"picked":"Lizard Tail"},{"not_picked":["Velvet Choker","Calling Bell"],"picked":"Black Star"}],"items_purged_floors":[],"is_endless":false,"potions_floor_spawned":[1,7,12,14,18,20,21,24,36,39,40,42,45],"ascension_level":0}