{"gold_per_floor":[110,121,121,121,221,221,43,73,144,158,188,152,167,167,167,267,267,283,283,283,293,20,50,61,161,161,13,13,30,30,46,46,151,151,170,93,93,113,127,161,161,0,0,0,19,19,119,138,138,138,138,138,99,126,126],"floor_reached":55,"playtime":3515,"items_purged":["Regret"],"score":823,"play_id":"ffaf87be-e288-43a6-9c17-5fce823de763","local_time":"20190319003344","is_ascension_mode":false,"campfire_choices":[{"floor":6,"key":"REST"},{"data":"Sunder","floor":15,"key":"SMITH"},{"floor":30,"key":"REST"},{"floor":32,"key":"DIG"},{"floor":41,"key":"RECALL"},{"floor":44,"key":"DIG"},{"floor":46,"key":"REST"},{"floor":49,"key":"DIG"},{"floor":52,"key":"DIG"}],"neow_cost":"NONE","seed_source_timestamp":491496414027019,"circlet_count":0,"master_deck":["Strike_B+1","Strike_B+1","Strike_B+1","Strike_B+1","Defend_B+1","Defend_B+1","Defend_B+1","Defend_B+1","Zap","Dualcast","Auto Shields","Self Repair","Stack","Genetic Algorithm","Sunder+1","Go for the Eyes","Sweeping Beam","Echo Form","Coolheaded+1","Coolheaded+1","Chill+1","Defragment+1","Rainbow+1","FTL","Doom and Gloom","Madness+1","Madness+1","Leap+1","Trip+1","Self Repair","Parasite","Parasite","Cold Snap+1","Undo+1","Beam Cell+1","Blizzard"],"relics":["Cracked Core","Symbiotic Virus","Unceasing Top","Toxic Egg 2","Anchor","Sozu","Strange Spoon","Pantograph","Shovel","Kunai","Shuriken","Dream Catcher","Oddly Smooth Stone","Cursed Key","FossilizedHelix","Mercury Hourglass","Prayer Wheel","Mango","Pear","Bottled Tornado","Gambling Chip"],"potions_floor_usage":[8,16,23],"damage_taken":[{"damage":7,"enemies":"2 Louse","floor":1,"turns":3},{"damage":5,"enemies":"Small Slimes","floor":2,"turns":4},{"damage":18,"enemies":"Gremlin Nob","floor":8,"turns":4},{"damage":1,"enemies":"Cultist","floor":10,"turns":4},{"damage":5,"enemies":"Lagavulin","floor":11,"turns":7},{"damage":0,"enemies":"Large Slime","floor":13,"turns":4},{"damage":42,"enemies":"Slime Boss","floor":16,"turns":11},{"damage":8,"enemies":"Chosen","floor":18,"turns":5},{"damage":4,"enemies":"Shell Parasite","floor":21,"turns":5},{"damage":0,"enemies":"Slavers","floor":23,"turns":5},{"damage":2,"enemies":"Centurion and Healer","floor":24,"turns":5},{"damage":7,"enemies":"Colosseum Slavers","floor":25,"turns":4},{"damage":45,"enemies":"Colosseum Nobs","floor":25,"turns":7},{"damage":0,"enemies":"Chosen and Byrds","floor":29,"turns":5},{"damage":35,"enemies":"Cultist and Chosen","floor":31,"turns":7},{"damage":0,"enemies":"Champ","floor":33,"turns":17},{"damage":2,"enemies":"Orb Walker","floor":35,"turns":4},{"damage":0,"enemies":"3 Darklings","floor":38,"turns":5},{"damage":5,"enemies":"Maw","floor":39,"turns":8},{"damage":19,"enemies":"Giant Head","floor":40,"turns":11},{"damage":27,"enemies":"Writhing Mass","floor":45,"turns":7},{"damage":0,"enemies":"Mind Bloom Boss Battle","floor":47,"turns":4},{"damage":28,"enemies":"Spire Growth","floor":48,"turns":6},{"damage":80,"enemies":"Time Eater","floor":50,"turns":18},{"damage":25,"enemies":"Shield and Spear","floor":54,"turns":7},{"damage":107,"enemies":"The Heart","floor":55,"turns":9}],"seed_played":"-1177903217673556654","potions_obtained":[{"floor":2,"key":"Block Potion"},{"floor":13,"key":"Block Potion"},{"floor":16,"key":"Strength Potion"}],"is_trial":false,"path_per_floor":["M","M","?","?","?","R","$","E","T","M","E","$","M","?","R","B",null,"M","?","T","M","$","E","M","?","T","$","$","M","R","M","R","B",null,"M","$","?","M","M","E","R","$","T","R","M","R","?","M","R","B",null,"R","$","E","B"],"character_chosen":"DEFECT","items_purchased":["Self Repair","Stack","Sunder","Chill+1","Strange Spoon","Dream Catcher","Doom and Gloom","Trip+1","Self Repair","Blizzard"],"campfire_rested":3,"item_purchase_floors":[7,7,12,22,22,27,36,42,42,53],"current_hp_per_floor":[75,70,54,54,54,78,78,67,67,73,75,75,82,82,82,47,82,81,81,81,82,82,82,82,44,44,44,44,51,75,47,47,79,82,82,82,72,79,82,70,70,70,70,70,57,81,96,82,92,40,106,106,106,88,0],"gold":126,"neow_bonus":"TEN_PERCENT_HP_BONUS","is_prod":false,"is_daily":false,"chose_seed":false,"campfire_upgraded":1,"win_rate":0,"timestamp":1552964624,"path_taken":["M","M","?","?","?","R","$","E","T","M","E","$","?","?","R","BOSS","M","?","?","M","$","E","?","?","T","?","$","M","R","M","R","BOSS","M","$","?","M","M","E","R","$","T","R","M","R","?","M","R","BOSS","R","$","E","BOSS"],"build_version":"2019-03-15","purchased_purges":1,"victory":false,"max_hp_per_floor":[82,82,82,82,82,82,82,82,82,82,82,82,82,82,82,82,82,82,82,82,82,82,82,82,82,82,82,82,82,82,82,82,82,82,82,82,82,82,82,82,82,82,82,82,82,82,96,96,106,106,106,106,106,106,106],"card_choices":[{"not_picked":["Gash","Barrage"],"picked":"Leap","floor":1},{"not_picked":["Steam","Sweeping Beam"],"picked":"Auto Shields","floor":2},{"not_picked":["White Noise","Capacitor"],"picked":"Genetic Algorithm","floor":8},{"not_picked":["Steam+1","Gash","Ball Lightning"],"picked":"SKIP","floor":10},{"not_picked":["Gash","Tempest+1","Sweeping Beam"],"picked":"SKIP","floor":11},{"not_picked":["Sweeping Beam","Capacitor"],"picked":"Go for the Eyes","floor":13},{"not_picked":["Fission+1","Reboot+1"],"picked":"Echo Form","floor":16},{"not_picked":["Hologram+1","Beam Cell"],"picked":"Coolheaded+1","floor":18},{"not_picked":["Auto Shields+1","Gash"],"picked":"Coolheaded+1","floor":21},{"not_picked":["Darkness+1","Auto Shields+1"],"picked":"Defragment+1","floor":23},{"not_picked":["Defragment","Rebound","Coolheaded+1"],"picked":"SKIP","floor":24},{"not_picked":["Steam+1","Aggregate+1","Ball Lightning+1"],"picked":"SKIP","floor":29},{"not_picked":["Compile Driver+1","Rip and Tear","Gash"],"picked":"SKIP","floor":31},{"not_picked":["Seek+1","Hyperbeam"],"picked":"Rainbow+1","floor":33},{"not_picked":["Cold Snap+1","Turbo+1"],"picked":"FTL","floor":35},{"not_picked":["Recycle+1","Force Field+1"],"picked":"Leap+1","floor":38},{"not_picked":["Ball Lightning+1","Hologram+1","Capacitor+1"],"picked":"SKIP","floor":39},{"not_picked":["Reinforced Body+1","Glacier+1","White Noise+1"],"picked":"SKIP","floor":40},{"not_picked":["Barrage","Conserve Battery+1"],"picked":"Cold Snap+1","floor":45},{"not_picked":["Gash","Sweeping Beam","Capacitor+1"],"picked":"SKIP","floor":45},{"not_picked":["Gash","Sweeping Beam","Capacitor+1"],"picked":"SKIP","floor":45},{"not_picked":["Steam+1","Core Surge"],"picked":"Undo+1","floor":47},{"not_picked":["Leap+1","Rip and Tear+1"],"picked":"Beam Cell+1","floor":48},{"not_picked":["Stack+1","Skim+1","Redo+1"],"picked":"SKIP","floor":48},{"not_picked":["Hologram+1","Streamline","Beam Cell"],"picked":"SKIP","floor":54}],"player_experience":727034,"relics_obtained":[{"floor":8,"key":"Unceasing Top"},{"floor":9,"key":"Toxic Egg 2"},{"floor":11,"key":"Anchor"},{"floor":23,"key":"Pantograph"},{"floor":25,"key":"Shovel"},{"floor":25,"key":"Kunai"},{"floor":26,"key":"Shuriken"},{"floor":32,"key":"Oddly Smooth Stone"},{"floor":40,"key":"FossilizedHelix"},{"floor":43,"key":"Mercury Hourglass"},{"floor":44,"key":"Prayer Wheel"},{"floor":47,"key":"Mango"},{"floor":49,"key":"Pear"},{"floor":52,"key":"Bottled Tornado"},{"floor":54,"key":"Gambling Chip"}],"event_choices":[{"damage_healed":0,"gold_gain":0,"player_choice":"Entered Light","damage_taken":16,"max_hp_gain":0,"max_hp_loss":0,"event_name":"Shining Light","floor":3,"gold_loss":0,"cards_upgraded":["Defend_B","Defend_B"]},{"damage_healed":0,"gold_gain":0,"player_choice":"Box","damage_taken":0,"relics_obtained":["Symbiotic Virus"],"max_hp_gain":0,"max_hp_loss":0,"event_name":"Big Fish","floor":4,"gold_loss":0,"cards_obtained":["Regret"]},{"damage_healed":0,"gold_gain":100,"player_choice":"Pray","damage_taken":0,"max_hp_gain":0,"max_hp_loss":0,"event_name":"Golden Shrine","floor":5,"gold_loss":0},{"damage_healed":0,"gold_gain":0,"cards_transformed":["Leap"],"player_choice":"Transformed","damage_taken":0,"max_hp_gain":0,"max_hp_loss":0,"event_name":"Transmorgrifier","floor":14,"gold_loss":0,"cards_obtained":["Sweeping Beam"]},{"damage_healed":0,"gold_gain":0,"player_choice":"Simplicity","damage_taken":0,"max_hp_gain":0,"max_hp_loss":0,"event_name":"Back to Basics","floor":19,"gold_loss":0,"cards_upgraded":["Strike_B","Strike_B","Strike_B","Strike_B","Defend_B","Defend_B"]},{"damage_healed":0,"gold_gain":0,"player_choice":"Fight","damage_taken":0,"max_hp_gain":0,"max_hp_loss":0,"event_name":"Colosseum","floor":25,"gold_loss":0},{"damage_healed":0,"gold_gain":0,"player_choice":"Fought Nobs","damage_taken":0,"max_hp_gain":0,"max_hp_loss":0,"event_name":"Colosseum","floor":25,"gold_loss":0},{"damage_healed":0,"gold_gain":0,"player_choice":"Embrace Madness","damage_taken":10,"max_hp_gain":0,"max_hp_loss":0,"event_name":"Winding Halls","floor":37,"gold_loss":0,"cards_obtained":["Madness","Madness"]},{"damage_healed":0,"gold_gain":0,"player_choice":"Fight","damage_taken":0,"max_hp_gain":0,"max_hp_loss":0,"event_name":"MindBloom","floor":47,"gold_loss":0}],"is_beta":true,"boss_relics":[{"not_picked":["Lizard Tail","Tiny House"],"picked":"Sozu"},{"not_picked":["Fusion Hammer","Pandora\u0027s Box"],"picked":"Cursed Key"}],"items_purged_floors":[7],"is_endless":false,"potions_floor_spawned":[2,13,16,18,25,31,38,40],"killed_by":"The Heart","ascension_level":0}