{"gold_per_floor":[112,112,112,125,10,54,54,68,68,91,134,147,147,147,147,242,242,227,24,299,322,124,124,155,155,229,264,37,56,56,72,72,166,166,191,0,0,21,36,36,80,80,106,106,149,482,511,530,530,530,530,530,530,5,32,32],"floor_reached":57,"playtime":3061,"items_purged":["Strike_R","Strike_R"],"score":2897,"play_id":"e36f23b2-6a78-4b9d-b2ef-b2cc608728a8","local_time":"20190327032414","is_ascension_mode":true,"campfire_choices":[{"data":"Feed","floor":7.0,"key":"SMITH"},{"data":"Inflame","floor":13.0,"key":"SMITH"},{"data":"Armaments","floor":15.0,"key":"SMITH"},{"data":"Corruption","floor":23.0,"key":"SMITH"},{"data":"Pommel Strike","floor":25.0,"key":"SMITH"},{"data":"Inflame","floor":32.0,"key":"SMITH"},{"data":"Feel No Pain","floor":40.0,"key":"SMITH"},{"data":"Feel No Pain","floor":42.0,"key":"SMITH"},{"floor":44.0,"key":"RECALL"},{"data":"Disarm","floor":49.0,"key":"SMITH"},{"data":"Strike_R","floor":53.0,"key":"PURGE"}],"neow_cost":"NONE","seed_source_timestamp":1202931984772168,"circlet_count":0,"master_deck":["AscendersBane","Strike_R","Defend_R+1","Defend_R","Defend_R","Defend_R+1","Bash","Shrug It Off","Armaments+1","Inflame+1","Feed+1","Shockwave","Shockwave","Corruption+1","Disarm+1","Feed","Anger","Inflame+1","Feel No Pain+1","Pommel Strike+1","Feel No Pain+1","Headbutt+1","Shrug It Off","Immolate","Battle Trance","Limit Break+1","Metallicize","Shrug It Off","Carnage","Shrug It Off","Shrug It Off","Shrug It Off","Sword Boomerang+1"],"special_seed":0,"relics":["Burning Blood","NeowsBlessing","Happy Flower","Blue Candle","The Courier","Omamori","Coffee Dripper","War Paint","Gremlin Horn","Self Forming Clay","Question Card","Meat on the Bone","Dream Catcher","Sozu","Red Mask","Pantograph","Peace Pipe","Ancient Tea Set","FossilizedHelix","Bag of Marbles","Lantern","Torii"],"potions_floor_usage":[],"damage_taken":[{"damage":0.0,"enemies":"Jaw Worm","floor":1.0,"turns":1.0},{"damage":0.0,"enemies":"Cultist","floor":4.0,"turns":1.0},{"damage":0.0,"enemies":"Lagavulin","floor":6.0,"turns":1.0},{"damage":7.0,"enemies":"Small Slimes","floor":8.0,"turns":5.0},{"damage":0.0,"enemies":"Exordium Wildlife","floor":10.0,"turns":3.0},{"damage":27.0,"enemies":"Gremlin Nob","floor":11.0,"turns":4.0},{"damage":2.0,"enemies":"Exordium Thugs","floor":12.0,"turns":5.0},{"damage":50.0,"enemies":"Slime Boss","floor":16.0,"turns":12.0},{"damage":20.0,"enemies":"2 Thieves","floor":18.0,"turns":5.0},{"damage":12.0,"enemies":"3 Byrds","floor":21.0,"turns":6.0},{"damage":1.0,"enemies":"Gremlin Leader","floor":24.0,"turns":6.0},{"damage":17.0,"enemies":"Book of Stabbing","floor":27.0,"turns":7.0},{"damage":24.0,"enemies":"Snake Plant","floor":29.0,"turns":5.0},{"damage":18.0,"enemies":"Centurion and Healer","floor":31.0,"turns":8.0},{"damage":19.0,"enemies":"Automaton","floor":33.0,"turns":8.0},{"damage":24.0,"enemies":"3 Darklings","floor":35.0,"turns":4.0},{"damage":3.0,"enemies":"3 Shapes","floor":38.0,"turns":4.0},{"damage":0.0,"enemies":"Maw","floor":39.0,"turns":7.0},{"damage":15.0,"enemies":"Nemesis","floor":41.0,"turns":7.0},{"damage":22.0,"enemies":"Reptomancer","floor":45.0,"turns":6.0},{"damage":1.0,"enemies":"Giant Head","floor":47.0,"turns":6.0},{"damage":1.0,"enemies":"3 Darklings","floor":48.0,"turns":3.0},{"damage":41.0,"enemies":"Awakened One","floor":50.0,"turns":14.0},{"damage":49.0,"enemies":"Donu and Deca","floor":51.0,"turns":8.0},{"damage":102,"enemies":"Shield and Spear","floor":55,"turns":12},{"damage":58,"enemies":"The Heart","floor":56,"turns":13}],"seed_played":"1008291850856879360","potions_obtained":[{"floor":4.0,"key":"SkillPotion"},{"floor":10.0,"key":"Explosive Potion"},{"floor":16.0,"key":"Explosive Potion"},{"floor":18.0,"key":"PowerPotion"},{"floor":21.0,"key":"SkillPotion"},{"floor":33.0,"key":"SpeedPotion"}],"is_trial":false,"path_per_floor":["M","?","T","M","$","E","R","M","T","M","E","M","R","?","R","B",null,"M","$","?","M","$","R","E","R","T","E","$","M","?","M","R","B",null,"M","?","?","M","M","R","E","R","T","R","E","?","E","M","R","B","B",null,"R","$","E","B",null],"character_chosen":"IRONCLAD","items_purchased":["Inflame","Inflame","Feel No Pain","Feel No Pain","War Paint","Meat on the Bone","FossilizedHelix","Bag of Marbles","Lantern"],"campfire_rested":0,"item_purchase_floors":[5,19,19,22,22,28,54,54,54],"current_hp_per_floor":[74,48,48,54,54,60,60,63,63,73,56,64,64,57,57,13,72,62,62,62,64,64,64,73,73,73,66,66,64,64,72,72,71,110,96,96,96,106,116,116,111,111,111,111,99,99,108,116,116,106,96,145,145,145,61,46],"gold":32,"neow_bonus":"THREE_ENEMY_KILL","is_prod":false,"is_daily":false,"chose_seed":false,"campfire_upgraded":9,"win_rate":0,"timestamp":1553671454,"path_taken":["M","?","?","M","$","E","R","M","T","?","E","M","R","?","R","BOSS","M","$","?","M","?","R","E","R","T","E","$","?","?","M","R","BOSS","M","?","?","?","M","R","E","R","T","R","E","?","E","M","R","BOSS","BOSS","R","$","E","BOSS"],"build_version":"2019-03-15","purchased_purges":2,"victory":true,"max_hp_per_floor":[75,75,75,75,75,75,75,79,79,83,87,91,91,91,91,91,91,95,95,95,103,103,103,107,107,107,111,111,115,115,123,123,123,123,127,127,127,134,138,138,142,142,142,142,146,146,150,153,153,153,161,161,161,161,161,161],"card_choices":[{"not_picked":["Sword Boomerang","Flex"],"picked":"Shrug It Off","floor":1.0},{"not_picked":["Perfected Strike","Clothesline"],"picked":"Armaments","floor":4.0},{"not_picked":["Flex","Pommel Strike"],"picked":"Feed","floor":6.0},{"not_picked":["Anger","Sword Boomerang"],"picked":"Shockwave","floor":8.0},{"not_picked":["Pummel","Sword Boomerang"],"picked":"Shockwave","floor":10.0},{"not_picked":["Sword Boomerang","Clothesline"],"picked":"Corruption","floor":11.0},{"not_picked":["Perfected Strike","Entrench"],"picked":"Disarm","floor":12.0},{"not_picked":["Bludgeon","Demon Form"],"picked":"Feed","floor":16.0},{"not_picked":["Sword Boomerang","Perfected Strike+1"],"picked":"Anger","floor":18.0},{"not_picked":["Power Through","Warcry"],"picked":"Pommel Strike","floor":21.0},{"not_picked":["Clothesline","Perfected Strike"],"picked":"Headbutt+1","floor":24.0},{"not_picked":["Evolve","Seeing Red+1"],"picked":"Shrug It Off","floor":27.0},{"not_picked":["Second Wind","Thunderclap","Heavy Blade"],"picked":"Immolate","floor":29.0},{"not_picked":["Warcry","Cleave","Wild Strike"],"picked":"Battle Trance","floor":31.0},{"not_picked":["Fiend Fire","Berserk","Brutality"],"picked":"Limit Break","floor":33.0},{"not_picked":["Clothesline","Headbutt","Intimidate"],"picked":"Metallicize","floor":35.0},{"not_picked":["Body Slam","Iron Wave","Battle Trance"],"picked":"Shrug It Off","floor":38.0},{"not_picked":["Flex","Thunderclap","Anger+1"],"picked":"Carnage","floor":39.0},{"not_picked":["Heavy Blade","Battle Trance+1","Burning Pact"],"picked":"Shrug It Off","floor":41.0},{"not_picked":["Seeing Red","Clash","Thunderclap","Rampage"],"picked":"SKIP","floor":45.0},{"not_picked":["Sentinel","Hemokinesis","Combust"],"picked":"Shrug It Off","floor":47.0},{"not_picked":["Heavy Blade","Warcry","Double Tap"],"picked":"Shrug It Off","floor":48.0},{"not_picked":["Iron Wave","Cleave","Wild Strike"],"picked":"Sword Boomerang+1","floor":55}],"player_experience":1311369,"relics_obtained":[{"floor":3.0,"key":"Happy Flower"},{"floor":6.0,"key":"Blue Candle"},{"floor":9.0,"key":"The Courier"},{"floor":11.0,"key":"Omamori"},{"floor":24.0,"key":"Gremlin Horn"},{"floor":26.0,"key":"Self Forming Clay"},{"floor":27.0,"key":"Question Card"},{"floor":41.0,"key":"Pantograph"},{"floor":45.0,"key":"Peace Pipe"},{"floor":47.0,"key":"Ancient Tea Set"},{"floor":55,"key":"Torii"}],"event_choices":[{"damage_healed":0.0,"max_hp_gain":0.0,"max_hp_loss":0.0,"gold_gain":0.0,"event_name":"Golden Idol","player_choice":"Take Damage","floor":2.0,"gold_loss":0.0,"damage_taken":26.0,"relics_obtained":["Golden Idol"]},{"cards_removed":["Strike_R"],"damage_healed":0.0,"max_hp_gain":0.0,"max_hp_loss":0.0,"gold_gain":0.0,"event_name":"Golden Wing","player_choice":"Card Removal","floor":14.0,"gold_loss":0.0,"damage_taken":7.0},{"damage_healed":0.0,"max_hp_gain":0.0,"max_hp_loss":0.0,"gold_gain":275.0,"event_name":"Golden Shrine","player_choice":"Desecrate","floor":20.0,"gold_loss":0.0,"damage_taken":0.0,"cards_obtained":["Regret"]},{"damage_healed":0.0,"max_hp_gain":0.0,"max_hp_loss":0.0,"gold_gain":0.0,"event_name":"The Mausoleum","player_choice":"Opened","floor":30.0,"gold_loss":0.0,"damage_taken":0.0,"relics_obtained":["Dream Catcher"],"cards_obtained":["Writhe"]},{"damage_healed":0.0,"max_hp_gain":0.0,"max_hp_loss":0.0,"gold_gain":0.0,"event_name":"Tomb of Lord Red Mask","player_choice":"Paid","floor":36.0,"gold_loss":191.0,"damage_taken":0.0,"relics_obtained":["Red Mask"]},{"damage_healed":0.0,"max_hp_gain":0.0,"max_hp_loss":0.0,"gold_gain":0.0,"event_name":"Accursed Blacksmith","player_choice":"Forge","floor":37.0,"gold_loss":0.0,"damage_taken":0.0,"cards_upgraded":["Limit Break"]},{"damage_healed":0.0,"max_hp_gain":0.0,"max_hp_loss":0.0,"gold_gain":333.0,"event_name":"The Moai Head","player_choice":"Gave Idol","floor":46.0,"relics_lost":["Golden Idol"],"gold_loss":0.0,"damage_taken":0.0}],"is_beta":true,"boss_relics":[{"not_picked":["Black Blood","Pandora\u0027s Box"],"picked":"Coffee Dripper"},{"not_picked":["Black Star","Velvet Choker"],"picked":"Sozu"}],"items_purged_floors":[5,19],"is_endless":false,"potions_floor_spawned":[4,10,16,18,21,33,38,39,45,48,55],"ascension_level":20}