{"gold_per_floor":[111,211,106,117,127,157,3,3,29,29,39,59,74,84,84,183,183,172,182,236,253,168,183,183,0,0,99,99,99,119,135,135,135],"floor_reached":33,"playtime":2811,"items_purged":[],"score":274,"play_id":"07355b9a-5c01-46e3-9e4f-2646e2bf5f30","local_time":"20180806081639","is_ascension_mode":false,"campfire_choices":[{"data":"Infinite Blades","floor":8,"key":"SMITH"},{"data":"Distraction","floor":15,"key":"SMITH"},{"floor":24,"key":"REST"},{"floor":28,"key":"REST"},{"floor":32,"key":"REST"}],"neow_cost":"NONE","seed_source_timestamp":3232436449424205,"circlet_count":0,"master_deck":["Defend_G","Defend_G","Defend_G","Defend_G","Defend_G","Strike_G","Strike_G","Strike_G","Strike_G","Strike_G","Survivor","Neutralize+1","Quick Slash","Catalyst","Footwork","Infinite Blades+1","Backflip","Catalyst","Infinite Blades","Choke","Footwork","Distraction+1","Crippling Poison","Tools of the Trade","Choke+1","Flying Knee+1","Deflect","Bouncing Flask+1","Finisher","Finesse","Infinite Blades","Backstab+1"],"relics":["Ring of the Snake","Blood Vial","Lantern","Odd Mushroom","Runic Dome","Bag of Preparation","Pen Nib","Question Card","Peace Pipe"],"potions_floor_usage":[6,13,30,33],"damage_taken":[{"damage":0,"enemies":"Jaw Worm","floor":1,"turns":5},{"damage":0,"enemies":"Cultist","floor":4,"turns":5},{"damage":0,"enemies":"2 Louse","floor":5,"turns":4},{"damage":0,"enemies":"Lagavulin","floor":6,"turns":11},{"damage":2,"enemies":"Blue Slaver","floor":11,"turns":4},{"damage":24,"floor":12,"turns":5},{"damage":8,"enemies":"Large Slime","floor":13,"turns":7},{"damage":5,"enemies":"Exordium Thugs","floor":14,"turns":4},{"damage":12,"enemies":"The Guardian","floor":16,"turns":8},{"damage":10,"enemies":"2 Thieves","floor":18,"turns":4},{"damage":10,"enemies":"3 Byrds","floor":19,"turns":5},{"damage":36,"enemies":"Snake Plant","floor":21,"turns":5},{"damage":8,"enemies":"Centurion and Healer","floor":23,"turns":8},{"damage":0,"enemies":"Cultist and Chosen","floor":30,"turns":4},{"damage":19,"enemies":"Snake Plant","floor":31,"turns":3},{"damage":64,"enemies":"Champ","floor":33,"turns":6}],"seed_played":"5873133165567579018","potions_obtained":[{"floor":5,"key":"EssenceOfSteel"},{"floor":12,"key":"Regen Potion"},{"floor":13,"key":"SpeedPotion"},{"floor":16,"key":"Energy Potion"},{"floor":21,"key":"GamblersBrew"},{"floor":23,"key":"PowerPotion"}],"is_trial":false,"path_per_floor":["M","?","$","M","M","E","$","R","T","$","M","?","M","M","R","B",null,"M","M","T","M","?","M","R","$","T","?","R","?","M","M","R"],"character_chosen":"THE_SILENT","items_purchased":["Catalyst","Footwork","Infinite Blades","Choke","Finisher","Finesse"],"campfire_rested":3,"item_purchase_floors":[3,3,7,7,25,25],"current_hp_per_floor":[70,70,70,70,70,70,70,70,70,70,68,46,55,52,52,42,70,60,52,52,18,18,12,33,33,33,33,54,54,56,39,60,0],"gold":135,"neow_bonus":"UPGRADE_CARD","is_prod":false,"is_daily":false,"chose_seed":false,"campfire_upgraded":2,"win_rate":0,"timestamp":1533539799,"path_taken":["M","?","$","M","M","E","?","R","T","$","M","?","M","M","R","BOSS","M","M","?","M","?","M","R","?","T","?","R","?","M","M","R","BOSS"],"build_version":"2018-08-02","purchased_purges":0,"victory":false,"max_hp_per_floor":[70,70,70,70,70,70,70,70,70,70,70,70,70,70,70,70,70,70,70,70,70,70,70,70,70,70,70,70,70,70,70,70,70],"card_choices":[{"not_picked":["Bane","Leg Sweep"],"picked":"Quick Slash","floor":1},{"not_picked":["Riddle With Holes","Dagger Throw"],"picked":"Infinite Blades","floor":4},{"not_picked":["Underhanded Strike","Deflect"],"picked":"Backflip","floor":5},{"not_picked":["Dash","Masterful Stab"],"picked":"Catalyst","floor":6},{"not_picked":["Cloak And Dagger","Deflect"],"picked":"Footwork","floor":11},{"not_picked":["Underhanded Strike","Cloak And Dagger"],"picked":"Distraction","floor":13},{"not_picked":["Dodge and Roll","Dagger Throw"],"picked":"Crippling Poison","floor":14},{"not_picked":["After Image","Malaise"],"picked":"Tools of the Trade","floor":16},{"not_picked":["Cloak And Dagger+1","Prepared+1"],"picked":"Choke+1","floor":18},{"not_picked":["Dodge and Roll","Quick Slash"],"picked":"Flying Knee+1","floor":19},{"not_picked":["Dodge and Roll","Sucker Punch"],"picked":"Deflect","floor":21},{"not_picked":["Die Die Die","Eviscerate"],"picked":"Bouncing Flask+1","floor":23},{"not_picked":["Backstab","Footwork+1","Prepared"],"picked":"Infinite Blades","floor":30},{"not_picked":["Prepared","Acrobatics","Dash"],"picked":"Backstab+1","floor":31}],"player_experience":294596,"relics_obtained":[{"floor":6,"key":"Blood Vial"},{"floor":9,"key":"Lantern"},{"floor":12,"key":"Odd Mushroom"},{"floor":20,"key":"Bag of Preparation"},{"floor":26,"key":"Question Card"}],"event_choices":[{"event_name":"Golden Shrine","player_choice":"Pray","floor":2,"damage_taken":0},{"event_name":"Mushrooms","player_choice":"Fought Mushrooms","floor":12,"damage_taken":0},{"event_name":"Addict","player_choice":"Obtained Relic","floor":22,"damage_taken":0},{"event_name":"Nest","player_choice":"Stole From Cult","floor":27,"damage_taken":0},{"event_name":"The Mausoleum","player_choice":"Yes","floor":29,"damage_taken":0}],"is_beta":false,"boss_relics":[{"not_picked":["Velvet Choker","Empty Cage"],"picked":"Runic Dome"}],"items_purged_floors":[],"is_endless":false,"potions_floor_spawned":[5,12,13,16,21,23],"killed_by":"Champ","ascension_level":0}