{"gold_per_floor":[363,115,115,5,21,47,57,57,138,151,180,190,190,200,200,279,279,290,215,234,49,60,60,86,86],"floor_reached":25,"playtime":1526,"items_purged":["Strike_R","Strike_R"],"score":466,"play_id":"e0965e93-d3c6-40c1-a5b5-e67ca6ee78a3","local_time":"20190220165019","is_ascension_mode":true,"campfire_choices":[{"data":"Bash","floor":8.0,"key":"SMITH"},{"data":"Ghostly Armor","floor":13.0,"key":"SMITH"},{"data":"Inflame","floor":15.0,"key":"SMITH"},{"data":"Flame Barrier","floor":23.0,"key":"SMITH"}],"neow_cost":"PERCENT_DAMAGE","seed_source_timestamp":157762177222786,"circlet_count":0,"master_deck":["AscendersBane","Strike_R","Defend_R","Defend_R","Defend_R","Defend_R","Bash+1","Clothesline","Inflame+1","Twin Strike","Twin Strike","Anger","Rampage","Ghostly Armor+1","Warcry","Immolate","Twin Strike+1","Flame Barrier+1","Inflame","Battle Trance","Feel No Pain+1"],"special_seed":0,"relics":["Burning Blood","Lantern","Orichalcum","Potion Belt","Mark of Pain","Blood Vial"],"potions_floor_usage":[24,25,25],"damage_taken":[{"damage":14.0,"enemies":"Jaw Worm","floor":1.0,"turns":4.0},{"damage":1.0,"enemies":"Cultist","floor":5.0,"turns":3.0},{"damage":6.0,"enemies":"Gremlin Nob","floor":6.0,"turns":3.0},{"damage":0.0,"enemies":"2 Louse","floor":7.0,"turns":3.0},{"damage":25.0,"enemies":"Exordium Thugs","floor":10.0,"turns":4.0},{"damage":14.0,"enemies":"Lagavulin","floor":11.0,"turns":4.0},{"damage":9.0,"enemies":"3 Louse","floor":12.0,"turns":3.0},{"damage":0.0,"enemies":"Looter","floor":14.0,"turns":2.0},{"damage":25.0,"enemies":"The Guardian","floor":16.0,"turns":8.0},{"damage":16.0,"enemies":"2 Thieves","floor":18.0,"turns":3.0},{"damage":12.0,"enemies":"Shell Parasite","floor":20.0,"turns":4.0},{"damage":18.0,"enemies":"Snecko","floor":22.0,"turns":4.0},{"damage":22,"enemies":"Slavers","floor":24,"turns":5},{"damage":25,"enemies":"Snake Plant","floor":25,"turns":2}],"seed_played":"-8584520124297523643","potions_obtained":[{"floor":5.0,"key":"BloodPotion"},{"floor":7.0,"key":"Energy Potion"},{"floor":11.0,"key":"Ancient Potion"},{"floor":14.0,"key":"AttackPotion"},{"floor":22.0,"key":"Explosive Potion"}],"is_trial":false,"path_per_floor":["M","$","?","$","M","E","M","R","T","M","E","M","R","M","R","B",null,"M","?","M","$","M","R","E","M"],"character_chosen":"IRONCLAD","items_purchased":["Lantern","Inflame","Twin Strike","Inflame"],"campfire_rested":0,"item_purchase_floors":[2,4,4,21],"current_hp_per_floor":[42,42,42,42,47,47,53,53,53,34,26,23,23,29,29,10,59,49,49,43,43,31,31,15,0],"gold":86,"neow_bonus":"TWO_FIFTY_GOLD","is_prod":false,"is_daily":false,"chose_seed":false,"campfire_upgraded":4,"win_rate":0,"timestamp":1550703019,"path_taken":["M","$","?","$","M","E","M","R","T","M","E","?","R","M","R","BOSS","M","?","M","$","M","R","E","M"],"build_version":"2019-01-23","purchased_purges":2,"victory":false,"max_hp_per_floor":[75,75,75,75,75,75,75,75,75,75,75,75,75,75,75,75,75,75,75,75,75,75,75,75,75],"card_choices":[{"not_picked":["Armaments","Clash"],"picked":"Clothesline","floor":1.0},{"not_picked":["Clash","Searing Blow"],"picked":"Twin Strike","floor":5.0},{"not_picked":["Sever Soul","Power Through"],"picked":"Anger","floor":6.0},{"not_picked":["Clothesline","Headbutt"],"picked":"Rampage","floor":7.0},{"not_picked":["Heavy Blade","Reckless Charge","Hemokinesis"],"picked":"SKIP","floor":10.0},{"not_picked":["Evolve","Body Slam"],"picked":"Ghostly Armor","floor":11.0},{"not_picked":["Havoc","Sever Soul","Thunderclap"],"picked":"SKIP","floor":12.0},{"not_picked":["Twin Strike","Armaments"],"picked":"Warcry","floor":14.0},{"not_picked":["Barricade","Double Tap"],"picked":"Immolate","floor":16.0},{"not_picked":["Thunderclap","Sentinel"],"picked":"Twin Strike+1","floor":18.0},{"not_picked":["Headbutt+1","Combust+1"],"picked":"Flame Barrier","floor":20.0},{"not_picked":["Iron Wave","Pommel Strike"],"picked":"Battle Trance","floor":22.0},{"not_picked":["Clash","Fire Breathing"],"picked":"Feel No Pain+1","floor":24}],"player_experience":625029,"relics_obtained":[{"floor":6.0,"key":"Orichalcum"},{"floor":11.0,"key":"Potion Belt"},{"floor":24,"key":"Blood Vial"}],"event_choices":[{"cards_removed":["Strike_R"],"damage_healed":0.0,"max_hp_gain":0.0,"max_hp_loss":0.0,"gold_gain":0.0,"event_name":"Bonfire Elementals","player_choice":"Offered Basic","floor":3.0,"gold_loss":0.0,"damage_taken":0.0},{"cards_removed":["Strike_R"],"damage_healed":0.0,"max_hp_gain":0.0,"max_hp_loss":0.0,"gold_gain":0.0,"event_name":"Beggar","player_choice":"Gave Gold","floor":19.0,"gold_loss":75.0,"damage_taken":0.0}],"is_beta":false,"boss_relics":[{"not_picked":["Orrery","Philosopher\u0027s Stone"],"picked":"Mark of Pain"}],"items_purged_floors":[2,21],"is_endless":false,"potions_floor_spawned":[5,7,11,14,22],"killed_by":"Snake Plant","ascension_level":20}