{"gold_per_floor":[114,114,23,323,323,323,338,338,338,338,368,368,398,413,413,513,513,528,528,22,22,22,52,52,67,142,57,5,5,20,20,20,120,120,135,135,135],"floor_reached":37,"playtime":2090,"items_purged":[],"score":389,"play_id":"936b17c1-1f4d-4eb4-bc9e-c8d46aa8a9cc","local_time":"20181021172324","daily_mods":["Draft","Red Cards","Elite Swarm"],"is_ascension_mode":false,"campfire_choices":[{"data":"Rampage","floor":6,"key":"SMITH"},{"data":"Skewer","floor":8,"key":"SMITH"},{"data":"Flex","floor":10,"key":"SMITH"},{"data":"Juggernaut","floor":12,"key":"SMITH"},{"data":"1","floor":15,"key":"LIFT"},{"data":"2","floor":24,"key":"LIFT"},{"data":"3","floor":29,"key":"LIFT"},{"data":"Bandage Up","floor":32,"key":"SMITH"}],"neow_cost":"","seed_source_timestamp":0,"circlet_count":0,"master_deck":["Riddle With Holes","Rampage+1","Rage","Flame Barrier","Entrench","Dodge and Roll","Flex+1","Poisoned Stab","Well Laid Plans","Body Slam","Quick Slash","Cleave","Flying Knee","Backflip","Disarm","Bandage Up+1","Skewer+1","Juggernaut+1","Berserk","Flying Knee","Malaise","Catalyst","Metallicize","Riddle With Holes","Juggernaut+1","Deadly Poison","Envenom","Shrug It Off","Deflect","Deflect","Phantasmal Killer"],"special_seed":17825,"relics":["Ring of the Snake","Old Coin","Dream Catcher","Paper Crane","Peace Pipe","Girya","Coffee Dripper","Orichalcum","DollysMirror","Dodecahedron","Letter Opener","Regal Pillow","Gremlin Horn","Busted Crown"],"potions_floor_usage":[23,23,30,33],"damage_taken":[{"damage":2,"enemies":"2 Louse","floor":1,"turns":2},{"damage":0,"enemies":"Cultist","floor":7,"turns":3},{"damage":10,"enemies":"Gremlin Nob","floor":11,"turns":3},{"damage":21,"enemies":"Lagavulin","floor":13,"turns":6},{"damage":2,"enemies":"Jaw Worm","floor":14,"turns":3},{"damage":14,"enemies":"Hexaghost","floor":16,"turns":8},{"damage":5,"enemies":"Shell Parasite","floor":18,"turns":3},{"damage":18,"enemies":"Slavers","floor":23,"turns":3},{"damage":26,"enemies":"2 Thieves","floor":25,"turns":4},{"damage":9,"enemies":"Snake Plant","floor":30,"turns":3},{"damage":23,"enemies":"Collector","floor":33,"turns":6},{"damage":0,"enemies":"3 Darklings","floor":35,"turns":1},{"damage":91,"enemies":"Awakened One","floor":37,"turns":8}],"seed_played":"-5153985604349914774","potions_obtained":[{"floor":7,"key":"Ancient Potion"},{"floor":13,"key":"GhostInAJar"},{"floor":14,"key":"LiquidBronze"},{"floor":25,"key":"Regen Potion"}],"is_trial":false,"path_per_floor":["M","?","$","T","?","R","M","R","T","R","E","R","E","M","R","B",null,"M","?","$","$","?","E","R","M","T","?","$","R","M","?","R","B",null,"M","?"],"character_chosen":"THE_SILENT","items_purchased":["Bandage Up","Metallicize","Orichalcum","Riddle With Holes","DollysMirror","Deadly Poison","Deflect"],"campfire_rested":0,"item_purchase_floors":[3,20,20,20,20,20,28],"current_hp_per_floor":[68,70,70,70,67,67,70,70,70,70,60,60,43,45,45,35,70,65,65,65,65,65,51,51,29,29,29,29,29,33,33,33,16,70,70,70,0],"gold":135,"neow_bonus":"","is_prod":false,"is_daily":true,"chose_seed":false,"campfire_upgraded":5,"win_rate":0,"timestamp":1540139004,"path_taken":["M","?","$","?","?","R","?","R","T","R","E","R","E","M","R","BOSS","M","?","?","$","?","E","R","M","T","?","$","R","M","?","R","BOSS","M","?","BOSS"],"build_version":"2018-10-18","purchased_purges":0,"victory":false,"max_hp_per_floor":[70,70,70,70,70,70,70,70,70,70,70,70,70,70,70,70,70,70,70,70,70,70,70,70,70,70,70,70,70,70,70,70,70,70,70,70,70],"card_choices":[{"not_picked":["Flex","Dagger Throw"],"picked":"Riddle With Holes","floor":0},{"not_picked":["True Grit","Deadly Poison"],"picked":"Anger","floor":0},{"not_picked":["PiercingWail","Underhanded Strike"],"picked":"Rampage","floor":0},{"not_picked":["Cloak And Dagger","Dagger Throw"],"picked":"Rage","floor":0},{"not_picked":["Cleave","Underhanded Strike"],"picked":"Flame Barrier","floor":0},{"not_picked":["Burning Pact","Pommel Strike"],"picked":"Entrench","floor":0},{"not_picked":["Twin Strike","Entrench"],"picked":"Dodge and Roll","floor":0},{"not_picked":["Bouncing Flask","Distraction"],"picked":"Flex","floor":0},{"not_picked":["Backstab","Eviscerate"],"picked":"Poisoned Stab","floor":0},{"not_picked":["Dagger Throw","Cloak And Dagger"],"picked":"Well Laid Plans","floor":0},{"not_picked":["Wild Strike","Thunderclap"],"picked":"Body Slam","floor":0},{"not_picked":["Bane","Well Laid Plans"],"picked":"Quick Slash","floor":0},{"not_picked":["Shrug It Off","Perfected Strike"],"picked":"Cleave","floor":0},{"not_picked":["Intimidate","Blade Dance"],"picked":"Flying Knee","floor":0},{"not_picked":["Pommel Strike","Outmaneuver"],"picked":"Backflip","floor":0},{"not_picked":["Expertise","Cloak And Dagger"],"picked":"Disarm","floor":1},{"not_picked":["Reckless Charge","Anger"],"picked":"Skewer","floor":7},{"not_picked":["Storm of Steel","Offering"],"picked":"Juggernaut","floor":11},{"not_picked":["Venomology","Wraith Form v2"],"picked":"Berserk","floor":13},{"not_picked":["Warcry","Quick Slash"],"picked":"Flying Knee","floor":14},{"not_picked":["Storm of Steel","Immolate"],"picked":"Malaise","floor":16},{"not_picked":["Flying Knee","Bane"],"picked":"Catalyst","floor":18},{"not_picked":["Offering","After Image"],"picked":"Envenom","floor":23},{"not_picked":["Sword Boomerang","Outmaneuver"],"picked":"Shrug It Off","floor":25},{"not_picked":["Bane+1","Entrench"],"picked":"Deflect","floor":30},{"not_picked":["Doppelganger","Bludgeon"],"picked":"Phantasmal Killer","floor":33},{"not_picked":["Clash"],"picked":"SKIP","floor":35}],"player_experience":618078,"relics_obtained":[{"floor":4,"key":"Old Coin"},{"floor":9,"key":"Paper Crane"},{"floor":11,"key":"Peace Pipe"},{"floor":13,"key":"Girya"},{"floor":23,"key":"Dodecahedron"},{"floor":26,"key":"Letter Opener"}],"event_choices":[{"cards_removed":["Anger"],"damage_healed":5,"gold_gain":0,"player_choice":"Offered Common","damage_taken":0,"max_hp_gain":0,"max_hp_loss":0,"event_name":"Bonfire Elementals","floor":2,"gold_loss":0},{"cards_removed":["Anger"],"damage_healed":5,"gold_gain":0,"player_choice":"Offered Special","damage_taken":0,"max_hp_gain":0,"max_hp_loss":0,"event_name":"Bonfire Elementals","floor":2,"gold_loss":0},{"damage_healed":0,"gold_gain":0,"player_choice":"Success","damage_taken":3,"relics_obtained":["Dream Catcher"],"max_hp_gain":0,"max_hp_loss":0,"event_name":"Scrap Ooze","floor":5,"gold_loss":0},{"damage_healed":0,"gold_gain":0,"player_choice":"Ignored","damage_taken":0,"max_hp_gain":0,"max_hp_loss":0,"event_name":"Vampires","floor":19,"gold_loss":0},{"damage_healed":0,"gold_gain":0,"player_choice":"Ignored","damage_taken":0,"max_hp_gain":0,"max_hp_loss":0,"event_name":"Purifier","floor":22,"gold_loss":0},{"damage_healed":0,"gold_gain":0,"player_choice":"Obtained Relic","damage_taken":0,"relics_obtained":["Regal Pillow"],"max_hp_gain":0,"max_hp_loss":0,"event_name":"Addict","floor":27,"gold_loss":85},{"damage_healed":0,"gold_gain":0,"player_choice":"Opened","damage_taken":0,"relics_obtained":["Gremlin Horn"],"max_hp_gain":0,"max_hp_loss":0,"event_name":"The Mausoleum","floor":31,"gold_loss":0},{"damage_healed":0,"gold_gain":0,"player_choice":"Took Portal","damage_taken":0,"max_hp_gain":0,"max_hp_loss":0,"event_name":"SecretPortal","floor":36,"gold_loss":0}],"is_beta":false,"boss_relics":[{"not_picked":["Snecko Eye","White Beast Statue"],"picked":"Coffee Dripper"},{"not_picked":["Empty Cage","Tiny House"],"picked":"Busted Crown"}],"items_purged_floors":[],"is_endless":false,"potions_floor_spawned":[7,13,14,25],"killed_by":"Awakened One","ascension_level":0}