{"gold_per_floor":[115,133,144,155,119,194,211,228,255,255,268,282,339,339,339,443,443,455,472,183,183,183,183,213,229,306,322,334,334],"floor_reached":29,"playtime":1727,"items_purged":[],"score":241,"play_id":"17504e2d-d9de-41da-b747-67956af9dbe4","local_time":"20181114214235","is_ascension_mode":false,"campfire_choices":[{"data":"Pommel Strike","floor":10,"key":"SMITH"},{"data":"Madness","floor":15,"key":"SMITH"},{"floor":23,"key":"REST"}],"neow_cost":"NONE","seed_source_timestamp":200457335374168,"circlet_count":0,"master_deck":["Strike_R+1","Strike_R+1","Strike_R+1","Strike_R+1","Defend_R+1","Defend_R+1","Defend_R+1","Defend_R+1","Bash","Madness+1","Pommel Strike+1","Twin Strike","Metallicize","Reckless Charge","Metallicize","Twin Strike","Cleave","Sword Boomerang","Feel No Pain","Seeing Red","Berserk","Shrug It Off+1","Feel No Pain","Dark Shackles","Carnage","Feel No Pain","Seeing Red","Shrug It Off+1","Armaments"],"relics":["Burning Blood","Smiling Mask","Black Star","Ancient Tea Set","Peace Pipe","Du-Vu Doll","Frozen Egg 2"],"potions_floor_usage":[8,24,28,29],"damage_taken":[{"damage":1,"enemies":"2 Louse","floor":1,"turns":3},{"damage":5,"enemies":"Small Slimes","floor":2,"turns":4},{"damage":1,"enemies":"Cultist","floor":3,"turns":3},{"damage":10,"enemies":"Exordium Wildlife","floor":4,"turns":6},{"damage":4,"enemies":"2 Fungi Beasts","floor":7,"turns":4},{"damage":26,"enemies":"Gremlin Gang","floor":8,"turns":7},{"damage":0,"enemies":"3 Louse","floor":11,"turns":3},{"damage":10,"enemies":"2 Fungi Beasts","floor":12,"turns":3},{"damage":41,"enemies":"Slime Boss","floor":16,"turns":13},{"damage":26,"enemies":"Spheric Guardian","floor":18,"turns":6},{"damage":24,"enemies":"Shell Parasite","floor":19,"turns":5},{"damage":36,"enemies":"Book of Stabbing","floor":24,"turns":6},{"damage":10,"enemies":"Shelled Parasite and Fungi","floor":25,"turns":7},{"damage":6,"enemies":"Snecko","floor":27,"turns":7},{"damage":25,"enemies":"Cultist and Chosen","floor":28,"turns":10},{"damage":16,"enemies":"3 Cultists","floor":29,"turns":4}],"seed_played":"50589308258943099","potions_obtained":[{"floor":7,"key":"Block Potion"},{"floor":8,"key":"Ancient Potion"},{"floor":16,"key":"SpeedPotion"},{"floor":19,"key":"Fire Potion"},{"floor":27,"key":"Weak Potion"},{"floor":28,"key":"Block Potion"}],"is_trial":false,"path_per_floor":["M","M","M","M","$","?","M","M","T","R","M","M","?","?","R","B",null,"M","M","$","?","?","R","E","M","T","M","M","M"],"character_chosen":"IRONCLAD","items_purchased":["Metallicize","Dark Shackles","Ancient Tea Set","Carnage"],"campfire_rested":1,"item_purchase_floors":[5,20,20,20],"current_hp_per_floor":[80,80,80,76,76,65,67,47,47,47,53,49,49,49,49,14,80,60,42,42,42,42,66,36,32,32,32,13,0],"gold":334,"neow_bonus":"RANDOM_COLORLESS","is_prod":false,"is_daily":false,"chose_seed":false,"campfire_upgraded":2,"win_rate":0,"timestamp":1542231755,"path_taken":["M","M","M","M","$","?","M","M","T","R","M","M","?","?","R","BOSS","M","M","?","?","?","R","E","?","T","M","?","M"],"build_version":"2018-11-08","purchased_purges":0,"victory":false,"max_hp_per_floor":[80,80,80,80,80,80,80,80,80,80,80,80,80,80,80,80,80,80,80,80,80,80,80,80,80,80,80,80,80],"card_choices":[{"not_picked":["Havoc","Body Slam"],"picked":"Pommel Strike","floor":1},{"not_picked":["Shrug It Off","Warcry"],"picked":"Twin Strike","floor":2},{"not_picked":["Heavy Blade","Havoc"],"picked":"Metallicize","floor":3},{"not_picked":["Bludgeon","Sword Boomerang"],"picked":"Reckless Charge","floor":4},{"not_picked":["Shrug It Off","Sentinel"],"picked":"Twin Strike","floor":7},{"not_picked":["Armaments","Heavy Blade"],"picked":"Cleave","floor":8},{"not_picked":["True Grit","Sever Soul"],"picked":"Sword Boomerang","floor":11},{"not_picked":["Anger","Reckless Charge"],"picked":"Feel No Pain","floor":12},{"not_picked":["Dark Embrace","Double Tap"],"picked":"Berserk","floor":16},{"not_picked":["Wild Strike","Sword Boomerang"],"picked":"Shrug It Off+1","floor":18},{"not_picked":["Thunderclap+1","Clash"],"picked":"Feel No Pain","floor":19},{"not_picked":["Body Slam","Perfected Strike"],"picked":"Feel No Pain","floor":24},{"not_picked":["Perfected Strike","Havoc"],"picked":"Seeing Red","floor":25},{"not_picked":["Pommel Strike","Iron Wave"],"picked":"Shrug It Off+1","floor":27},{"not_picked":["True Grit","Heavy Blade"],"picked":"Armaments","floor":28}],"player_experience":724678,"relics_obtained":[{"floor":9,"key":"Smiling Mask"},{"floor":24,"key":"Peace Pipe"},{"floor":24,"key":"Du-Vu Doll"},{"floor":26,"key":"Frozen Egg 2"}],"event_choices":[{"damage_healed":0,"gold_gain":75,"player_choice":"Gather Gold","damage_taken":11,"max_hp_gain":0,"max_hp_loss":0,"event_name":"World of Goop","floor":6,"gold_loss":0},{"damage_healed":0,"gold_gain":57,"player_choice":"Gained Gold","damage_taken":0,"max_hp_gain":0,"max_hp_loss":0,"event_name":"Golden Wing","floor":13,"gold_loss":0},{"damage_healed":0,"gold_gain":0,"cards_transformed":["Strike_R"],"player_choice":"Transformed","damage_taken":0,"max_hp_gain":0,"max_hp_loss":0,"event_name":"Transmorgrifier","floor":14,"gold_loss":0,"cards_obtained":["Seeing Red"]},{"damage_healed":0,"gold_gain":0,"player_choice":"Simplicity","damage_taken":0,"max_hp_gain":0,"max_hp_loss":0,"event_name":"Back to Basics","floor":21,"gold_loss":0,"cards_upgraded":["Strike_R","Strike_R","Strike_R","Strike_R","Defend_R","Defend_R","Defend_R","Defend_R"]},{"damage_healed":0,"gold_gain":0,"player_choice":"Ignored","damage_taken":0,"max_hp_gain":0,"max_hp_loss":0,"event_name":"Ghosts","floor":22,"gold_loss":0}],"is_beta":false,"boss_relics":[{"not_picked":["Runic Dome","Sozu"],"picked":"Black Star"}],"items_purged_floors":[],"is_endless":false,"potions_floor_spawned":[7,8,16,19,27,28],"killed_by":"3 Cultists","ascension_level":0}