{"gold_per_floor":[117,134,147,167,185,520,520,532,556,33,33,50,50,68,68,173,173,191,204,204,129,129,129],"floor_reached":23,"playtime":2138,"items_purged":["Writhe"],"score":195,"play_id":"e884cbde-eb4c-4a7e-b014-6ed1c8a80e80","local_time":"20190324220432","is_ascension_mode":false,"campfire_choices":[{"floor":11,"key":"REST"},{"floor":15,"key":"REST"}],"neow_cost":"NONE","seed_source_timestamp":1002314182793568,"circlet_count":0,"master_deck":["Defend_G","Defend_G","Defend_G","Defend_G","Defend_G","Strike_G","Strike_G","Strike_G","Strike_G","Survivor","Neutralize","Footwork","Underhanded Strike","Dagger Throw","Adrenaline","PiercingWail","Reflex","Footwork","Sucker Punch","Crippling Poison","Die Die Die","Acrobatics","Sucker Punch"],"relics":["Runic Dome","Old Coin","Anchor","Gremlin Horn","DollysMirror","Lizard Tail","Pear"],"potions_floor_usage":[5,14,16,19],"damage_taken":[{"damage":3,"enemies":"Jaw Worm","floor":1,"turns":4},{"damage":5,"enemies":"Cultist","floor":2,"turns":5},{"damage":0,"enemies":"2 Louse","floor":3,"turns":3},{"damage":4,"enemies":"2 Fungi Beasts","floor":4,"turns":4},{"damage":23,"enemies":"Gremlin Gang","floor":5,"turns":7},{"damage":24,"enemies":"3 Sentries","floor":6,"turns":12},{"damage":0,"enemies":"Exordium Wildlife","floor":8,"turns":3},{"damage":3,"enemies":"Exordium Thugs","floor":12,"turns":6},{"damage":0,"enemies":"Blue Slaver","floor":14,"turns":3},{"damage":44,"enemies":"The Guardian","floor":16,"turns":24},{"damage":32,"enemies":"Spheric Guardian","floor":18,"turns":6},{"damage":3,"enemies":"Chosen","floor":19,"turns":6},{"damage":121,"enemies":"Gremlin Leader","floor":23,"turns":12}],"seed_played":"1502494113467564261","potions_obtained":[{"floor":1,"key":"Energy Potion"},{"floor":6,"key":"Poison Potion"},{"floor":14,"key":"Strength Potion"},{"floor":18,"key":"Swift Potion"}],"is_trial":false,"path_per_floor":["M","M","M","M","M","E","?","M","T","$","R","M","$","M","R","B",null,"M","M","?","$","?","E"],"character_chosen":"THE_SILENT","items_purchased":["Reflex","Gremlin Horn","DollysMirror","Sucker Punch"],"campfire_rested":2,"item_purchase_floors":[10,10,10,10],"current_hp_per_floor":[67,62,62,58,35,11,11,11,11,11,32,29,29,29,50,6,70,38,35,45,45,71,0],"gold":129,"neow_bonus":"BOSS_RELIC","is_prod":false,"is_daily":false,"chose_seed":false,"campfire_upgraded":0,"win_rate":0,"timestamp":1553474072,"path_taken":["M","M","M","M","M","E","?","M","T","$","R","M","?","?","R","BOSS","M","M","?","$","?","E"],"build_version":"2019-03-15","purchased_purges":1,"victory":false,"max_hp_per_floor":[70,70,70,70,70,70,70,70,70,70,70,70,70,70,70,70,70,70,70,80,80,80,80],"card_choices":[{"not_picked":["Slice","Backflip"],"picked":"Footwork","floor":1},{"not_picked":["Sucker Punch","Quick Slash"],"picked":"Underhanded Strike","floor":2},{"not_picked":["Poisoned Stab","Caltrops"],"picked":"Dagger Throw","floor":3},{"not_picked":["Doppelganger","Accuracy","Blade Dance"],"picked":"SKIP","floor":4},{"not_picked":["Dodge and Roll","Infinite Blades","Bane"],"picked":"SKIP","floor":5},{"not_picked":["Flying Knee","Accuracy"],"picked":"Adrenaline","floor":6},{"not_picked":["Escape Plan","Underhanded Strike"],"picked":"PiercingWail","floor":8},{"not_picked":["Deflect","Accuracy","All Out Attack"],"picked":"SKIP","floor":12},{"not_picked":["Skewer","Acrobatics"],"picked":"Crippling Poison","floor":14},{"not_picked":["Envenom","Storm of Steel"],"picked":"Die Die Die","floor":16},{"not_picked":["Deflect","Underhanded Strike+1"],"picked":"Acrobatics","floor":18},{"not_picked":["Terror","Blade Dance"],"picked":"Sucker Punch","floor":19}],"player_experience":761160,"relics_obtained":[{"floor":6,"key":"Old Coin"},{"floor":9,"key":"Anchor"}],"event_choices":[{"cards_removed":["Strike_G"],"damage_healed":0,"gold_gain":0,"player_choice":"Purged","damage_taken":0,"max_hp_gain":0,"max_hp_loss":0,"event_name":"Purifier","floor":7,"gold_loss":0},{"damage_healed":0,"gold_gain":0,"player_choice":"Opened","damage_taken":0,"relics_obtained":["Pear"],"max_hp_gain":0,"max_hp_loss":0,"event_name":"The Mausoleum","floor":20,"gold_loss":0,"cards_obtained":["Writhe"]},{"damage_healed":26,"gold_gain":0,"player_choice":"Heal","damage_taken":0,"max_hp_gain":0,"max_hp_loss":0,"event_name":"The Library","floor":22,"gold_loss":0}],"is_beta":true,"boss_relics":[{"not_picked":["Orrery","Velvet Choker"],"picked":"Lizard Tail"}],"items_purged_floors":[21],"is_endless":false,"potions_floor_spawned":[1,6,14,18],"killed_by":"Gremlin Leader","ascension_level":0}