{"gold_per_floor":[114,114,114,129,144,144,159,219,219,234,234,234,234,264,264,364,364,379,153,68,83,98,98,113,113,113,143,107,122,122,122,122,222,222,237,237,237,7,7,7,22,52,52,52,52,52,52,67,67,67],"floor_reached":51,"playtime":3871,"items_purged":[],"score":756,"play_id":"cbd4a269-b4a9-4ae9-ac07-4085f28c5154","local_time":"20180903103828","daily_mods":["Insanity","Elite Swarm","Binary"],"is_ascension_mode":false,"campfire_choices":[{"data":"Seek","floor":6,"key":"SMITH"},{"data":"Echo Form","floor":11,"key":"SMITH"},{"floor":13,"key":"REST"},{"floor":15,"key":"REST"},{"data":"Double Energy","floor":23,"key":"SMITH"},{"data":"Defragment","floor":25,"key":"SMITH"},{"data":"Storm","floor":30,"key":"SMITH"},{"data":"Defragment","floor":32,"key":"SMITH"},{"data":"Consume","floor":40,"key":"SMITH"},{"data":"Consume","floor":44,"key":"SMITH"},{"floor":49,"key":"REST"}],"neow_cost":"","seed_source_timestamp":0,"circlet_count":0,"master_deck":["Thunder Strike","Machine Learning","Core Surge+1","Blizzard","Core Surge","Redo","Barrage","Auto Shields","Defragment","Melter","Glacier","Reprogram+1","Dualcast","Loop","Consume+1","Fission","Stack","Echo Form+1","Coolheaded","Fission","Dualcast","Self Repair","Go for the Eyes","Reinforced Body","Turbo","Compile Driver","Defragment+1","Steam","Force Field","Beam Cell","Meteor Strike","Compile Driver","Streamline","BootSequence","Chaos","Barrage","Undo","Aggregate","Amplify","Amplify","Defragment+1","Seek+1","Beam Cell","Echo Form","Heatsinks","Cold Snap","Reinforced Body","Thunder Strike","Conserve Battery+1","Loop","Double Energy+1","Stack","Undo","Chaos","Multi-Cast","Cold Snap","Hyperbeam","Hyperbeam","Ball Lightning+1","Conserve Battery","Go for the Eyes+1","Fusion","Coolheaded+1","Meteor Strike","Storm+1","Gash+1","Capacitor","Biased Cognition","Redo+1","Jack Of All Trades+1","Good Instincts","Violence","Gash+1","Consume+1","Regret","Double Energy+1","Rainbow","Stack+1"],"special_seed":17777,"relics":["Cracked Core","Tiny Chest","Bottled Tornado","Pear","Cursed Key","Runic Capacitor","Darkstone Periapt","Symbiotic Virus","Inserter","Unceasing Top","War Paint","Strawberry"],"potions_floor_usage":[21,22,29,33,47,50],"damage_taken":[{"damage":0,"enemies":"Cultist","floor":1,"turns":4},{"damage":0,"enemies":"2 Louse","floor":4,"turns":2},{"damage":0,"enemies":"Small Slimes","floor":5,"turns":3},{"damage":3,"enemies":"Red Slaver","floor":7,"turns":3},{"damage":4,"enemies":"Lagavulin","floor":8,"turns":12},{"damage":19,"enemies":"3 Louse","floor":10,"turns":4},{"damage":22,"enemies":"Gremlin Nob","floor":14,"turns":5},{"damage":12,"enemies":"Slime Boss","floor":16,"turns":8},{"damage":0,"enemies":"Chosen","floor":18,"turns":6},{"damage":12,"enemies":"2 Thieves","floor":21,"turns":4},{"damage":0,"enemies":"Snecko","floor":22,"turns":6},{"damage":0,"enemies":"Centurion and Healer","floor":24,"turns":7},{"damage":11,"enemies":"Book of Stabbing","floor":27,"turns":6},{"damage":0,"enemies":"Cultist and Chosen","floor":29,"turns":5},{"damage":47,"enemies":"Automaton","floor":33,"turns":7},{"damage":5,"enemies":"Orb Walker","floor":35,"turns":3},{"damage":0,"enemies":"Mind Bloom Boss Battle","floor":37,"turns":5},{"damage":46,"enemies":"3 Darklings","floor":41,"turns":5},{"damage":27,"enemies":"Nemesis","floor":42,"turns":5},{"damage":0,"enemies":"2 Orb Walkers","floor":47,"turns":1},{"damage":32,"enemies":"Sphere and 2 Shapes","floor":48,"turns":4},{"damage":37,"enemies":"Time Eater","floor":50,"turns":7}],"seed_played":"5443678004288961897","potions_obtained":[{"floor":4,"key":"EssenceOfSteel"},{"floor":10,"key":"GamblersBrew"},{"floor":16,"key":"GamblersBrew"},{"floor":21,"key":"FocusPotion"},{"floor":27,"key":"SpeedPotion"},{"floor":29,"key":"AttackPotion"},{"floor":35,"key":"SmokeBomb"},{"floor":37,"key":"Energy Potion"}],"is_trial":false,"path_per_floor":["M","$","?","M","M","R","M","E","T","M","R","?","R","E","R","B",null,"M","$","?","M","M","R","M","R","T","E","$","M","R","?","R","B",null,"M","?","?","$","T","R","M","E","T","R","T","$","E","M","R","B"],"character_chosen":"DEFECT","items_purchased":["Runic Capacitor","Conserve Battery","Storm","Consume","War Paint"],"campfire_rested":3,"item_purchase_floors":[19,19,28,38,38],"current_hp_per_floor":[75,75,75,75,75,75,75,75,75,70,70,55,75,63,85,73,85,85,85,85,73,80,80,85,85,85,74,74,85,85,85,85,52,85,80,70,84,84,90,90,51,31,31,31,31,31,38,20,49,12],"gold":67,"neow_bonus":"","is_prod":false,"is_daily":true,"chose_seed":false,"campfire_upgraded":8,"win_rate":0,"timestamp":1535967508,"path_taken":["M","$","?","M","M","R","M","E","T","?","R","?","R","E","R","BOSS","M","$","?","M","M","R","M","R","T","E","$","M","R","?","R","BOSS","M","?","?","$","?","R","M","E","T","R","?","$","E","M","R","BOSS"],"build_version":"2018-08-30","purchased_purges":0,"victory":true,"max_hp_per_floor":[75,75,75,75,75,75,75,75,75,75,75,75,75,85,85,85,85,85,85,85,85,85,85,85,85,85,85,85,85,85,85,85,85,85,85,85,85,85,91,91,91,98,98,98,98,98,98,98,98,98],"card_choices":[{"not_picked":["Barrage"],"picked":"Double Energy","floor":1},{"not_picked":["Redo"],"picked":"Stack","floor":4},{"not_picked":["Gash"],"picked":"Undo","floor":5},{"not_picked":["Rip and Tear"],"picked":"Chaos","floor":7},{"not_picked":["Amplify"],"picked":"Multi-Cast","floor":8},{"not_picked":["Beam Cell"],"picked":"Cold Snap","floor":10},{"not_picked":["Fission"],"picked":"Hyperbeam","floor":14},{"not_picked":["Echo Form"],"picked":"Hyperbeam","floor":16},{"not_picked":["Undo"],"picked":"Ball Lightning+1","floor":18},{"not_picked":["Sweeping Beam"],"picked":"Go for the Eyes+1","floor":21},{"not_picked":["Compile Driver"],"picked":"Fusion","floor":22},{"not_picked":["Beam Cell"],"picked":"Coolheaded+1","floor":24},{"not_picked":["Thunder Strike"],"picked":"Meteor Strike","floor":27},{"not_picked":["Turbo"],"picked":"Gash+1","floor":29},{"not_picked":["Hyperbeam"],"picked":"Biased Cognition","floor":33},{"not_picked":["Steam Power+1"],"picked":"Redo+1","floor":35},{"not_picked":["Secret Weapon"],"picked":"Jack Of All Trades","floor":36},{"not_picked":["Impatience"],"picked":"Good Instincts","floor":36},{"not_picked":["PanicButton"],"picked":"Violence","floor":36},{"not_picked":["Compile Driver"],"picked":"Gash+1","floor":37},{"not_picked":["Reinforced Body+1"],"picked":"Double Energy+1","floor":41},{"not_picked":["Thunder Strike"],"picked":"Rainbow","floor":42},{"not_picked":["Gash"],"picked":"Stack+1","floor":48}],"player_experience":487051,"relics_obtained":[{"floor":8,"key":"Tiny Chest"},{"floor":9,"key":"Bottled Tornado"},{"floor":14,"key":"Pear"},{"floor":27,"key":"Symbiotic Virus"},{"floor":37,"key":"Unceasing Top"},{"floor":42,"key":"Strawberry"}],"event_choices":[{"event_name":"Liars Game","player_choice":"disagreed","floor":3,"damage_taken":0},{"event_name":"Shining Light","player_choice":"Entered Light","floor":12,"damage_taken":0},{"event_name":"Addict","player_choice":"Obtained Relic","floor":20,"damage_taken":0},{"event_name":"The Library","player_choice":"Read","floor":31,"damage_taken":0},{"event_name":"SensoryStone","player_choice":"Memory 3","floor":36,"damage_taken":0},{"event_name":"MindBloom","player_choice":"Fight","floor":37,"damage_taken":0}],"is_beta":false,"boss_relics":[{"not_picked":["Pandora\u0027s Box","Black Star"],"picked":"Cursed Key"},{"not_picked":["Busted Crown","Velvet Choker"],"picked":"Inserter"}],"items_purged_floors":[],"is_endless":false,"potions_floor_spawned":[4,10,16,18,21,27,29,35,37,47],"ascension_level":0}