{"gold_per_floor":[361,387,13,13,27,58,58,58,58,58,77,89,89,119,119,190,190,142,122,141,161,175,206,206,206,206,206,236,236,256,256],"floor_reached":31,"playtime":1880,"items_purged":[],"score":570,"play_id":"daa3dfe4-f269-49be-a305-cbb682755276","local_time":"20190326082426","is_ascension_mode":true,"campfire_choices":[{"data":"Footwork","floor":7.0,"key":"SMITH"},{"data":"Neutralize","floor":10.0,"key":"SMITH"},{"floor":13.0,"key":"REST"},{"data":"Venomology","floor":15.0,"key":"SMITH"},{"floor":24.0,"key":"REST"},{"floor":27.0,"key":"REST"},{"data":"A Thousand Cuts","floor":29.0,"key":"SMITH"}],"neow_cost":"PERCENT_DAMAGE","seed_source_timestamp":1089156304881811,"circlet_count":0,"master_deck":["AscendersBane","Defend_G","Defend_G","Defend_G","Defend_G","Defend_G","Strike_G","Strike_G","Strike_G","Strike_G","Strike_G","Survivor","Neutralize+1","Bouncing Flask","Deadly Poison","Footwork+1","Deadly Poison","Venomology+1","A Thousand Cuts+1","Deadly Poison","PiercingWail","PiercingWail","Footwork"],"special_seed":0,"relics":["Ring of the Snake","Potion Belt","Thread and Needle","Gremlin Horn","Paper Crane","Pear","Velvet Choker","Darkstone Periapt","Bottled Lightning","Dodecahedron"],"potions_floor_usage":[30],"damage_taken":[{"damage":3.0,"enemies":"Cultist","floor":1.0,"turns":4.0},{"damage":0.0,"enemies":"Small Slimes","floor":5.0,"turns":5.0},{"damage":6.0,"enemies":"Lagavulin","floor":6.0,"turns":6.0},{"damage":0.0,"enemies":"Jaw Worm","floor":11.0,"turns":4.0},{"damage":6.0,"enemies":"Large Slime","floor":12.0,"turns":7.0},{"damage":10.0,"enemies":"Gremlin Nob","floor":14.0,"turns":4.0},{"damage":38.0,"enemies":"Hexaghost","floor":16.0,"turns":9.0},{"damage":10.0,"enemies":"2 Thieves","floor":18.0,"turns":5.0},{"damage":2.0,"enemies":"3 Byrds","floor":20.0,"turns":5.0},{"damage":0.0,"enemies":"Snecko","floor":21.0,"turns":4.0},{"damage":11.0,"enemies":"Centurion and Healer","floor":22.0,"turns":9.0},{"damage":29.0,"enemies":"Slavers","floor":23.0,"turns":8.0},{"damage":0.0,"enemies":"Chosen and Byrds","floor":25.0,"turns":4.0},{"damage":19.0,"enemies":"Gremlin Leader","floor":28.0,"turns":8.0},{"damage":27,"enemies":"3 Cultists","floor":30,"turns":7},{"damage":11,"enemies":"Sentry and Sphere","floor":31,"turns":2}],"seed_played":"-7743811489207294879","potions_obtained":[{"floor":1.0,"key":"Fire Potion"},{"floor":5.0,"key":"GamblersBrew"},{"floor":12.0,"key":"SpeedPotion"},{"floor":14.0,"key":"AttackPotion"},{"floor":18.0,"key":"LiquidBronze"},{"floor":19.0,"key":"EssenceOfSteel"},{"floor":21.0,"key":"Ancient Potion"},{"floor":23.0,"key":"SmokeBomb"}],"is_trial":false,"path_per_floor":["M","T","$","?","M","E","R","$","T","R","M","M","R","E","R","B",null,"M","?","M","M","M","E","R","M","T","R","E","R","M","M"],"character_chosen":"THE_SILENT","items_purchased":["Thread and Needle","Deadly Poison"],"campfire_rested":3,"item_purchase_floors":[3,3],"current_hp_per_floor":[41,41,41,41,41,35,35,35,35,35,35,29,48,48,48,10,60,50,50,48,48,37,8,30,30,30,52,33,33,6,0],"gold":256,"neow_bonus":"TWO_FIFTY_GOLD","is_prod":false,"is_daily":false,"chose_seed":false,"campfire_upgraded":4,"win_rate":0,"timestamp":1553606666,"path_taken":["M","?","$","?","M","E","R","?","T","R","M","M","R","E","R","BOSS","M","?","M","M","M","E","R","M","T","R","E","R","?","M"],"build_version":"2019-01-23","purchased_purges":0,"victory":false,"max_hp_per_floor":[66,66,66,66,66,66,66,66,66,66,66,66,66,76,76,76,76,76,76,76,76,76,76,76,76,76,76,76,76,76,76],"card_choices":[{"not_picked":["Prepared","Accuracy"],"picked":"Bouncing Flask","floor":1.0},{"not_picked":["Deflect","Endless Agony"],"picked":"Footwork","floor":5.0},{"not_picked":["Backflip","Skewer"],"picked":"Deadly Poison","floor":6.0},{"not_picked":["Flying Knee","Bane","Slice"],"picked":"SKIP","floor":11.0},{"not_picked":["Blade Dance","Prepared","Poisoned Stab"],"picked":"SKIP","floor":12.0},{"not_picked":["Outmaneuver","Dagger Spray"],"picked":"Venomology","floor":14.0},{"not_picked":["Storm of Steel","Envenom"],"picked":"A Thousand Cuts","floor":16.0},{"not_picked":["Bane","Escape Plan"],"picked":"Deadly Poison","floor":18.0},{"not_picked":["Acrobatics","Setup+1","Quick Slash"],"picked":"SKIP","floor":20.0},{"not_picked":["Quick Slash","Cloak And Dagger"],"picked":"PiercingWail","floor":21.0},{"not_picked":["Deadly Poison","Eviscerate","Reflex"],"picked":"SKIP","floor":22.0},{"not_picked":["Deadly Poison","Eviscerate","Reflex"],"picked":"SKIP","floor":22.0},{"not_picked":["Deflect","Prepared+1"],"picked":"PiercingWail","floor":23.0},{"not_picked":["Concentrate","Die Die Die","Outmaneuver"],"picked":"SKIP","floor":28.0},{"not_picked":["Infinite Blades","Noxious Fumes"],"picked":"Footwork","floor":30}],"player_experience":933326,"relics_obtained":[{"floor":2.0,"key":"Potion Belt"},{"floor":6.0,"key":"Gremlin Horn"},{"floor":9.0,"key":"Paper Crane"},{"floor":14.0,"key":"Pear"},{"floor":23.0,"key":"Darkstone Periapt"},{"floor":26.0,"key":"Bottled Lightning"},{"floor":28.0,"key":"Dodecahedron"}],"event_choices":[{"damage_healed":0.0,"max_hp_gain":0.0,"max_hp_loss":0.0,"gold_gain":0.0,"event_name":"The Cleric","player_choice":"Leave","floor":4.0,"gold_loss":0.0,"damage_taken":0.0},{"damage_healed":0.0,"max_hp_gain":0.0,"max_hp_loss":0.0,"gold_gain":0.0,"event_name":"The Woman in Blue","player_choice":"Bought 1 Potion","floor":19.0,"gold_loss":0.0,"damage_taken":0.0}],"is_beta":false,"boss_relics":[{"not_picked":["Orrery","Tiny House"],"picked":"Velvet Choker"}],"items_purged_floors":[],"is_endless":false,"potions_floor_spawned":[1,5,12,14,18,21,22,23],"killed_by":"Sentry and Sphere","ascension_level":20}