{"gold_per_floor":[119,133,133,156,156,156,200,200,200,233,213,226,226,247,247,343,343,361,361,361,361,131,131,149,183,233,266,280,105,105,125,125,221,221,235,256,156,180,203,247,247,69,69,127,158,158,158,201,201,201,201],"floor_reached":52,"playtime":3313,"items_purged":["Strike_R","Strike_R","Strike_R"],"score":2343,"play_id":"49d5b4e7-9f5e-4b12-8b7c-9d37da4b361a","local_time":"20190328160911","is_ascension_mode":true,"campfire_choices":[{"data":"Metallicize","floor":6,"key":"SMITH"},{"data":"Bash","floor":8,"key":"SMITH"},{"data":"Flame Barrier","floor":13,"key":"SMITH"},{"floor":15,"key":"REST"},{"data":"Inflame","floor":23,"key":"SMITH"},{"data":"Immolate","floor":32,"key":"SMITH"},{"data":"Corruption","floor":41,"key":"SMITH"},{"data":"Shrug It Off","floor":49,"key":"SMITH"}],"neow_cost":"NONE","seed_source_timestamp":4415484013054,"circlet_count":0,"master_deck":["AscendersBane","Strike_R","Strike_R","Defend_R","Defend_R","Defend_R","Defend_R","Bash+1","Metallicize+1","Flame Barrier+1","Inflame+1","Reaper","Shrug It Off+1","Ghostly","Ghostly","Ghostly","Writhe","Shame","Immolate+1","Corruption+1","Havoc","Evolve","Shrug It Off","Havoc+1","Impervious","Dual Wield+1","Havoc","Intimidate+1","Ghostly Armor+1","True Grit+1"],"relics":["Burning Blood","NeowsBlessing","Golden Idol","Blood Vial","Pocketwatch","Ginger","Du-Vu Doll","Dead Branch","Snecko Eye","Darkstone Periapt","Ornamental Fan","ClockworkSouvenir","Matryoshka","Regal Pillow","Bronze Scales","Orichalcum","Runic Dome","War Paint","Paper Frog","Omamori","Prayer Wheel","Red Skull","Smiling Mask"],"potions_floor_usage":[33,50],"damage_taken":[{"damage":0,"enemies":"Cultist","floor":1,"turns":1},{"damage":0,"enemies":"Jaw Worm","floor":2,"turns":1},{"damage":0,"enemies":"Gremlin Nob","floor":7,"turns":1},{"damage":37,"enemies":"Lagavulin","floor":10,"turns":8},{"damage":0,"enemies":"2 Louse","floor":12,"turns":4},{"damage":1,"enemies":"Looter","floor":14,"turns":4},{"damage":18,"enemies":"Slime Boss","floor":16,"turns":8},{"damage":22,"enemies":"3 Byrds","floor":18,"turns":5},{"damage":1,"enemies":"Spheric Guardian","floor":24,"turns":4},{"damage":5,"enemies":"Gremlin Leader","floor":25,"turns":6},{"damage":3,"enemies":"Slavers","floor":27,"turns":3},{"damage":3,"enemies":"3 Cultists","floor":28,"turns":3},{"damage":1,"enemies":"Shelled Parasite and Fungi","floor":31,"turns":3},{"damage":1,"enemies":"Champ","floor":33,"turns":5},{"damage":1,"enemies":"Orb Walker","floor":35,"turns":3},{"damage":0,"enemies":"3 Darklings","floor":36,"turns":1},{"damage":11,"enemies":"Transient","floor":38,"turns":6},{"damage":7,"enemies":"Spire Growth","floor":39,"turns":3},{"damage":0,"enemies":"Nemesis","floor":40,"turns":5},{"damage":1,"enemies":"2 Orb Walkers","floor":44,"turns":1},{"damage":3,"enemies":"Reptomancer","floor":45,"turns":4},{"damage":0,"enemies":"Giant Head","floor":48,"turns":2},{"damage":20,"enemies":"Time Eater","floor":50,"turns":6},{"damage":3,"enemies":"Donu and Deca","floor":51,"turns":4}],"seed_played":"8618685178485453969","potions_obtained":[{"floor":1,"key":"Swift Potion"},{"floor":11,"key":"SteroidPotion"},{"floor":24,"key":"Ancient Potion"},{"floor":27,"key":"PowerPotion"},{"floor":33,"key":"Swift Potion"},{"floor":39,"key":"SteroidPotion"},{"floor":45,"key":"AttackPotion"}],"is_trial":false,"path_per_floor":["M","M","?","T","?","R","E","R","T","E","?","M","R","M","R","B",null,"M","?","?","?","$","R","M","E","T","E","M","$","?","M","R","B",null,"M","M","$","M","M","E","R","$","T","?","E","?","?","E","R","B","B",null],"character_chosen":"IRONCLAD","items_purchased":["ClockworkSouvenir","Evolve","Shrug It Off","True Grit"],"campfire_rested":1,"item_purchase_floors":[22,29,29,42],"current_hp_per_floor":[74,75,49,49,44,44,52,52,52,23,23,31,31,38,60,50,69,63,37,43,49,49,49,49,49,49,49,49,49,49,49,49,49,49,49,49,49,48,49,49,49,49,49,49,49,49,49,49,49,35,49],"gold":201,"neow_bonus":"THREE_ENEMY_KILL","is_prod":false,"is_daily":false,"chose_seed":false,"campfire_upgraded":7,"win_rate":0,"timestamp":1553785751,"path_taken":["M","M","?","?","?","R","E","R","T","E","?","?","R","M","R","BOSS","M","?","?","?","$","R","M","E","T","E","M","$","?","?","R","BOSS","M","M","$","M","M","E","R","$","T","?","E","?","?","E","R","BOSS","BOSS"],"build_version":"2019-01-23","purchased_purges":3,"victory":true,"max_hp_per_floor":[75,75,75,75,75,75,75,75,75,75,75,75,75,75,75,75,75,75,37,43,49,49,49,49,49,49,49,49,49,49,49,49,49,49,49,49,49,49,49,49,49,49,49,49,49,49,49,49,49,49,49],"card_choices":[{"not_picked":["Spot Weakness","Headbutt"],"picked":"Metallicize","floor":1},{"not_picked":["Armaments","True Grit","Reckless Charge"],"picked":"SKIP","floor":2},{"not_picked":["Wild Strike","Cleave","Flex"],"picked":"SKIP","floor":7},{"not_picked":["Twin Strike","Carnage","Limit Break"],"picked":"SKIP","floor":10},{"not_picked":["Flex","Rampage"],"picked":"Flame Barrier","floor":12},{"not_picked":["Combust","Spot Weakness"],"picked":"Inflame","floor":14},{"not_picked":["Berserk","Impervious"],"picked":"Reaper","floor":16},{"not_picked":["Battle Trance","Sword Boomerang"],"picked":"Shrug It Off","floor":18},{"not_picked":["Body Slam","Perfected Strike"],"picked":"Immolate","floor":24},{"not_picked":["Heavy Blade","Havoc"],"picked":"Corruption","floor":25},{"not_picked":["Perfected Strike","Twin Strike","Headbutt+1"],"picked":"SKIP","floor":27},{"not_picked":["Iron Wave","Headbutt"],"picked":"Havoc","floor":28},{"not_picked":["Bludgeon","Shrug It Off"],"picked":"Havoc","floor":31},{"not_picked":["Reaper","Juggernaut"],"picked":"Impervious","floor":33},{"not_picked":["Dropkick","Warcry"],"picked":"Dual Wield","floor":35},{"not_picked":["Iron Wave","Clothesline","Headbutt+1"],"picked":"SKIP","floor":36},{"not_picked":["Warcry","Searing Blow"],"picked":"Havoc","floor":38},{"not_picked":["Headbutt","Rage"],"picked":"Intimidate+1","floor":39},{"not_picked":["Brutality","Flex+1"],"picked":"Ghostly Armor+1","floor":40},{"not_picked":["Sword Boomerang","Perfected Strike","Dual Wield"],"picked":"SKIP","floor":45},{"not_picked":["Reckless Charge","Intimidate","Twin Strike"],"picked":"SKIP","floor":48}],"player_experience":808933,"relics_obtained":[{"floor":4,"key":"Blood Vial"},{"floor":7,"key":"Ginger"},{"floor":9,"key":"Du-Vu Doll"},{"floor":10,"key":"Dead Branch"},{"floor":25,"key":"Matryoshka"},{"floor":26,"key":"Regal Pillow"},{"floor":26,"key":"Bronze Scales"},{"floor":27,"key":"Orichalcum"},{"floor":40,"key":"War Paint"},{"floor":43,"key":"Paper Frog"},{"floor":43,"key":"Omamori"},{"floor":44,"key":"Prayer Wheel"},{"floor":45,"key":"Red Skull"},{"floor":48,"key":"Smiling Mask"}],"event_choices":[{"damage_healed":0,"gold_gain":0,"player_choice":"Take Damage","damage_taken":26,"relics_obtained":["Golden Idol"],"max_hp_gain":0,"max_hp_loss":0,"event_name":"Golden Idol","floor":3,"gold_loss":0},{"damage_healed":0,"gold_gain":0,"player_choice":"Success","damage_taken":5,"relics_obtained":["Pocketwatch"],"max_hp_gain":0,"max_hp_loss":0,"event_name":"Scrap Ooze","floor":5,"gold_loss":0},{"damage_healed":0,"gold_gain":0,"player_choice":"Bought 1 Potion","damage_taken":0,"max_hp_gain":0,"max_hp_loss":0,"event_name":"The Woman in Blue","floor":11,"gold_loss":0},{"damage_healed":0,"gold_gain":0,"player_choice":"Became a Ghost","damage_taken":0,"max_hp_gain":0,"max_hp_loss":38,"event_name":"Ghosts","floor":19,"gold_loss":0,"cards_obtained":["Ghostly","Ghostly","Ghostly"]},{"damage_healed":0,"gold_gain":0,"player_choice":"Opened","damage_taken":0,"relics_obtained":["Darkstone Periapt"],"max_hp_gain":0,"max_hp_loss":0,"event_name":"The Mausoleum","floor":20,"gold_loss":0,"cards_obtained":["Writhe"]},{"damage_healed":0,"gold_gain":0,"player_choice":"Stole Relic","damage_taken":0,"relics_obtained":["Ornamental Fan"],"max_hp_gain":0,"max_hp_loss":0,"event_name":"Addict","floor":21,"gold_loss":0,"cards_obtained":["Shame"]},{"damage_healed":0,"gold_gain":0,"player_choice":"Ignored","damage_taken":0,"max_hp_gain":0,"max_hp_loss":0,"event_name":"Fountain of Cleansing","floor":30,"gold_loss":0},{"damage_healed":0,"gold_gain":0,"player_choice":"Fight","damage_taken":0,"max_hp_gain":0,"max_hp_loss":0,"event_name":"Mysterious Sphere","floor":44,"gold_loss":0},{"damage_healed":0,"gold_gain":0,"player_choice":"Memory 1","damage_taken":0,"max_hp_gain":0,"max_hp_loss":0,"event_name":"SensoryStone","floor":46,"gold_loss":0},{"damage_healed":0,"gold_gain":0,"player_choice":"Upgraded","damage_taken":0,"max_hp_gain":0,"max_hp_loss":0,"event_name":"Upgrade Shrine","floor":47,"gold_loss":0,"cards_upgraded":["True Grit"]}],"is_beta":false,"boss_relics":[{"not_picked":["Eternal Feather","Ectoplasm"],"picked":"Snecko Eye"},{"not_picked":["White Beast Statue","Pandora\u0027s Box"],"picked":"Runic Dome"}],"items_purged_floors":[29,37,42],"is_endless":false,"potions_floor_spawned":[1,16,24,27,33,35,36,39,45],"ascension_level":20}