{"gold_per_floor":[118,136,136,211,211,211,224,301,301,301,333,249,249,263,263,338,338,349,361,361,361,361,361,392,145,171,171,86,120,134,147,147,220,220,237,237,237,255,255,255,280,380,380,380,397,410,425,450,450,450,450,450,450,55,90,90],"floor_reached":57,"playtime":5146,"items_purged":["Strike_B"],"score":2942,"play_id":"9185937f-9417-489e-bf71-8d7cd28b1f71","local_time":"20190329100446","is_ascension_mode":true,"campfire_choices":[{"data":"Zap","floor":6.0,"key":"SMITH"},{"data":"Hologram","floor":10.0,"key":"SMITH"},{"data":"Defragment","floor":15.0,"key":"SMITH"},{"data":"Chill","floor":23.0,"key":"SMITH"},{"data":"Ghostly","floor":27.0,"key":"SMITH"},{"data":"Ghostly","floor":32.0,"key":"SMITH"},{"floor":40.0,"key":"RECALL"},{"data":"Defend_B","floor":44.0,"key":"PURGE"},{"floor":49.0,"key":"REST"},{"data":"Strike_B+1","floor":53.0,"key":"PURGE"}],"neow_cost":"NONE","seed_source_timestamp":0,"circlet_count":0,"master_deck":["AscendersBane","Strike_B+1","Defend_B","Defend_B","Zap+1","Dualcast+1","BootSequence","Hologram+1","Chill+1","Defragment+1","Go for the Eyes+1","All For One","Self Repair","Cold Snap","Cold Snap","Ghostly+1","Ghostly","Ghostly+1","Ball Lightning","White Noise","Conserve Battery","Echo Form","Compile Driver","Violence","Panacea","Redo+1","Madness","Madness","BootSequence+1","Leap+1","Glacier","Coolheaded","Capacitor","Compile Driver","Dark Shackles","Hologram"],"special_seed":0,"relics":["Cracked Core","Symbiotic Virus","Gambling Chip","Inserter","Bottled Lightning","Whetstone","Peace Pipe","Lantern","Fusion Hammer","Darkstone Periapt","Unceasing Top","Blue Candle","Dream Catcher","OrangePellets","Emotion Chip"],"potions_floor_usage":[56,56],"damage_taken":[{"damage":9.0,"enemies":"2 Louse","floor":1.0,"turns":4.0},{"damage":0.0,"enemies":"Small Slimes","floor":2.0,"turns":3.0},{"damage":0.0,"enemies":"Jaw Worm","floor":7.0,"turns":3.0},{"damage":9.0,"enemies":"Gremlin Nob","floor":11.0,"turns":3.0},{"damage":0.0,"enemies":"Lots of Slimes","floor":14.0,"turns":5.0},{"damage":10.0,"enemies":"Hexaghost","floor":16.0,"turns":10.0},{"damage":0.0,"enemies":"3 Byrds","floor":18.0,"turns":7.0},{"damage":9.0,"enemies":"Chosen","floor":19.0,"turns":4.0},{"damage":0.0,"enemies":"Book of Stabbing","floor":24.0,"turns":6.0},{"damage":2.0,"enemies":"Slavers","floor":29.0,"turns":7.0},{"damage":7.0,"enemies":"Sentry and Sphere","floor":30.0,"turns":6.0},{"damage":0.0,"enemies":"Shelled Parasite and Fungi","floor":31.0,"turns":7.0},{"damage":39.0,"enemies":"Collector","floor":33.0,"turns":15.0},{"damage":9.0,"enemies":"Orb Walker","floor":35.0,"turns":5.0},{"damage":0.0,"enemies":"3 Shapes","floor":38.0,"turns":9.0},{"damage":6.0,"enemies":"Giant Head","floor":41.0,"turns":9.0},{"damage":0.0,"enemies":"Mind Bloom Boss Battle","floor":42.0,"turns":6.0},{"damage":0.0,"enemies":"Sphere and 2 Shapes","floor":45.0,"turns":2.0},{"damage":12.0,"enemies":"Writhing Mass","floor":46.0,"turns":8.0},{"damage":0.0,"enemies":"3 Darklings","floor":47.0,"turns":5.0},{"damage":32.0,"enemies":"Reptomancer","floor":48.0,"turns":16.0},{"damage":0.0,"enemies":"Time Eater","floor":50.0,"turns":43.0},{"damage":22.0,"enemies":"Awakened One","floor":51.0,"turns":8.0},{"damage":0.0,"enemies":"Shield and Spear","floor":55.0,"turns":6.0},{"damage":31,"enemies":"The Heart","floor":56,"turns":11}],"seed_played":"-5136314581382391803","potions_obtained":[{"floor":1.0,"key":"SpeedPotion"},{"floor":2.0,"key":"Fire Potion"},{"floor":7.0,"key":"Strength Potion"},{"floor":19.0,"key":"Regen Potion"},{"floor":29.0,"key":"SkillPotion"},{"floor":41.0,"key":"SpeedPotion"},{"floor":46.0,"key":"Fire Potion"},{"floor":47.0,"key":"Dexterity Potion"},{"floor":55.0,"key":"FocusPotion"}],"is_trial":false,"path_per_floor":["M","M","?","?","?","R","M","T","T","R","E","$","?","M","R","B",null,"M","M","?","?","?","R","E","$","T","R","?","E","M","M","R","B",null,"M","?","?","M","?","R","E","?","T","R","M","M","M","E","R","B","B",null,"R","$","E","B",null],"character_chosen":"DEFECT","items_purchased":["Defragment","Whetstone","GamblersBrew","OrangePellets","Dark Shackles"],"campfire_rested":1,"item_purchase_floors":[12,25,54,54,54],"current_hp_per_floor":[62,62,67,56,49,49,49,49,49,49,40,40,15,15,15,5,64,64,62,38,38,38,38,44,44,44,44,44,44,37,44,44,12,36,34,24,24,38,30,30,38,44,44,44,44,39,44,19,32,44,29,40,40,40,44,20],"gold":90,"neow_bonus":"TEN_PERCENT_HP_BONUS","is_prod":false,"is_daily":false,"chose_seed":false,"campfire_upgraded":6,"win_rate":0,"timestamp":1553868286,"path_taken":["M","M","?","?","?","R","M","?","T","R","E","?","?","?","R","BOSS","M","?","?","?","?","R","E","$","T","R","?","E","M","M","R","BOSS","M","?","?","M","?","R","E","?","T","R","M","M","M","E","R","BOSS","BOSS","R","$","E","BOSS"],"build_version":"2019-03-15","purchased_purges":1,"victory":true,"max_hp_per_floor":[78,78,83,83,83,83,83,83,83,83,83,83,83,83,83,83,83,83,83,88,88,44,44,44,44,44,44,44,44,44,44,44,44,44,44,44,44,44,44,44,44,44,44,44,44,44,44,44,44,44,44,44,44,44,44,44],"card_choices":[{"not_picked":["Blizzard","White Noise"],"picked":"BootSequence","floor":1.0},{"not_picked":["Beam Cell","Stack","Hello World"],"picked":"SKIP","floor":2.0},{"not_picked":["Steam","Redo"],"picked":"Hologram","floor":7.0},{"not_picked":["Sweeping Beam","Beam Cell"],"picked":"Chill","floor":11.0},{"not_picked":["Double Energy","Tempest"],"picked":"Go for the Eyes","floor":14.0},{"not_picked":["Thunder Strike","Hyperbeam"],"picked":"All For One","floor":16.0},{"not_picked":["Compile Driver","Tempest"],"picked":"Self Repair","floor":18.0},{"not_picked":["Loop","Lockon"],"picked":"Cold Snap","floor":19.0},{"not_picked":["Turbo","Chaos+1","Heatsinks"],"picked":"SKIP","floor":24.0},{"not_picked":["Stack","Redo"],"picked":"Ball Lightning","floor":29.0},{"not_picked":["BootSequence+1","Steam"],"picked":"White Noise","floor":30.0},{"not_picked":["Leap","Barrage"],"picked":"Conserve Battery","floor":31.0},{"not_picked":["Amplify","All For One"],"picked":"Echo Form","floor":33.0},{"not_picked":["Stack","Barrage"],"picked":"Compile Driver","floor":35.0},{"not_picked":["Bandage Up","Trip"],"picked":"Violence","floor":36.0},{"not_picked":["Jack Of All Trades","Violence"],"picked":"Panacea","floor":36.0},{"not_picked":["Aggregate","Stack"],"picked":"Redo+1","floor":38.0},{"not_picked":["Sweeping Beam","Ball Lightning","Aggregate"],"picked":"SKIP","floor":41.0},{"not_picked":["Sweeping Beam+1","Conserve Battery"],"picked":"BootSequence+1","floor":42.0},{"not_picked":["Lockon","Rebound+1"],"picked":"Leap+1","floor":45.0},{"not_picked":["Hologram+1","Coolheaded"],"picked":"Glacier","floor":46.0},{"not_picked":["Gash","Reprogram"],"picked":"Coolheaded","floor":47.0},{"not_picked":["Auto Shields","Leap"],"picked":"Capacitor","floor":48.0},{"not_picked":["Go for the Eyes","Streamline"],"picked":"Compile Driver","floor":49.0},{"not_picked":["Auto Shields+1","Undo"],"picked":"Hologram","floor":55.0}],"player_experience":1349993,"relics_obtained":[{"floor":8.0,"key":"Symbiotic Virus"},{"floor":9.0,"key":"Gambling Chip"},{"floor":24.0,"key":"Bottled Lightning"},{"floor":29.0,"key":"Lantern"},{"floor":41.0,"key":"Darkstone Periapt"},{"floor":42.0,"key":"Unceasing Top"},{"floor":43.0,"key":"Blue Candle"},{"floor":48.0,"key":"Dream Catcher"},{"floor":55.0,"key":"Emotion Chip"}],"event_choices":[{"damage_healed":0.0,"max_hp_gain":5.0,"max_hp_loss":0.0,"gold_gain":0.0,"event_name":"Big Fish","player_choice":"Donut","floor":3.0,"gold_loss":0.0,"damage_taken":0.0},{"damage_healed":0.0,"max_hp_gain":0.0,"max_hp_loss":0.0,"gold_gain":75.0,"event_name":"World of Goop","player_choice":"Gather Gold","floor":4.0,"gold_loss":0.0,"damage_taken":11.0},{"cards_removed":["Strike_B"],"damage_healed":0.0,"max_hp_gain":0.0,"max_hp_loss":0.0,"gold_gain":0.0,"event_name":"Golden Wing","player_choice":"Card Removal","floor":5.0,"gold_loss":0.0,"damage_taken":7.0},{"damage_healed":0.0,"max_hp_gain":0.0,"max_hp_loss":0.0,"gold_gain":0.0,"event_name":"Shining Light","player_choice":"Entered Light","floor":13.0,"gold_loss":0.0,"damage_taken":25.0,"cards_upgraded":["Dualcast","Strike_B"]},{"damage_healed":0.0,"max_hp_gain":5.0,"max_hp_loss":0.0,"gold_gain":0.0,"event_name":"Forgotten Altar","player_choice":"Shed Blood","floor":20.0,"gold_loss":0.0,"damage_taken":29.0},{"damage_healed":0.0,"max_hp_gain":0.0,"max_hp_loss":0.0,"gold_gain":0.0,"event_name":"The Library","player_choice":"Read","floor":21.0,"gold_loss":0.0,"damage_taken":0.0,"cards_obtained":["Cold Snap"]},{"damage_healed":0.0,"max_hp_gain":0.0,"max_hp_loss":44.0,"gold_gain":0.0,"event_name":"Ghosts","player_choice":"Became a Ghost","floor":22.0,"gold_loss":0.0,"damage_taken":0.0,"cards_obtained":["Ghostly","Ghostly","Ghostly"]},{"damage_healed":0.0,"max_hp_gain":0.0,"max_hp_loss":0.0,"gold_gain":0.0,"event_name":"Addict","player_choice":"Obtained Relic","floor":28.0,"gold_loss":85.0,"damage_taken":0.0,"relics_obtained":["Peace Pipe"]},{"damage_healed":0.0,"max_hp_gain":0.0,"max_hp_loss":0.0,"gold_gain":0.0,"event_name":"SensoryStone","player_choice":"Memory 3","floor":36.0,"gold_loss":0.0,"damage_taken":10.0},{"cards_removed":["Defend_B"],"damage_healed":0.0,"max_hp_gain":0.0,"max_hp_loss":0.0,"gold_gain":0.0,"event_name":"Falling","player_choice":"Removed Skill","floor":37.0,"gold_loss":0.0,"damage_taken":0.0},{"damage_healed":0.0,"max_hp_gain":0.0,"max_hp_loss":0.0,"gold_gain":0.0,"event_name":"Winding Halls","player_choice":"Embrace Madness","floor":39.0,"gold_loss":0.0,"damage_taken":8.0,"cards_obtained":["Madness","Madness"]},{"damage_healed":0.0,"max_hp_gain":0.0,"max_hp_loss":0.0,"gold_gain":0.0,"event_name":"MindBloom","player_choice":"Fight","floor":42.0,"gold_loss":0.0,"damage_taken":0.0}],"is_beta":true,"boss_relics":[{"not_picked":["Calling Bell","Black Star"],"picked":"Inserter"},{"not_picked":["FrozenCore","Sozu"],"picked":"Fusion Hammer"}],"items_purged_floors":[25],"is_endless":false,"potions_floor_spawned":[1,2,7,19,29,30,31,41,46,47,55],"ascension_level":20}