{"gold_per_floor":[109,109,120,120,10,10,23,52,52,83,83,83,100,134,134,208,208,220,170,190,201,27,27],"floor_reached":23,"playtime":1800,"items_purged":["Strike_B"],"score":443,"play_id":"631f1e73-b5de-4e3b-aff9-b48703a48fa5","local_time":"20190302094212","is_ascension_mode":true,"campfire_choices":[{"floor":6.0,"key":"REST"},{"data":"Zap","floor":11.0,"key":"SMITH"},{"data":"Capacitor","floor":15.0,"key":"SMITH"}],"neow_cost":"NONE","seed_source_timestamp":4772475906596,"circlet_count":0,"master_deck":["AscendersBane","Defend_B","Defend_B","Defend_B","Defend_B+1","Zap+1","Dualcast+1","Ball Lightning","Redo+1","Cold Snap","Ball Lightning","All For One","Capacitor+1","Coolheaded","Seek","Multi-Cast","Doom and Gloom","Buffer","FTL","Reinforced Body"],"special_seed":0,"relics":["Cracked Core","Mango","Pocketwatch","Orichalcum","Strawberry","Inserter"],"potions_floor_usage":[23],"damage_taken":[{"damage":8.0,"enemies":"Small Slimes","floor":1.0,"turns":3.0},{"damage":2.0,"enemies":"Jaw Worm","floor":3.0,"turns":3.0},{"damage":2.0,"enemies":"2 Louse","floor":7.0,"turns":2.0},{"damage":11.0,"enemies":"Lagavulin","floor":8.0,"turns":5.0},{"damage":6.0,"enemies":"Gremlin Nob","floor":10.0,"turns":3.0},{"damage":4.0,"enemies":"Red Slaver","floor":13.0,"turns":2.0},{"damage":11.0,"enemies":"3 Sentries","floor":14.0,"turns":5.0},{"damage":21.0,"enemies":"Hexaghost","floor":16.0,"turns":8.0},{"damage":24.0,"enemies":"3 Byrds","floor":18.0,"turns":3.0},{"damage":12.0,"enemies":"Chosen","floor":20.0,"turns":4.0},{"damage":23.0,"enemies":"Shelled Parasite and Fungi","floor":21.0,"turns":3.0},{"damage":31,"enemies":"Slavers","floor":23,"turns":5}],"seed_played":"3577611131398145694","potions_obtained":[{"floor":7.0,"key":"SteroidPotion"},{"floor":10.0,"key":"Energy Potion"},{"floor":16.0,"key":"AttackPotion"},{"floor":18.0,"key":"Fruit Juice"},{"floor":20.0,"key":"EntropicBrew"}],"is_trial":false,"path_per_floor":["M","?","M","?","$","R","M","E","T","E","R","?","M","E","R","B",null,"M","?","M","M","$","E"],"character_chosen":"DEFECT","items_purchased":["Ball Lightning","Block Potion","Weak Potion","Reinforced Body"],"campfire_rested":1,"item_purchase_floors":[5,5,22,22],"current_hp_per_floor":[56,56,54,47,47,68,66,69,69,63,63,63,59,55,55,34,78,59,59,47,24,24,0],"gold":27,"neow_bonus":"REMOVE_CARD","is_prod":false,"is_daily":false,"chose_seed":false,"campfire_upgraded":2,"win_rate":0,"timestamp":1551541332,"path_taken":["M","?","M","?","$","R","M","E","T","E","R","?","M","E","R","BOSS","M","?","M","?","$","E"],"build_version":"2019-01-23","purchased_purges":1,"victory":false,"max_hp_per_floor":[71,71,71,71,71,71,71,85,85,85,85,85,85,92,92,92,92,97,97,97,97,97,97],"card_choices":[{"not_picked":["Reprogram","Leap"],"picked":"Ball Lightning","floor":1.0},{"not_picked":["Chaos","Steam Power"],"picked":"Cold Snap","floor":3.0},{"not_picked":["Redo","Stack","Hologram"],"picked":"SKIP","floor":7.0},{"not_picked":["Leap","Sweeping Beam"],"picked":"All For One","floor":8.0},{"not_picked":["Reinforced Body","Fusion"],"picked":"Capacitor","floor":10.0},{"not_picked":["Compile Driver","Rebound"],"picked":"Coolheaded","floor":13.0},{"not_picked":["Rainbow","Ball Lightning"],"picked":"Seek","floor":14.0},{"not_picked":["Amplify","Machine Learning"],"picked":"Multi-Cast","floor":16.0},{"not_picked":["Gash","Beam Cell"],"picked":"Doom and Gloom","floor":18.0},{"not_picked":["Compile Driver","Rebound"],"picked":"Buffer","floor":20.0},{"not_picked":["Scrape+1","Chaos"],"picked":"FTL","floor":21.0}],"player_experience":656223,"relics_obtained":[{"floor":8.0,"key":"Mango"},{"floor":9.0,"key":"Pocketwatch"},{"floor":10.0,"key":"Orichalcum"},{"floor":14.0,"key":"Strawberry"}],"event_choices":[{"damage_healed":0.0,"max_hp_gain":0.0,"max_hp_loss":0.0,"gold_gain":0.0,"cards_transformed":["Strike_B"],"event_name":"Living Wall","player_choice":"Change","floor":2.0,"gold_loss":0.0,"damage_taken":0.0,"cards_obtained":["Redo"]},{"cards_removed":["Strike_B"],"damage_healed":0.0,"max_hp_gain":0.0,"max_hp_loss":0.0,"gold_gain":0.0,"event_name":"Golden Wing","player_choice":"Card Removal","floor":4.0,"gold_loss":0.0,"damage_taken":7.0},{"damage_healed":0.0,"max_hp_gain":0.0,"max_hp_loss":0.0,"gold_gain":0.0,"event_name":"Upgrade Shrine","player_choice":"Upgraded","floor":12.0,"gold_loss":0.0,"damage_taken":0.0,"cards_upgraded":["Redo"]},{"damage_healed":0.0,"max_hp_gain":0.0,"max_hp_loss":0.0,"gold_gain":0.0,"event_name":"Designer","player_choice":"Upgraded Two","floor":19.0,"gold_loss":50.0,"damage_taken":0.0,"cards_upgraded":["Defend_B","Dualcast"]}],"is_beta":false,"boss_relics":[{"not_picked":["FrozenCore","Calling Bell"],"picked":"Inserter"}],"items_purged_floors":[22],"is_endless":false,"potions_floor_spawned":[7,10,16,18,20],"killed_by":"Slavers","ascension_level":20}