{"gold_per_floor":[11,11,11,11,25,25,60,34,34,46,58,58,58,70,70,174,174,185,81,81,95,107,107,118,135,135,135,148,159,64,64],"floor_reached":31,"playtime":1763,"items_purged":[],"score":239,"play_id":"f073d1b5-e4ab-45be-b324-dffa81ee2845","local_time":"20181105044503","is_ascension_mode":false,"campfire_choices":[{"floor":6,"key":"REST"},{"data":"Glacier","floor":12,"key":"SMITH"},{"data":"Dualcast","floor":15,"key":"SMITH"},{"floor":23,"key":"REST"},{"data":"Creative AI","floor":27,"key":"SMITH"}],"neow_cost":"NO_GOLD","seed_source_timestamp":3496636012227466,"circlet_count":0,"master_deck":["Strike_B","Strike_B","Strike_B","Strike_B","Defend_B","Defend_B","Defend_B","Defend_B","Zap+1","Dualcast+1","Transmutation+1","Forethought+1","Ball Lightning","Glacier+1","Core Surge","Turbo","Conserve Battery","Compile Driver","Ball Lightning","Creative AI+1","Chill","Capacitor","Sweeping Beam","Force Field","Go for the Eyes","Stack","Force Field","Capacitor+1","Go for the Eyes","Hello World","Ball Lightning"],"relics":["Cracked Core","Ornamental Fan","Pear","Busted Crown","Dead Branch"],"potions_floor_usage":[18,28,31,31,31],"damage_taken":[{"damage":4,"enemies":"Cultist","floor":1,"turns":4},{"damage":0,"enemies":"Small Slimes","floor":5,"turns":3},{"damage":10,"enemies":"3 Sentries","floor":7,"turns":6},{"damage":1,"enemies":"Jaw Worm","floor":10,"turns":2},{"damage":0,"enemies":"Exordium Wildlife","floor":11,"turns":5},{"damage":4,"enemies":"Gremlin Gang","floor":14,"turns":3},{"damage":33,"enemies":"Hexaghost","floor":16,"turns":9},{"damage":9,"enemies":"3 Byrds","floor":18,"turns":3},{"damage":12,"enemies":"Chosen","floor":21,"turns":5},{"damage":14,"enemies":"Snake Plant","floor":22,"turns":4},{"damage":0,"enemies":"Cultist and Chosen","floor":24,"turns":6},{"damage":11,"enemies":"Snecko","floor":25,"turns":6},{"damage":11,"enemies":"Centurion and Healer","floor":28,"turns":4},{"damage":22,"enemies":"Shelled Parasite and Fungi","floor":29,"turns":6},{"damage":23,"enemies":"Sentry and Sphere","floor":31,"turns":3}],"seed_played":"-7676752153891010906","potions_obtained":[{"floor":7,"key":"LiquidBronze"},{"floor":14,"key":"EssenceOfSteel"},{"floor":21,"key":"PowerPotion"},{"floor":28,"key":"FocusPotion"},{"floor":29,"key":"FocusPotion"}],"is_trial":false,"path_per_floor":["M","?","?","?","M","R","E","$","T","M","M","R","$","M","R","B",null,"M","$","?","M","M","R","M","M","T","R","M","M","$","M"],"character_chosen":"DEFECT","items_purchased":["Turbo","Capacitor","Sweeping Beam","Hello World","Ball Lightning"],"campfire_rested":2,"item_purchase_floors":[8,19,19,30,30],"current_hp_per_floor":[71,71,71,56,56,75,65,65,75,74,74,74,74,70,70,37,85,76,76,68,56,42,67,67,56,56,56,45,23,23,0],"gold":64,"neow_bonus":"RANDOM_COLORLESS_2","is_prod":false,"is_daily":false,"chose_seed":false,"campfire_upgraded":3,"win_rate":0,"timestamp":1541393103,"path_taken":["M","?","?","?","M","R","E","$","T","M","M","R","?","M","R","BOSS","M","$","?","?","M","R","?","M","T","R","M","?","$","M"],"build_version":"2018-11-01","purchased_purges":0,"victory":false,"max_hp_per_floor":[75,75,75,75,75,75,75,75,85,85,85,85,85,85,85,85,85,85,85,85,85,85,85,85,85,85,85,85,85,85,85],"card_choices":[{"not_picked":["Stack","Steam"],"picked":"Ball Lightning","floor":1},{"not_picked":["Compile Driver","Redo"],"picked":"Glacier","floor":5},{"not_picked":["Hologram","Redo"],"picked":"Core Surge","floor":7},{"not_picked":["Ball Lightning","Fusion"],"picked":"Conserve Battery","floor":10},{"not_picked":["Steam Power","Leap"],"picked":"Compile Driver","floor":11},{"not_picked":["Consume","Beam Cell"],"picked":"Ball Lightning","floor":14},{"not_picked":["Biased Cognition","Electrodynamics"],"picked":"Creative AI","floor":16},{"not_picked":[],"picked":"Chill","floor":18},{"not_picked":[],"picked":"Force Field","floor":21},{"not_picked":[],"picked":"Go for the Eyes","floor":22},{"not_picked":[],"picked":"Stack","floor":24},{"not_picked":[],"picked":"Force Field","floor":25},{"not_picked":[],"picked":"Capacitor+1","floor":28},{"not_picked":[],"picked":"Go for the Eyes","floor":29}],"player_experience":683927,"relics_obtained":[{"floor":7,"key":"Ornamental Fan"},{"floor":9,"key":"Pear"},{"floor":26,"key":"Dead Branch"}],"event_choices":[{"damage_healed":0,"gold_gain":0,"player_choice":"Grow","damage_taken":0,"max_hp_gain":0,"max_hp_loss":0,"event_name":"Living Wall","floor":2,"gold_loss":0,"cards_upgraded":["Zap"]},{"damage_healed":0,"gold_gain":0,"player_choice":"Leave","damage_taken":0,"max_hp_gain":0,"max_hp_loss":0,"event_name":"The Cleric","floor":3,"gold_loss":0},{"damage_healed":0,"gold_gain":0,"player_choice":"Entered Light","damage_taken":15,"max_hp_gain":0,"max_hp_loss":0,"event_name":"Shining Light","floor":4,"gold_loss":0,"cards_upgraded":["Transmutation","Forethought"]},{"damage_healed":0,"gold_gain":0,"player_choice":"","damage_taken":8,"max_hp_gain":0,"max_hp_loss":0,"event_name":"Knowing Skull","floor":20,"potions_obtained":[],"gold_loss":0,"cards_obtained":[]}],"is_beta":false,"boss_relics":[{"not_picked":["Eternal Feather","Orrery"],"picked":"Busted Crown"}],"items_purged_floors":[],"is_endless":false,"potions_floor_spawned":[7,14,21,28,29],"killed_by":"Sentry and Sphere","ascension_level":0}