{"gold_per_floor":[209,229,21,296,19,19,52,52,77,95,95,110,129,162,162,258,258,275,291,304,53,53,53,63,82,82,82,82,82,115,45,45,140,140,159,159,259,275,275,327,347,363,413,413,89,135,135,153,153,153,153,153,29,29],"floor_reached":54,"playtime":5102,"items_purged":["Regret","Writhe"],"score":690,"play_id":"47eb3f21-43ea-4055-99aa-fca8749fc927","local_time":"20190302051843","is_ascension_mode":false,"campfire_choices":[{"data":"Bash","floor":6.0,"key":"SMITH"},{"data":"Power Through","floor":8.0,"key":"SMITH"},{"floor":11.0,"key":"RECALL"},{"data":"Clothesline","floor":15.0,"key":"SMITH"},{"data":"Apotheosis","floor":23.0,"key":"SMITH"},{"data":"Rage","floor":29.0,"key":"SMITH"},{"floor":32.0,"key":"REST"},{"data":"Reaper","floor":44.0,"key":"SMITH"},{"data":"Double Tap","floor":49.0,"key":"SMITH"},{"data":"Shrug It Off","floor":52.0,"key":"SMITH"}],"neow_cost":"NONE","seed_source_timestamp":0,"circlet_count":0,"master_deck":["Strike_R","Strike_R","Strike_R","Strike_R","Strike_R","Defend_R","Defend_R","Defend_R","Defend_R","Bash+1","Clothesline+1","Shrug It Off+1","Power Through+1","Dual Wield","Power Through","Reaper+1","Double Tap+1","Spot Weakness","Heavy Blade","Apotheosis+1","Feed","Rage+1","Uppercut","Whirlwind","Reaper","Flame Barrier+1","Heavy Blade","Shrug It Off+1","Pommel Strike+1","Second Wind","Heavy Blade","Shockwave"],"special_seed":0,"relics":["Burning Blood","Brimstone","Regal Pillow","Lantern","Happy Flower","Mummified Hand","Orrery","Magic Flower","Vajra","Sozu","StoneCalendar","Pocketwatch","Juzu Bracelet","Ancient Tea Set","Oddly Smooth Stone"],"potions_floor_usage":[],"damage_taken":[{"damage":1.0,"enemies":"Cultist","floor":1.0,"turns":3.0},{"damage":5.0,"enemies":"Small Slimes","floor":2.0,"turns":5.0},{"damage":22.0,"enemies":"Lagavulin","floor":7.0,"turns":5.0},{"damage":0.0,"enemies":"Jaw Worm","floor":10.0,"turns":2.0},{"damage":0.0,"enemies":"Looter","floor":12.0,"turns":2.0},{"damage":0.0,"enemies":"Large Slime","floor":13.0,"turns":4.0},{"damage":17.0,"enemies":"3 Sentries","floor":14.0,"turns":6.0},{"damage":1.0,"enemies":"Slime Boss","floor":16.0,"turns":7.0},{"damage":0.0,"enemies":"Chosen","floor":18.0,"turns":3.0},{"damage":8.0,"enemies":"Shell Parasite","floor":19.0,"turns":5.0},{"damage":3.0,"enemies":"Snecko","floor":20.0,"turns":4.0},{"damage":14.0,"enemies":"Cultist and Chosen","floor":24.0,"turns":6.0},{"damage":5.0,"enemies":"Centurion and Healer","floor":25.0,"turns":6.0},{"damage":50.0,"enemies":"Slavers","floor":30.0,"turns":5.0},{"damage":53.0,"enemies":"Champ","floor":33.0,"turns":8.0},{"damage":1.0,"enemies":"Orb Walker","floor":35.0,"turns":2.0},{"damage":35.0,"enemies":"Mind Bloom Boss Battle","floor":37.0,"turns":6.0},{"damage":28.0,"enemies":"3 Darklings","floor":38.0,"turns":6.0},{"damage":81.0,"enemies":"2 Orb Walkers","floor":40.0,"turns":5.0},{"damage":17.0,"enemies":"Spire Growth","floor":41.0,"turns":3.0},{"damage":5.0,"enemies":"Writhing Mass","floor":42.0,"turns":4.0},{"damage":8.0,"enemies":"Transient","floor":48.0,"turns":5.0},{"damage":68.0,"enemies":"Awakened One","floor":50.0,"turns":10.0},{"damage":99,"enemies":"Shield and Spear","floor":54,"turns":6}],"seed_played":"3486432667652256085","potions_obtained":[{"floor":10.0,"key":"Swift Potion"},{"floor":12.0,"key":"SneckoOil"},{"floor":13.0,"key":"Swift Potion"},{"floor":16.0,"key":"Explosive Potion"},{"floor":18.0,"key":"Fire Potion"},{"floor":19.0,"key":"Strength Potion"},{"floor":33.0,"key":"FearPotion"}],"is_trial":false,"path_per_floor":["M","M","$","?","$","R","E","R","T","M","R","M","M","E","R","B",null,"M","M","M","$","?","R","M","M","T","$","?","R","E","$","R","B",null,"M","$","?","M","?","?","M","M","T","R","$","T","?","M","R","B",null,"R","$","E"],"character_chosen":"IRONCLAD","items_purchased":["Brimstone","Regal Pillow","Shrug It Off","Apotheosis","Feed","Whirlwind","Ancient Tea Set","Second Wind","Heavy Blade","Shockwave"],"campfire_rested":1,"item_purchase_floors":[3,5,5,21,21,31,45,45,53,53],"current_hp_per_floor":[80,80,80,80,80,80,64,64,64,70,70,76,80,69,69,80,80,80,78,80,80,80,80,72,80,80,80,80,80,65,65,80,68,80,83,83,57,67,67,70,80,87,87,87,87,87,87,87,87,87,87,87,87,0],"gold":29,"neow_bonus":"HUNDRED_GOLD","is_prod":false,"is_daily":false,"chose_seed":false,"campfire_upgraded":8,"win_rate":0,"timestamp":1551516523,"path_taken":["M","?","?","?","$","R","E","R","T","?","R","M","M","E","R","BOSS","M","M","M","$","?","R","M","M","T","$","?","R","E","$","R","BOSS","M","$","?","M","?","?","M","M","T","R","?","?","?","M","R","BOSS","R","$","E"],"build_version":"2019-02-06","purchased_purges":2,"victory":false,"max_hp_per_floor":[80,80,80,80,80,80,80,80,80,80,80,80,80,80,80,80,80,80,80,80,80,80,80,80,80,80,80,80,80,80,80,80,80,80,83,83,83,83,83,83,83,87,87,87,87,87,87,87,87,87,87,87,87,87],"card_choices":[{"not_picked":["Havoc","Anger","Heavy Blade"],"picked":"SKIP","floor":1.0},{"not_picked":["Armaments","Flex"],"picked":"Clothesline","floor":2.0},{"not_picked":["Uppercut","Burning Pact"],"picked":"Power Through","floor":7.0},{"not_picked":["Bloodletting","Clothesline"],"picked":"Dual Wield","floor":10.0},{"not_picked":["Perfected Strike","Armaments"],"picked":"Power Through","floor":12.0},{"not_picked":["Warcry","Havoc","Reckless Charge"],"picked":"SKIP","floor":13.0},{"not_picked":["Wild Strike","Pummel"],"picked":"Reaper","floor":14.0},{"not_picked":["Immolate","Juggernaut"],"picked":"Double Tap","floor":16.0},{"not_picked":["Body Slam","Sword Boomerang"],"picked":"Spot Weakness","floor":17.0},{"not_picked":["Twin Strike","Wild Strike","Shrug It Off"],"picked":"SKIP","floor":18.0},{"not_picked":["Thunderclap","Dual Wield"],"picked":"Heavy Blade","floor":19.0},{"not_picked":["Armaments+1","Heavy Blade","Clothesline"],"picked":"SKIP","floor":20.0},{"not_picked":["Impervious","Entrench"],"picked":"Rage","floor":24.0},{"not_picked":["Combust+1","Shrug It Off"],"picked":"True Grit+1","floor":25.0},{"not_picked":["Dark Embrace","Warcry"],"picked":"Uppercut","floor":30.0},{"not_picked":["Brutality","Juggernaut"],"picked":"Reaper","floor":33.0},{"not_picked":["Carnage","True Grit+1","Thunderclap+1"],"picked":"SKIP","floor":35.0},{"not_picked":["Infernal Blade+1","Dropkick+1"],"picked":"Flame Barrier+1","floor":37.0},{"not_picked":["Wild Strike+1","Anger"],"picked":"Heavy Blade","floor":38.0},{"not_picked":["Fire Breathing+1","Body Slam+1"],"picked":"Shrug It Off+1","floor":40.0},{"not_picked":["Twin Strike","Anger","Perfected Strike+1"],"picked":"SKIP","floor":41.0},{"not_picked":["True Grit","Anger"],"picked":"Pommel Strike+1","floor":42.0},{"not_picked":["Warcry","Juggernaut","Twin Strike+1"],"picked":"SKIP","floor":48.0}],"player_experience":679867,"relics_obtained":[{"floor":7.0,"key":"Lantern"},{"floor":9.0,"key":"Happy Flower"},{"floor":14.0,"key":"Mummified Hand"},{"floor":30.0,"key":"Vajra"},{"floor":37.0,"key":"StoneCalendar"},{"floor":40.0,"key":"Pocketwatch"},{"floor":43.0,"key":"Juzu Bracelet"},{"floor":46.0,"key":"Oddly Smooth Stone"}],"event_choices":[{"damage_healed":0.0,"max_hp_gain":0.0,"max_hp_loss":0.0,"gold_gain":275.0,"event_name":"Golden Shrine","player_choice":"Desecrate","floor":4.0,"gold_loss":0.0,"damage_taken":0.0,"cards_obtained":["Regret"]},{"damage_healed":0.0,"max_hp_gain":0.0,"max_hp_loss":0.0,"gold_gain":0.0,"event_name":"Ghosts","player_choice":"Ignored","floor":22.0,"gold_loss":0.0,"damage_taken":0.0},{"damage_healed":0.0,"max_hp_gain":0.0,"max_hp_loss":0.0,"gold_gain":0.0,"event_name":"The Mausoleum","player_choice":"Opened","floor":28.0,"gold_loss":0.0,"damage_taken":0.0,"relics_obtained":["Magic Flower"],"cards_obtained":["Writhe"]},{"damage_healed":0.0,"max_hp_gain":0.0,"max_hp_loss":0.0,"gold_gain":0.0,"event_name":"MindBloom","player_choice":"Fight","floor":37.0,"gold_loss":0.0,"damage_taken":0.0},{"damage_healed":0.0,"max_hp_gain":0.0,"max_hp_loss":0.0,"gold_gain":0.0,"event_name":"Tomb of Lord Red Mask","player_choice":"Ignored","floor":39.0,"gold_loss":0.0,"damage_taken":0.0},{"damage_healed":0.0,"max_hp_gain":0.0,"max_hp_loss":0.0,"gold_gain":0.0,"event_name":"Mysterious Sphere","player_choice":"Fight","floor":40.0,"gold_loss":0.0,"damage_taken":0.0},{"cards_removed":["True Grit"],"damage_healed":0.0,"max_hp_gain":0.0,"max_hp_loss":0.0,"gold_gain":0.0,"event_name":"Falling","player_choice":"Removed Skill","floor":47.0,"gold_loss":0.0,"damage_taken":0.0}],"is_beta":true,"boss_relics":[{"not_picked":["Snecko Eye","Pandora\u0027s Box"],"picked":"Orrery"},{"not_picked":["Runic Pyramid","Black Star"],"picked":"Sozu"}],"items_purged_floors":[5,45],"is_endless":false,"potions_floor_spawned":[10,12,13,16,18,19,33,38,40,41],"killed_by":"Shield and Spear","ascension_level":0}