{"gold_per_floor":[112,12,12,12,31,31,60,60,60,60,73,98,12,31,31,31],"floor_reached":16,"playtime":1379,"items_purged":[],"score":216,"play_id":"fe6f1e20-1934-4340-bfbe-aa5b16bedca9","local_time":"20190203195543","is_ascension_mode":true,"campfire_choices":[{"floor":6,"key":"REST"},{"data":"Cloak And Dagger","floor":8,"key":"SMITH"},{"floor":10,"key":"REST"},{"floor":15,"key":"REST"}],"neow_cost":"PERCENT_DAMAGE","seed_source_timestamp":1738355316336385,"circlet_count":0,"master_deck":["AscendersBane","Defend_G","Defend_G","Defend_G","Defend_G","Defend_G","Strike_G","Strike_G","Strike_G","Strike_G","Strike_G","Survivor","Neutralize","A Thousand Cuts+1","Prepared","Well Laid Plans","Sucker Punch","Tools of the Trade","Cloak And Dagger+1","Crippling Poison","Noxious Fumes","Prepared"],"relics":["Ring of the Snake","WingedGreaves","Paper Crane","Bird Faced Urn"],"potions_floor_usage":[7,16],"damage_taken":[{"damage":9,"enemies":"Jaw Worm","floor":1,"turns":7},{"damage":4,"enemies":"2 Louse","floor":5,"turns":4},{"damage":27,"enemies":"Lagavulin","floor":7,"turns":9},{"damage":0,"enemies":"Cultist","floor":11,"turns":3},{"damage":22,"enemies":"3 Sentries","floor":12,"turns":5},{"damage":21,"enemies":"Gremlin Gang","floor":14,"turns":5},{"damage":30,"enemies":"Hexaghost","floor":16,"turns":9}],"seed_played":"4263829043416512203","potions_obtained":[{"floor":5,"key":"Poison Potion"},{"floor":14,"key":"LiquidBronze"}],"is_trial":false,"path_per_floor":["M","$","?","?","M","R","E","R","T","R","M","E","$","M","R","B"],"character_chosen":"THE_SILENT","items_purchased":["Well Laid Plans","Sucker Punch","Noxious Fumes"],"campfire_rested":3,"item_purchase_floors":[2,2,13],"current_hp_per_floor":[35,35,35,35,31,50,23,23,23,42,42,20,20,3,22,0],"gold":31,"neow_bonus":"THREE_RARE_CARDS","is_prod":false,"is_daily":false,"chose_seed":false,"campfire_upgraded":1,"win_rate":0,"timestamp":1549245343,"path_taken":["M","$","?","?","M","R","E","R","T","R","M","E","?","?","R","BOSS"],"build_version":"2019-01-23","purchased_purges":0,"victory":false,"max_hp_per_floor":[66,66,66,66,66,66,66,66,66,66,66,66,66,66,66,66],"card_choices":[{"not_picked":["Night Terror","Storm of Steel"],"picked":"A Thousand Cuts","floor":0},{"not_picked":["Slice","Quick Slash"],"picked":"Prepared","floor":1},{"not_picked":["Setup","Deadly Poison"],"picked":"Tools of the Trade","floor":5},{"not_picked":["Terror","Blade Dance"],"picked":"Cloak And Dagger","floor":7},{"not_picked":["Underhanded Strike","Poisoned Stab","Masterful Stab"],"picked":"SKIP","floor":11},{"not_picked":["Quick Slash","Dagger Spray"],"picked":"Crippling Poison","floor":12},{"not_picked":["Poisoned Stab","Slice"],"picked":"Prepared","floor":14}],"player_experience":707535,"relics_obtained":[{"floor":7,"key":"WingedGreaves"},{"floor":9,"key":"Paper Crane"},{"floor":12,"key":"Bird Faced Urn"}],"event_choices":[{"damage_healed":0,"gold_gain":0,"player_choice":"Ignored","damage_taken":0,"max_hp_gain":0,"max_hp_loss":0,"event_name":"Shining Light","floor":3,"gold_loss":0},{"damage_healed":0,"gold_gain":0,"player_choice":"Grow","damage_taken":0,"max_hp_gain":0,"max_hp_loss":0,"event_name":"Living Wall","floor":4,"gold_loss":0,"cards_upgraded":["A Thousand Cuts"]}],"is_beta":false,"boss_relics":[],"items_purged_floors":[],"is_endless":false,"potions_floor_spawned":[5,14],"killed_by":"Hexaghost","ascension_level":20}