{"gold_per_floor":[115,115,115,129,145,176,176,18,18,18,30,65,79,79,79,158,158,173,173,173,131,131,160,160,193,216,87,107,215,215,233,233,309,309,320,542,387,397,64,64,44,44,44,72,72,72,72,72,72,72,72,72,72,28,57,57],"floor_reached":57,"playtime":3763,"items_purged":["Writhe","Strike_G"],"score":2919,"play_id":"21bf1e8c-a829-420c-832c-73b6b37d1b99","local_time":"20190327005236","is_ascension_mode":true,"campfire_choices":[{"floor":7.0,"key":"REST"},{"data":"Deadly Poison","floor":10.0,"key":"SMITH"},{"data":"Neutralize","floor":15.0,"key":"SMITH"},{"data":"Bouncing Flask","floor":24.0,"key":"SMITH"},{"data":"Footwork","floor":32.0,"key":"SMITH"},{"data":"Acrobatics","floor":40.0,"key":"SMITH"},{"floor":47.0,"key":"RECALL"},{"data":"Leg Sweep","floor":49.0,"key":"SMITH"},{"data":"Corpse Explosion","floor":53.0,"key":"SMITH"}],"neow_cost":"NONE","seed_source_timestamp":1193124953504233,"circlet_count":0,"master_deck":["AscendersBane","Defend_G","Defend_G","Defend_G","Survivor","Neutralize+1","PiercingWail","Doppelganger","Footwork+1","Deadly Poison+1","Dodge and Roll","Poisoned Stab","Backflip","Acrobatics+1","Adrenaline","Bouncing Flask+1","Tactician","Dodge and Roll","Dagger Spray+1","Cloak And Dagger+1","Doppelganger","Decay","Deflect+1","Corpse Explosion+1","Backflip","Dodge and Roll+1","Corpse Explosion","Leg Sweep+1","Sucker Punch","Crippling Poison"],"special_seed":0,"relics":["Ring of the Snake","Bottled Flame","Art of War","Paper Crane","Juzu Bracelet","Coffee Dripper","FossilizedHelix","Enchiridion","Lantern","Ice Cream","Snake Skull","Red Mask","Question Card","Runic Pyramid","Incense Burner","Blue Candle","Mummified Hand"],"potions_floor_usage":[56,56],"damage_taken":[{"damage":1.0,"enemies":"2 Louse","floor":1.0,"turns":3.0},{"damage":0.0,"enemies":"Small Slimes","floor":4.0,"turns":4.0},{"damage":0.0,"enemies":"Jaw Worm","floor":5.0,"turns":6.0},{"damage":50.0,"enemies":"3 Sentries","floor":6.0,"turns":18.0},{"damage":1.0,"enemies":"Looter","floor":11.0,"turns":4.0},{"damage":9.0,"enemies":"Lagavulin","floor":12.0,"turns":9.0},{"damage":0.0,"enemies":"3 Louse","floor":13.0,"turns":4.0},{"damage":2.0,"enemies":"The Guardian","floor":16.0,"turns":11.0},{"damage":0.0,"enemies":"3 Byrds","floor":18.0,"turns":10.0},{"damage":1.0,"enemies":"2 Thieves","floor":21.0,"turns":5.0},{"damage":6.0,"enemies":"Book of Stabbing","floor":23.0,"turns":6.0},{"damage":21.0,"enemies":"Slavers","floor":25.0,"turns":6.0},{"damage":0.0,"enemies":"3 Cultists","floor":28.0,"turns":4.0},{"damage":0.0,"enemies":"Masked Bandits","floor":29.0,"turns":2.0},{"damage":0.0,"enemies":"Book of Stabbing","floor":31.0,"turns":5.0},{"damage":0.0,"enemies":"Champ","floor":33.0,"turns":10.0},{"damage":0.0,"enemies":"Orb Walker","floor":35.0,"turns":4.0},{"damage":0.0,"enemies":"3 Shapes","floor":38.0,"turns":3.0},{"damage":2.0,"enemies":"Giant Head","floor":44.0,"turns":10.0},{"damage":0.0,"enemies":"Time Eater","floor":50.0,"turns":15.0},{"damage":18.0,"enemies":"Donu and Deca","floor":51.0,"turns":10.0},{"damage":0.0,"enemies":"Shield and Spear","floor":55.0,"turns":7.0},{"damage":49,"enemies":"The Heart","floor":56,"turns":14}],"seed_played":"-3365042229846382702","potions_obtained":[{"floor":1.0,"key":"SkillPotion"},{"floor":4.0,"key":"Energy Potion"},{"floor":11.0,"key":"Swift Potion"},{"floor":25.0,"key":"SteroidPotion"},{"floor":33.0,"key":"Fire Potion"},{"floor":55.0,"key":"Poison Potion"}],"is_trial":false,"path_per_floor":["M","?","?","M","M","E","R","$","T","R","M","E","M","?","R","B",null,"M","?","?","M","?","E","R","E","T","$","M","?","?","E","R","B",null,"M","?","$","M","$","R","?","?","T","E","$","?","R","$","R","B","B",null,"R","$","E","B",null],"character_chosen":"THE_SILENT","items_purchased":["Art of War","Weak Potion","Backflip","Incense Burner","Crippling Poison"],"campfire_rested":1,"item_purchase_floors":[8,27,37,39,54],"current_hp_per_floor":[64,64,57,57,57,7,28,28,28,28,27,18,18,23,23,21,63,63,63,63,62,41,35,35,14,14,14,14,14,14,14,14,14,61,61,61,61,61,61,61,61,61,61,59,59,59,59,59,59,59,41,68,68,68,68,19],"gold":57,"neow_bonus":"TEN_PERCENT_HP_BONUS","is_prod":false,"is_daily":false,"chose_seed":false,"campfire_upgraded":7,"win_rate":0,"timestamp":1553662356,"path_taken":["M","?","?","M","?","E","R","$","T","R","M","E","M","?","R","BOSS","M","?","?","M","?","E","R","E","T","?","M","?","?","E","R","BOSS","M","?","$","M","$","R","?","?","T","E","?","?","R","?","R","BOSS","BOSS","R","$","E","BOSS"],"build_version":"2019-03-15","purchased_purges":2,"victory":true,"max_hp_per_floor":[72,72,72,72,72,72,72,72,72,72,72,72,72,77,77,77,77,77,77,77,77,77,77,77,77,77,77,77,77,77,77,77,77,77,77,77,77,77,77,77,77,77,77,77,77,77,77,77,77,77,77,77,77,77,77,77],"card_choices":[{"not_picked":["Expertise","Heel Hook"],"picked":"PiercingWail","floor":1.0},{"not_picked":["Dagger Spray","Blade Dance"],"picked":"Footwork","floor":4.0},{"not_picked":["Glass Knife","Outmaneuver"],"picked":"Deadly Poison","floor":5.0},{"not_picked":["Prepared","Poisoned Stab"],"picked":"Dodge and Roll","floor":6.0},{"not_picked":["Doppelganger","Dodge and Roll"],"picked":"Poisoned Stab","floor":11.0},{"not_picked":["Expertise","Riddle With Holes"],"picked":"Backflip","floor":12.0},{"not_picked":["Flying Knee","Sucker Punch"],"picked":"Acrobatics","floor":13.0},{"not_picked":["Doppelganger","Burst"],"picked":"Adrenaline","floor":16.0},{"not_picked":["Accuracy","Concentrate"],"picked":"Bouncing Flask","floor":18.0},{"not_picked":["Cloak And Dagger","Acrobatics"],"picked":"Dagger Spray+1","floor":21.0},{"not_picked":["Tactician","Riddle With Holes"],"picked":"Cloak And Dagger+1","floor":23.0},{"not_picked":["Bane","Flying Knee"],"picked":"Doppelganger","floor":25.0},{"not_picked":["Flying Knee","Endless Agony+1","Underhanded Strike"],"picked":"SKIP","floor":28.0},{"not_picked":["Dash","Blade Dance","Underhanded Strike"],"picked":"Deflect+1","floor":31.0},{"not_picked":["Envenom","Phantasmal Killer","A Thousand Cuts"],"picked":"Corpse Explosion","floor":33.0},{"not_picked":["Eviscerate","Dodge and Roll","Quick Slash","Poisoned Stab"],"picked":"SKIP","floor":35.0},{"not_picked":["Prepared+1","Flying Knee","Cloak And Dagger"],"picked":"Dodge and Roll+1","floor":38.0},{"not_picked":["Blade Dance","Dodge and Roll+1","Distraction"],"picked":"Leg Sweep","floor":44.0},{"not_picked":["All Out Attack","Infinite Blades","Acrobatics","Quick Slash+1"],"picked":"SKIP","floor":55.0}],"player_experience":1305048,"relics_obtained":[{"floor":6.0,"key":"Bottled Flame"},{"floor":9.0,"key":"Paper Crane"},{"floor":12.0,"key":"Juzu Bracelet"},{"floor":22.0,"key":"Enchiridion"},{"floor":23.0,"key":"Lantern"},{"floor":25.0,"key":"Ice Cream"},{"floor":26.0,"key":"Snake Skull"},{"floor":29.0,"key":"Red Mask"},{"floor":29.0,"key":"Question Card"},{"floor":44.0,"key":"Blue Candle"},{"floor":55.0,"key":"Mummified Hand"}],"event_choices":[{"damage_healed":0.0,"max_hp_gain":0.0,"max_hp_loss":0.0,"gold_gain":0.0,"cards_transformed":["Strike_G"],"event_name":"Living Wall","player_choice":"Change","floor":2.0,"gold_loss":0.0,"damage_taken":0.0,"cards_obtained":["Doppelganger"]},{"cards_removed":["Defend_G"],"damage_healed":0.0,"max_hp_gain":0.0,"max_hp_loss":0.0,"gold_gain":0.0,"event_name":"Golden Wing","player_choice":"Card Removal","floor":3.0,"gold_loss":0.0,"damage_taken":7.0},{"damage_healed":0.0,"max_hp_gain":5.0,"max_hp_loss":0.0,"gold_gain":0.0,"event_name":"Big Fish","player_choice":"Donut","floor":14.0,"gold_loss":0.0,"damage_taken":0.0},{"damage_healed":0.0,"max_hp_gain":0.0,"max_hp_loss":0.0,"gold_gain":0.0,"cards_transformed":["Strike_G","Strike_G"],"event_name":"Drug Dealer","player_choice":"Became Test Subject","floor":19.0,"gold_loss":0.0,"damage_taken":0.0,"cards_obtained":["Tactician","Dodge and Roll"]},{"damage_healed":0.0,"max_hp_gain":0.0,"max_hp_loss":0.0,"gold_gain":0.0,"event_name":"The Mausoleum","player_choice":"Opened","floor":20.0,"gold_loss":0.0,"damage_taken":0.0,"relics_obtained":["FossilizedHelix"],"cards_obtained":["Writhe"]},{"damage_healed":0.0,"max_hp_gain":0.0,"max_hp_loss":0.0,"gold_gain":0.0,"event_name":"Cursed Tome","player_choice":"Obtained Book","floor":22.0,"gold_loss":0.0,"damage_taken":21.0},{"damage_healed":0.0,"max_hp_gain":0.0,"max_hp_loss":0.0,"gold_gain":0.0,"event_name":"Masked Bandits","player_choice":"Fought Bandits","floor":29.0,"gold_loss":0.0,"damage_taken":0.0},{"damage_healed":0.0,"max_hp_gain":0.0,"max_hp_loss":0.0,"gold_gain":0.0,"event_name":"Forgotten Altar","player_choice":"Smashed Altar","floor":30.0,"gold_loss":0.0,"damage_taken":0.0,"cards_obtained":["Decay"]},{"damage_healed":0.0,"max_hp_gain":0.0,"max_hp_loss":0.0,"gold_gain":222.0,"event_name":"Tomb of Lord Red Mask","player_choice":"Wore Mask","floor":36.0,"gold_loss":0.0,"damage_taken":0.0},{"damage_healed":0.0,"max_hp_gain":0.0,"max_hp_loss":0.0,"gold_gain":0.0,"event_name":"The Woman in Blue","player_choice":"Bought 1 Potion","floor":41.0,"gold_loss":0.0,"damage_taken":0.0},{"damage_healed":0.0,"max_hp_gain":0.0,"max_hp_loss":0.0,"gold_gain":0.0,"cards_transformed":["Strike_G"],"event_name":"Transmorgrifier","player_choice":"Transformed","floor":42.0,"gold_loss":0.0,"damage_taken":0.0,"cards_obtained":["Corpse Explosion"]},{"damage_healed":0.0,"max_hp_gain":0.0,"max_hp_loss":0.0,"gold_gain":0.0,"cards_transformed":["Defend_G"],"event_name":"Transmorgrifier","player_choice":"Transformed","floor":46.0,"gold_loss":0.0,"damage_taken":0.0,"cards_obtained":["Sucker Punch"]}],"is_beta":true,"boss_relics":[{"not_picked":["Busted Crown","Philosopher\u0027s Stone"],"picked":"Coffee Dripper"},{"not_picked":["Calling Bell","Velvet Choker"],"picked":"Runic Pyramid"}],"items_purged_floors":[27,37],"is_endless":false,"potions_floor_spawned":[1,4,11,25,33,35,55],"ascension_level":20}