{"gold_per_floor":[12,28,28,41,6,33,33,59,59,73,19,19,44,62,62,159,159,172,17,17,31,42,77,77,105,130,145,145,145,178,213,225,341,353,375,387,20,20,20,20,54,64,110,110],"floor_reached":44,"playtime":5313,"items_purged":[],"score":591,"play_id":"e3d0e58d-9286-4b6d-a1f7-2c54753f9e2a","local_time":"20190325191553","is_ascension_mode":true,"campfire_choices":[{"data":"Neutralize","floor":12,"key":"SMITH"},{"data":"Malaise","floor":15,"key":"SMITH"},{"floor":24,"key":"REST"},{"floor":29,"key":"REST"},{"floor":32,"key":"REST"},{"floor":40,"key":"REST"}],"neow_cost":"NO_GOLD","seed_source_timestamp":286228479397292,"circlet_count":0,"master_deck":["Defend_G","Defend_G","Defend_G","Defend_G","Strike_G","Survivor+1","Neutralize+1","Deadly Poison+1","Dodge and Roll","Dash","Cloak And Dagger","Malaise+1","Caltrops","Dagger Spray","Dagger Throw","Deflect","Glass Knife","Dodge and Roll","Dagger Spray+1","Blur","Catalyst","Footwork","Infinite Blades","Malaise","Cloak And Dagger+1","Deadly Poison+1","Bane+1","Setup+1","Noxious Fumes","PiercingWail","Caltrops+1"],"relics":["Ring of the Snake","Nunchaku","Gremlin Horn","Blue Candle","PreservedInsect","Regal Pillow","Ancient Tea Set","Empty Cage","Oddly Smooth Stone","Bottled Tornado","Blood Vial","Orichalcum","Red Mask","MawBank","Astrolabe","Kunai","Mummified Hand","Bottled Flame","Snake Skull"],"potions_floor_usage":[18,21,22,23,27,31,35,41,44,44],"damage_taken":[{"damage":0,"enemies":"Small Slimes","floor":1,"turns":4},{"damage":0,"enemies":"Jaw Worm","floor":2,"turns":4},{"damage":0,"enemies":"Cultist","floor":4,"turns":5},{"damage":13,"enemies":"Lagavulin","floor":6,"turns":7},{"damage":0,"enemies":"3 Sentries","floor":8,"turns":8},{"damage":0,"enemies":"2 Fungi Beasts","floor":10,"turns":5},{"damage":2,"enemies":"Lagavulin","floor":13,"turns":5},{"damage":1,"enemies":"Looter","floor":14,"turns":3},{"damage":3,"enemies":"Hexaghost","floor":16,"turns":10},{"damage":2,"enemies":"2 Thieves","floor":18,"turns":4},{"damage":23,"enemies":"Spheric Guardian","floor":21,"turns":8},{"damage":3,"enemies":"3 Cultists","floor":22,"turns":5},{"damage":15,"enemies":"Book of Stabbing","floor":23,"turns":6},{"damage":15,"enemies":"Gremlin Leader","floor":25,"turns":5},{"damage":19,"enemies":"Snecko","floor":27,"turns":6},{"damage":24,"enemies":"Masked Bandits","floor":30,"turns":6},{"damage":18,"enemies":"Slavers","floor":31,"turns":4},{"damage":42,"enemies":"Automaton","floor":33,"turns":17},{"damage":34,"enemies":"3 Darklings","floor":35,"turns":8},{"damage":37,"enemies":"Giant Head","floor":41,"turns":10},{"damage":13,"enemies":"3 Shapes","floor":42,"turns":4},{"damage":38,"enemies":"Spire Growth","floor":44,"turns":4}],"seed_played":"-1914018863446730167","potions_obtained":[{"floor":8,"key":"GamblersBrew"},{"floor":10,"key":"Weak Potion"},{"floor":13,"key":"Fire Potion"},{"floor":16,"key":"Explosive Potion"},{"floor":22,"key":"Regen Potion"},{"floor":25,"key":"Regen Potion"},{"floor":27,"key":"Poison Potion"},{"floor":33,"key":"SteroidPotion"},{"floor":35,"key":"LiquidBronze"},{"floor":36,"key":"Poison Potion"},{"floor":36,"key":"SkillPotion"},{"floor":41,"key":"Strength Potion"}],"is_trial":false,"path_per_floor":["M","M","?","M","?","E","T","E","T","M","$","R","E","M","R","B",null,"M","$","$","M","M","E","R","E","T","M","?","R","?","E","R","B",null,"M","?","$","T","$","R","E","M","T","M"],"character_chosen":"THE_SILENT","items_purchased":["Dagger Spray","Oddly Smooth Stone","Noxious Fumes","Kunai","PiercingWail"],"campfire_rested":4,"item_purchase_floors":[11,19,37,37,37],"current_hp_per_floor":[70,70,56,56,70,57,57,57,57,57,57,57,55,54,54,51,70,68,68,68,45,42,42,70,55,55,52,39,75,51,35,72,32,75,41,41,41,41,41,75,38,27,27,0],"gold":110,"neow_bonus":"ONE_RARE_RELIC","is_prod":false,"is_daily":false,"chose_seed":false,"campfire_upgraded":2,"win_rate":0,"timestamp":1553541353,"path_taken":["M","M","?","M","?","E","?","E","T","M","$","R","E","M","R","BOSS","M","?","$","M","M","E","R","E","T","M","?","R","?","E","R","BOSS","M","?","$","?","$","R","E","M","T","M"],"build_version":"2019-01-23","purchased_purges":0,"victory":false,"max_hp_per_floor":[70,70,70,70,70,70,70,70,70,70,70,70,70,70,70,70,70,70,70,70,70,70,70,70,70,70,70,75,75,75,75,75,75,75,75,75,75,75,75,75,75,75,75,75],"card_choices":[{"not_picked":["Poisoned Stab","Underhanded Strike"],"picked":"Deadly Poison","floor":1},{"not_picked":["Skewer","PiercingWail"],"picked":"Dodge and Roll","floor":2},{"not_picked":["Predator","Dodge and Roll"],"picked":"Dash","floor":4},{"not_picked":["Deflect","Poisoned Stab"],"picked":"Cloak And Dagger","floor":6},{"not_picked":["Eviscerate","Terror"],"picked":"Malaise","floor":8},{"not_picked":["Endless Agony","Accuracy"],"picked":"Caltrops","floor":10},{"not_picked":["Prepared","Distraction"],"picked":"Dagger Throw","floor":13},{"not_picked":["Quick Slash","Blade Dance"],"picked":"Deflect","floor":14},{"not_picked":["Phantasmal Killer","Night Terror"],"picked":"Glass Knife","floor":16},{"not_picked":["Quick Slash","Skewer"],"picked":"Dodge and Roll","floor":18},{"not_picked":["Reflex","Dodge and Roll"],"picked":"Dagger Spray+1","floor":21},{"not_picked":["Bane","Deadly Poison","Flying Knee"],"picked":"SKIP","floor":22},{"not_picked":["Blade Dance+1","Quick Slash+1","Deadly Poison"],"picked":"SKIP","floor":23},{"not_picked":["Malaise","Dodge and Roll"],"picked":"Blur","floor":25},{"not_picked":["Deflect","Flying Knee+1"],"picked":"Catalyst","floor":27},{"not_picked":["Bane","Deflect"],"picked":"Footwork","floor":30},{"not_picked":["Terror","Cloak And Dagger"],"picked":"Infinite Blades","floor":31},{"not_picked":["Burst","Tools of the Trade"],"picked":"Malaise","floor":33},{"not_picked":["Masterful Stab+1","Outmaneuver"],"picked":"Setup+1","floor":35},{"not_picked":["Poisoned Stab+1","Endless Agony+1"],"picked":"Caltrops+1","floor":41},{"not_picked":["Dagger Throw","Dash","Deflect"],"picked":"SKIP","floor":42}],"player_experience":177830,"relics_obtained":[{"floor":6,"key":"Gremlin Horn"},{"floor":7,"key":"Blue Candle"},{"floor":8,"key":"PreservedInsect"},{"floor":9,"key":"Regal Pillow"},{"floor":13,"key":"Ancient Tea Set"},{"floor":23,"key":"Bottled Tornado"},{"floor":25,"key":"Blood Vial"},{"floor":26,"key":"Orichalcum"},{"floor":30,"key":"Red Mask"},{"floor":31,"key":"MawBank"},{"floor":38,"key":"Mummified Hand"},{"floor":41,"key":"Bottled Flame"},{"floor":43,"key":"Snake Skull"}],"event_choices":[{"damage_healed":0,"gold_gain":0,"player_choice":"Entered Light","damage_taken":14,"max_hp_gain":0,"max_hp_loss":0,"event_name":"Shining Light","floor":3,"gold_loss":0,"cards_upgraded":["Survivor","Deadly Poison"]},{"damage_healed":17,"gold_gain":0,"player_choice":"Healed","damage_taken":0,"max_hp_gain":0,"max_hp_loss":0,"event_name":"The Cleric","floor":5,"gold_loss":35},{"damage_healed":0,"gold_gain":0,"player_choice":"Shed Blood","damage_taken":18,"max_hp_gain":5,"max_hp_loss":0,"event_name":"Forgotten Altar","floor":28,"gold_loss":0},{"damage_healed":0,"gold_gain":0,"player_choice":"Fought Bandits","damage_taken":0,"max_hp_gain":0,"max_hp_loss":0,"event_name":"Masked Bandits","floor":30,"gold_loss":0},{"damage_healed":0,"gold_gain":0,"player_choice":"Got Potions","damage_taken":0,"max_hp_gain":0,"max_hp_loss":0,"event_name":"Lab","floor":36,"gold_loss":0}],"is_beta":false,"boss_relics":[{"not_picked":["WristBlade","White Beast Statue"],"picked":"Empty Cage"},{"not_picked":["Busted Crown","Tiny House"],"picked":"Astrolabe"}],"items_purged_floors":[],"is_endless":false,"potions_floor_spawned":[8,10,13,16,22,25,27,33,35,41],"killed_by":"Spire Growth","ascension_level":2}