{"gold_per_floor":[115,40,40,60,60,60,87,107,131,131,31,44,54,68,68,145,145,145,20,20,20,20,20,20,20,20,20,20,20,20,20,20,20,20,20,20,20,20,20,20,20,20],"floor_reached":42,"playtime":3160,"items_purged":["Strike_G","Strike_G","Strike_G"],"score":958,"play_id":"19887b3f-469b-4796-a1d8-6443b04bc433","local_time":"20190203193232","is_ascension_mode":true,"campfire_choices":[{"data":"Noxious Fumes","floor":10.0,"key":"SMITH"},{"data":"Footwork","floor":15.0,"key":"SMITH"},{"data":"A Thousand Cuts","floor":27.0,"key":"SMITH"},{"data":"Footwork","floor":29.0,"key":"SMITH"},{"floor":32.0,"key":"REST"},{"floor":40.0,"key":"REST"}],"neow_cost":"NONE","seed_source_timestamp":1735057842127619,"circlet_count":0,"master_deck":["AscendersBane","Defend_G","Defend_G","Defend_G","Defend_G","Defend_G","Strike_G","Survivor","Neutralize","Backflip","Backstab","Dagger Spray","After Image","Noxious Fumes+1","Cloak And Dagger","Footwork+1","A Thousand Cuts+1","PiercingWail+1","Cloak And Dagger","Footwork+1","Deflect","Dash+1","Adrenaline","Leg Sweep"],"special_seed":0,"relics":["Ring of the Snake","NeowsBlessing","Pen Nib","Anchor","Ectoplasm","Molten Egg 2","White Beast Statue","Frozen Egg 2"],"potions_floor_usage":[42],"damage_taken":[{"damage":0.0,"enemies":"Small Slimes","floor":1.0,"turns":1.0},{"damage":0.0,"enemies":"Cultist","floor":4.0,"turns":1.0},{"damage":0.0,"enemies":"Gremlin Nob","floor":7.0,"turns":1.0},{"damage":1.0,"enemies":"Jaw Worm","floor":8.0,"turns":6.0},{"damage":14.0,"enemies":"Large Slime","floor":12.0,"turns":7.0},{"damage":0.0,"enemies":"Gremlin Gang","floor":13.0,"turns":4.0},{"damage":0.0,"enemies":"Red Slaver","floor":14.0,"turns":4.0},{"damage":12.0,"enemies":"Hexaghost","floor":16.0,"turns":10.0},{"damage":5.0,"enemies":"Spheric Guardian","floor":18.0,"turns":6.0},{"damage":7.0,"enemies":"Chosen","floor":23.0,"turns":7.0},{"damage":0.0,"enemies":"Shelled Parasite and Fungi","floor":24.0,"turns":8.0},{"damage":1.0,"enemies":"Sentry and Sphere","floor":25.0,"turns":11.0},{"damage":4.0,"enemies":"Centurion and Healer","floor":28.0,"turns":8.0},{"damage":0.0,"enemies":"Snake Plant","floor":30.0,"turns":6.0},{"damage":0.0,"enemies":"3 Cultists","floor":31.0,"turns":5.0},{"damage":0.0,"enemies":"Collector","floor":33.0,"turns":10.0},{"damage":3.0,"enemies":"3 Darklings","floor":35.0,"turns":4.0},{"damage":6.0,"enemies":"Orb Walker","floor":37.0,"turns":6.0},{"damage":8.0,"enemies":"Sphere and 2 Shapes","floor":38.0,"turns":6.0},{"damage":53.0,"enemies":"Transient","floor":41.0,"turns":6.0},{"damage":22,"enemies":"Spire Growth","floor":42,"turns":2}],"seed_played":"-516301608159198876","potions_obtained":[{"floor":4.0,"key":"LiquidBronze"},{"floor":7.0,"key":"PowerPotion"},{"floor":16.0,"key":"SkillPotion"},{"floor":24.0,"key":"Strength Potion"},{"floor":25.0,"key":"Fire Potion"},{"floor":33.0,"key":"SkillPotion"},{"floor":35.0,"key":"PowerPotion"},{"floor":37.0,"key":"PowerPotion"},{"floor":38.0,"key":"SteroidPotion"},{"floor":41.0,"key":"Strength Potion"}],"is_trial":false,"path_per_floor":["M","$","?","M","?","?","E","M","T","R","$","M","M","M","R","B",null,"M","$","?","$","?","M","M","M","T","R","M","R","M","M","R","B",null,"M","$","M","M","?","R","M","M"],"character_chosen":"THE_SILENT","items_purchased":[],"campfire_rested":2,"item_purchase_floors":[],"current_hp_per_floor":[59,59,59,59,59,55,55,54,54,54,54,40,40,40,40,28,57,52,52,52,52,43,36,36,35,35,35,31,31,31,31,50,50,62,59,59,53,45,45,64,11,0],"gold":20,"neow_bonus":"THREE_ENEMY_KILL","is_prod":false,"is_daily":false,"chose_seed":false,"campfire_upgraded":4,"win_rate":0,"timestamp":1549243952,"path_taken":["M","$","?","?","?","?","E","M","T","R","$","?","M","M","R","BOSS","M","$","?","?","?","M","M","M","T","R","M","R","M","M","R","BOSS","M","$","?","?","?","R","M","?"],"build_version":"2019-01-23","purchased_purges":3,"victory":false,"max_hp_per_floor":[66,66,66,66,66,66,66,66,66,66,66,66,66,66,66,66,66,66,66,66,66,66,66,66,66,66,66,66,66,66,66,66,66,66,66,66,66,66,66,66,66,66],"card_choices":[{"not_picked":["Quick Slash","Riddle With Holes"],"picked":"Backflip","floor":1.0},{"not_picked":["Deadly Poison","Infinite Blades"],"picked":"Dagger Spray","floor":4.0},{"not_picked":["Prepared","Expertise"],"picked":"After Image","floor":7.0},{"not_picked":["Quick Slash","Setup"],"picked":"Noxious Fumes","floor":8.0},{"not_picked":["Bane","Prepared"],"picked":"Cloak And Dagger","floor":12.0},{"not_picked":["Underhanded Strike","Dodge and Roll"],"picked":"Footwork","floor":13.0},{"not_picked":["Quick Slash","Poisoned Stab","Deadly Poison"],"picked":"SKIP","floor":14.0},{"not_picked":["Night Terror","Corpse Explosion"],"picked":"A Thousand Cuts","floor":16.0},{"not_picked":["Deadly Poison","Poisoned Stab"],"picked":"PiercingWail+1","floor":18.0},{"not_picked":["Underhanded Strike","Flying Knee"],"picked":"Cloak And Dagger","floor":23.0},{"not_picked":["Heel Hook+1","Underhanded Strike","Quick Slash"],"picked":"SKIP","floor":24.0},{"not_picked":["Backstab","Reflex+1"],"picked":"Footwork","floor":25.0},{"not_picked":["Finisher+1","Outmaneuver"],"picked":"Deflect","floor":28.0},{"not_picked":["Venomology","Outmaneuver"],"picked":"Dash+1","floor":30.0},{"not_picked":["Flying Knee+1","Outmaneuver","Deadly Poison"],"picked":"SKIP","floor":31.0},{"not_picked":["Burst","Tools of the Trade"],"picked":"Adrenaline","floor":33.0},{"not_picked":["Dagger Spray+1","Outmaneuver"],"picked":"Leg Sweep","floor":35.0},{"not_picked":["Finisher+1","Prepared","Flying Knee+1"],"picked":"SKIP","floor":37.0},{"not_picked":["Blade Dance","Endless Agony+1","Outmaneuver"],"picked":"SKIP","floor":38.0},{"not_picked":["Escape Plan","Masterful Stab+1","Backflip"],"picked":"SKIP","floor":41.0}],"player_experience":704375,"relics_obtained":[{"floor":7.0,"key":"Pen Nib"},{"floor":9.0,"key":"Anchor"},{"floor":26.0,"key":"Molten Egg 2"}],"event_choices":[{"damage_healed":0.0,"max_hp_gain":0.0,"max_hp_loss":0.0,"gold_gain":0.0,"cards_transformed":["Strike_G"],"event_name":"Transmorgrifier","player_choice":"Transformed","floor":3.0,"gold_loss":0.0,"damage_taken":0.0,"cards_obtained":["Backstab"]},{"damage_healed":0.0,"max_hp_gain":0.0,"max_hp_loss":0.0,"gold_gain":0.0,"event_name":"The Cleric","player_choice":"Leave","floor":5.0,"gold_loss":0.0,"damage_taken":0.0},{"damage_healed":0.0,"max_hp_gain":0.0,"max_hp_loss":0.0,"gold_gain":0.0,"event_name":"The Woman in Blue","player_choice":"Bought 0 Potions","floor":6.0,"gold_loss":0.0,"damage_taken":0.0},{"damage_healed":0.0,"max_hp_gain":0.0,"max_hp_loss":0.0,"gold_gain":0.0,"event_name":"FaceTrader","player_choice":"Leave","floor":20.0,"gold_loss":0.0,"damage_taken":0.0},{"damage_healed":0.0,"max_hp_gain":0.0,"max_hp_loss":0.0,"gold_gain":0.0,"event_name":"Wheel of Change","player_choice":"Damaged","floor":22.0,"gold_loss":0.0,"damage_taken":9.0},{"damage_healed":0.0,"max_hp_gain":0.0,"max_hp_loss":0.0,"gold_gain":0.0,"event_name":"WeMeetAgain","player_choice":"Gave Potion","floor":39.0,"gold_loss":0.0,"damage_taken":0.0,"relics_obtained":["Frozen Egg 2"]}],"is_beta":false,"boss_relics":[{"not_picked":["Eternal Feather","Calling Bell"],"picked":"Ectoplasm"},{"not_picked":["Pandora\u0027s Box","Astrolabe"],"picked":"White Beast Statue"}],"items_purged_floors":[2,11,19],"is_endless":false,"potions_floor_spawned":[4,7,14,16,24,25,30,33,35,37,38,41],"killed_by":"Spire Growth","ascension_level":20}