{"gold_per_floor":[113,131,141,141,221,237,237,412,437,437,450,66,84,102,102,203,203,213,213,228,178,178,195,42,42,67,67,67,96,96,109,109,213,213,233,252,252,252,54,67,67,79,157,157,157,172,172,172,172,172],"floor_reached":50,"playtime":3025,"items_purged":["Doubt"],"score":477,"play_id":"a1e84707-0723-451f-84dd-495595c69135","local_time":"20181111171858","is_ascension_mode":false,"campfire_choices":[{"data":"Zap","floor":7,"key":"SMITH"},{"data":"Conserve Battery","floor":10,"key":"SMITH"},{"data":"Apotheosis","floor":15,"key":"SMITH"},{"data":"White Noise","floor":25,"key":"SMITH"},{"floor":28,"key":"REST"},{"floor":32,"key":"REST"},{"data":"Fission","floor":41,"key":"SMITH"},{"data":"Hologram","floor":47,"key":"SMITH"},{"data":"Beam Cell","floor":49,"key":"SMITH"}],"neow_cost":"NONE","seed_source_timestamp":4059011803819879,"circlet_count":0,"master_deck":["Zap+1","Dualcast","Conserve Battery+1","FTL","Doom and Gloom","Beam Cell+1","Beam Cell","Apotheosis+1","Glacier","Dramatic Entrance","White Noise+1","Hello World","Multi-Cast","Sweeping Beam","Redo","Coolheaded","Steam","Coolheaded","Ball Lightning","Recycle","Fusion","Capacitor","Turbo","Aggregate","Meteor Strike","Turbo","All For One","Darkness+1","Fission+1","Hologram+1","Fusion+1","Writhe","Fission+1","Hologram+1","Parasite","Aggregate+1","Conserve Battery+1"],"relics":["Cracked Core","War Paint","Pandora\u0027s Box","Juzu Bracelet","Bag of Marbles","Coffee Dripper","DollysMirror","The Courier"],"potions_floor_usage":[18,23,23,35,50,50,50],"damage_taken":[{"damage":0,"enemies":"Cultist","floor":1,"turns":3},{"damage":0,"enemies":"Small Slimes","floor":2,"turns":2},{"damage":1,"enemies":"Jaw Worm","floor":3,"turns":3},{"damage":19,"enemies":"Large Slime","floor":6,"turns":5},{"damage":2,"enemies":"Blue Slaver","floor":11,"turns":3},{"damage":0,"enemies":"3 Louse","floor":13,"turns":2},{"damage":3,"enemies":"Exordium Wildlife","floor":14,"turns":2},{"damage":17,"enemies":"The Guardian","floor":16,"turns":15},{"damage":5,"enemies":"3 Byrds","floor":18,"turns":3},{"damage":18,"enemies":"2 Thieves","floor":20,"turns":3},{"damage":21,"enemies":"Snake Plant","floor":23,"turns":6},{"damage":32,"enemies":"Slavers","floor":29,"turns":3},{"damage":20,"enemies":"Colosseum Slavers","floor":30,"turns":2},{"damage":19,"enemies":"Sentry and Sphere","floor":31,"turns":5},{"damage":16,"enemies":"Champ","floor":33,"turns":8},{"damage":13,"enemies":"3 Shapes","floor":35,"turns":3},{"damage":10,"enemies":"Orb Walker","floor":36,"turns":3},{"damage":55,"enemies":"Jaw Worm Horde","floor":40,"turns":4},{"damage":26,"enemies":"Writhing Mass","floor":42,"turns":4},{"damage":37,"enemies":"Transient","floor":46,"turns":5},{"damage":88,"enemies":"Awakened One","floor":50,"turns":5}],"seed_played":"5909815724464605462","potions_obtained":[{"floor":1,"key":"Explosive Potion"},{"floor":11,"key":"Regen Potion"},{"floor":13,"key":"Regen Potion"},{"floor":14,"key":"Energy Potion"},{"floor":23,"key":"Strength Potion"},{"floor":29,"key":"FairyPotion"},{"floor":33,"key":"SteroidPotion"},{"floor":40,"key":"Ancient Potion"},{"floor":46,"key":"Ancient Potion"}],"is_trial":false,"path_per_floor":["M","M","M","?","?","M","R","?","T","R","M","$","M","M","R","B",null,"M","?","M","$","?","M","$","R","T","?","R","E","?","M","R","B",null,"M","M","?","?","$","M","R","M","T","?","?","M","R","?","R","B"],"character_chosen":"DEFECT","items_purchased":["Apotheosis","Glacier","Dramatic Entrance","Turbo","Meteor Strike","DollysMirror"],"campfire_rested":2,"item_purchase_floors":[12,12,12,21,24,39],"current_hp_per_floor":[75,75,74,79,79,60,60,60,60,60,58,58,58,55,55,38,80,75,60,42,42,42,61,61,61,61,61,85,53,33,14,39,23,85,72,62,67,85,85,30,30,4,4,4,4,8,8,74,74,0],"gold":172,"neow_bonus":"THREE_CARDS","is_prod":false,"is_daily":false,"chose_seed":false,"campfire_upgraded":7,"win_rate":0,"timestamp":1541956738,"path_taken":["M","?","M","?","?","M","R","?","T","R","?","$","M","M","R","BOSS","M","?","M","$","?","M","$","R","T","?","R","E","?","M","R","BOSS","M","M","?","?","$","M","R","M","T","?","?","M","R","?","R","BOSS"],"build_version":"2018-11-08","purchased_purges":1,"victory":false,"max_hp_per_floor":[75,75,75,80,80,80,80,80,80,80,80,80,80,80,80,80,80,80,85,85,85,85,85,85,85,85,85,85,85,85,85,85,85,85,85,85,85,85,85,85,85,85,85,85,85,85,85,74,74,74],"card_choices":[{"not_picked":["Ball Lightning","Beam Cell"],"picked":"Conserve Battery","floor":0},{"not_picked":["Coolheaded","Skim"],"picked":"FTL","floor":1},{"not_picked":["Beam Cell","Steam"],"picked":"Sweeping Beam","floor":2},{"not_picked":["Stack","Beam Cell"],"picked":"Doom and Gloom","floor":3},{"not_picked":["Leap","Rebound"],"picked":"Beam Cell","floor":6},{"not_picked":["Leap","Biased Cognition"],"picked":"Beam Cell","floor":11},{"not_picked":["Hologram","Go for the Eyes"],"picked":"White Noise","floor":13},{"not_picked":["Ball Lightning","Redo"],"picked":"Hello World","floor":14},{"not_picked":["Reboot","Thunder Strike"],"picked":"Multi-Cast","floor":16},{"not_picked":["Gash","Leap"],"picked":"Fusion","floor":18},{"not_picked":["Darkness+1","Sweeping Beam"],"picked":"Capacitor","floor":20},{"not_picked":["White Noise","Hologram"],"picked":"Aggregate","floor":23},{"not_picked":["Hello World","Coolheaded+1"],"picked":"All For One","floor":29},{"not_picked":["Turbo","Go for the Eyes"],"picked":"Darkness+1","floor":31},{"not_picked":["Echo Form","Amplify"],"picked":"Fission","floor":33},{"not_picked":["Hello World+1","Genetic Algorithm+1"],"picked":"Hologram","floor":35},{"not_picked":["Recycle","FTL+1"],"picked":"Fusion+1","floor":36},{"not_picked":["Rebound+1","FTL+1"],"picked":"Hologram+1","floor":40},{"not_picked":["Hologram","Force Field+1"],"picked":"Aggregate+1","floor":42},{"not_picked":["Auto Shields+1","Barrage+1"],"picked":"Conserve Battery+1","floor":46}],"player_experience":706577,"relics_obtained":[{"floor":9,"key":"War Paint"},{"floor":26,"key":"Juzu Bracelet"},{"floor":29,"key":"Bag of Marbles"},{"floor":43,"key":"The Courier"}],"event_choices":[{"damage_healed":0,"gold_gain":0,"player_choice":"Donut","damage_taken":0,"max_hp_gain":5,"max_hp_loss":0,"event_name":"Big Fish","floor":4,"gold_loss":0},{"damage_healed":0,"gold_gain":80,"player_choice":"Gained Gold","damage_taken":0,"max_hp_gain":0,"max_hp_loss":0,"event_name":"Golden Wing","floor":5,"gold_loss":0},{"damage_healed":0,"gold_gain":175,"player_choice":"AGREE","damage_taken":0,"max_hp_gain":0,"max_hp_loss":0,"event_name":"Liars Game","floor":8,"gold_loss":0,"cards_obtained":["Doubt"]},{"damage_healed":0,"gold_gain":0,"player_choice":"Shed Blood","damage_taken":20,"max_hp_gain":5,"max_hp_loss":0,"event_name":"Forgotten Altar","floor":19,"gold_loss":0},{"damage_healed":0,"gold_gain":0,"player_choice":"Simplicity","damage_taken":0,"max_hp_gain":0,"max_hp_loss":0,"event_name":"Back to Basics","floor":22,"gold_loss":0,"cards_upgraded":[]},{"damage_healed":0,"gold_gain":0,"player_choice":"Read","damage_taken":0,"max_hp_gain":0,"max_hp_loss":0,"event_name":"The Library","floor":27,"gold_loss":0,"cards_obtained":["Turbo"]},{"damage_healed":0,"gold_gain":0,"player_choice":"Fight","damage_taken":0,"max_hp_gain":0,"max_hp_loss":0,"event_name":"Colosseum","floor":30,"gold_loss":0},{"damage_healed":0,"gold_gain":0,"player_choice":"Fled From Nobs","damage_taken":0,"max_hp_gain":0,"max_hp_loss":0,"event_name":"Colosseum","floor":30,"gold_loss":0},{"cards_removed":["Steam"],"damage_healed":5,"gold_gain":0,"player_choice":"Offered Common","damage_taken":0,"max_hp_gain":0,"max_hp_loss":0,"event_name":"Bonfire Elementals","floor":37,"gold_loss":0},{"cards_removed":["Steam"],"damage_healed":5,"gold_gain":0,"player_choice":"Offered Special","damage_taken":0,"max_hp_gain":0,"max_hp_loss":0,"event_name":"Bonfire Elementals","floor":37,"gold_loss":0},{"damage_healed":21,"gold_gain":0,"player_choice":"Writhe","damage_taken":0,"max_hp_gain":0,"max_hp_loss":0,"event_name":"Winding Halls","floor":38,"gold_loss":0,"cards_obtained":["Writhe"]},{"cards_removed":["Sweeping Beam"],"damage_healed":0,"gold_gain":0,"player_choice":"Removed Attack","damage_taken":0,"max_hp_gain":0,"max_hp_loss":0,"event_name":"Falling","floor":44,"gold_loss":0},{"damage_healed":0,"gold_gain":0,"player_choice":"Upgraded","damage_taken":0,"max_hp_gain":0,"max_hp_loss":0,"event_name":"Upgrade Shrine","floor":45,"gold_loss":0,"cards_upgraded":["Fission"]},{"damage_healed":74,"gold_gain":0,"player_choice":"Heal","damage_taken":0,"max_hp_gain":0,"max_hp_loss":11,"event_name":"The Moai Head","floor":48,"gold_loss":0}],"is_beta":false,"boss_relics":[{"not_picked":["Black Star","Velvet Choker"],"picked":"Pandora\u0027s Box"},{"not_picked":["White Beast Statue","Cursed Key"],"picked":"Coffee Dripper"}],"items_purged_floors":[12],"is_endless":false,"potions_floor_spawned":[1,11,13,14,23,29,33,40,42,46],"killed_by":"Awakened One","ascension_level":0}