{"gold_per_floor":[119,119,131,306,34,65,81,81,81,92,92,110,110,120,120,225,225,239,239,224,224,244,244,49,49,49,62,62,79,79,89,89,89],"floor_reached":33,"playtime":1864,"items_purged":["Doubt"],"score":274,"play_id":"f4a1a595-095a-46a3-9615-4d233d2f36bc","local_time":"20181206014122","is_ascension_mode":false,"campfire_choices":[{"data":"Outmaneuver","floor":11,"key":"SMITH"},{"data":"Poisoned Stab","floor":13,"key":"SMITH"},{"data":"Conserve Battery","floor":15,"key":"SMITH"},{"floor":23,"key":"REST"},{"floor":32,"key":"REST"}],"neow_cost":"NONE","seed_source_timestamp":539739177457595,"circlet_count":0,"master_deck":["Strike_R","Strike_R+1","Strike_R","Strike_R","Strike_R","Defend_R+1","Defend_R","Defend_R","Defend_R","Bash","Clash","Metallicize","Outmaneuver+1","Thunderclap","Flame Barrier","Poisoned Stab+1","Conserve Battery+1","A Thousand Cuts","Streamline","Storm","Poisoned Stab","Thunderclap","Footwork","Steam","HandOfGreed","Dash","Feel No Pain","Warcry","Seeing Red","Feel No Pain+1","Cold Snap","Writhe","Backflip"],"relics":["Burning Blood","PrismaticShard","Ornamental Fan","Darkstone Periapt","Orrery","Sundial","Molten Egg 2"],"potions_floor_usage":[16,22,33],"damage_taken":[{"damage":8,"enemies":"Small Slimes","floor":1,"turns":3},{"damage":3,"enemies":"Jaw Worm","floor":3,"turns":4},{"damage":17,"enemies":"3 Sentries","floor":6,"turns":10},{"damage":4,"enemies":"2 Louse","floor":7,"turns":2},{"damage":8,"enemies":"Red Slaver","floor":10,"turns":2},{"damage":2,"enemies":"Looter","floor":12,"turns":4},{"damage":6,"enemies":"2 Fungi Beasts","floor":14,"turns":3},{"damage":61,"enemies":"Hexaghost","floor":16,"turns":15},{"damage":14,"enemies":"Spheric Guardian","floor":18,"turns":7},{"damage":20,"enemies":"2 Thieves","floor":20,"turns":4},{"damage":42,"enemies":"Chosen and Byrds","floor":22,"turns":10},{"damage":3,"enemies":"Cultist and Chosen","floor":27,"turns":10},{"damage":20,"enemies":"Shelled Parasite and Fungi","floor":29,"turns":7},{"damage":29,"enemies":"Chosen and Byrds","floor":31,"turns":7},{"damage":50,"enemies":"Champ","floor":33,"turns":7}],"seed_played":"-4060539981349405119","potions_obtained":[{"floor":1,"key":"SpeedPotion"},{"floor":10,"key":"Fruit Juice"},{"floor":14,"key":"SteroidPotion"},{"floor":16,"key":"Energy Potion"},{"floor":27,"key":"Poison Potion"}],"is_trial":false,"path_per_floor":["M","?","M","?","$","E","M","?","T","M","R","M","R","M","R","B",null,"M","?","M","?","M","R","$","?","T","M","?","M","?","M","R","B"],"character_chosen":"IRONCLAD","items_purchased":["PrismaticShard","Feel No Pain","Warcry","Seeing Red"],"campfire_rested":2,"item_purchase_floors":[5,24,24,24],"current_hp_per_floor":[78,62,65,65,65,54,56,61,61,59,59,63,63,63,63,13,85,77,61,47,47,11,38,38,38,38,41,41,27,33,10,38,0],"gold":89,"neow_bonus":"THREE_CARDS","is_prod":false,"is_daily":false,"chose_seed":false,"campfire_upgraded":3,"win_rate":0,"timestamp":1544060482,"path_taken":["M","?","M","?","$","E","M","?","T","M","R","?","R","M","R","BOSS","M","?","M","?","M","R","$","?","T","M","?","?","?","M","R","BOSS"],"build_version":"2018-11-15","purchased_purges":1,"victory":false,"max_hp_per_floor":[80,80,80,80,80,80,80,80,80,80,80,80,80,80,80,85,85,85,90,90,90,90,90,90,90,90,90,90,90,96,96,96,96],"card_choices":[{"not_picked":["Headbutt","Heavy Blade"],"picked":"Clash","floor":0},{"not_picked":["Flame Barrier","Shrug It Off"],"picked":"Metallicize","floor":1},{"not_picked":["Heavy Blade","Cleave"],"picked":"Anger","floor":3},{"not_picked":["Intimidate","PiercingWail"],"picked":"Outmaneuver","floor":6},{"not_picked":["Heavy Blade","Streamline"],"picked":"Thunderclap","floor":7},{"not_picked":["Heatsinks","Flying Knee"],"picked":"Flame Barrier","floor":10},{"not_picked":["Iron Wave","Steam Power"],"picked":"Poisoned Stab","floor":12},{"not_picked":["Intimidate","Pummel"],"picked":"Conserve Battery","floor":14},{"not_picked":["Brutality","Venomology"],"picked":"A Thousand Cuts","floor":16},{"not_picked":["Reflex","Body Slam"],"picked":"Streamline","floor":17},{"not_picked":["Finesse","Bouncing Flask"],"picked":"Storm","floor":17},{"not_picked":["Lockon","PiercingWail"],"picked":"Poisoned Stab","floor":17},{"not_picked":["Corruption","True Grit"],"picked":"Thunderclap","floor":17},{"not_picked":["Trip","Sucker Punch"],"picked":"Footwork","floor":17},{"not_picked":["Havoc+1","Dagger Throw"],"picked":"Steam","floor":18},{"not_picked":["Purity","Expertise"],"picked":"HandOfGreed","floor":20},{"not_picked":["Dropkick+1","Dodge and Roll"],"picked":"Dash","floor":22},{"not_picked":["Anger","Deadly Poison+1"],"picked":"Feel No Pain+1","floor":27},{"not_picked":["Bloodletting","Go for the Eyes+1"],"picked":"Cold Snap","floor":29},{"not_picked":["Anger+1","Rampage+1"],"picked":"Backflip","floor":31}],"player_experience":784744,"relics_obtained":[{"floor":6,"key":"Ornamental Fan"},{"floor":9,"key":"Darkstone Periapt"},{"floor":26,"key":"Sundial"}],"event_choices":[{"damage_healed":0,"gold_gain":0,"player_choice":"Entered Light","damage_taken":16,"max_hp_gain":0,"max_hp_loss":0,"event_name":"Shining Light","floor":2,"gold_loss":0,"cards_upgraded":["Strike_R","Defend_R"]},{"damage_healed":0,"gold_gain":175,"player_choice":"AGREE","damage_taken":0,"max_hp_gain":0,"max_hp_loss":0,"event_name":"Liars Game","floor":4,"gold_loss":0,"cards_obtained":["Doubt"]},{"cards_removed":["Anger"],"damage_healed":5,"gold_gain":0,"player_choice":"Offered Common","damage_taken":0,"max_hp_gain":0,"max_hp_loss":0,"event_name":"Bonfire Elementals","floor":8,"gold_loss":0},{"cards_removed":["Anger"],"damage_healed":5,"gold_gain":0,"player_choice":"Offered Special","damage_taken":0,"max_hp_gain":0,"max_hp_loss":0,"event_name":"Bonfire Elementals","floor":8,"gold_loss":0},{"damage_healed":0,"gold_gain":0,"player_choice":"Shed Blood","damage_taken":21,"max_hp_gain":5,"max_hp_loss":0,"event_name":"Forgotten Altar","floor":19,"gold_loss":0},{"damage_healed":0,"gold_gain":0,"player_choice":"Ignored","damage_taken":0,"max_hp_gain":0,"max_hp_loss":0,"event_name":"Vampires","floor":21,"gold_loss":0},{"damage_healed":0,"gold_gain":0,"player_choice":"Ignored","damage_taken":0,"max_hp_gain":0,"max_hp_loss":0,"event_name":"Purifier","floor":28,"gold_loss":0},{"damage_healed":0,"gold_gain":0,"player_choice":"Opened","damage_taken":0,"relics_obtained":["Molten Egg 2"],"max_hp_gain":0,"max_hp_loss":0,"event_name":"The Mausoleum","floor":30,"gold_loss":0,"cards_obtained":["Writhe"]}],"is_beta":false,"boss_relics":[{"not_picked":["Philosopher\u0027s Stone","Astrolabe"],"picked":"Orrery"}],"items_purged_floors":[5],"is_endless":false,"potions_floor_spawned":[1,10,14,16,27,31],"killed_by":"Champ","ascension_level":0}