{"gold_per_floor":[118,293,293,308,320,320,334,349,349,349,368,61,71,71,71,168,168,178,198,26,39,39,39,70,90,140,18,18,36,10,0,0,96,96,115,115,115,129,144,144,144,12,12,12,24,24,49,1,1,1],"floor_reached":50,"playtime":3702,"items_purged":["Doubt","Doubt"],"score":557,"play_id":"d00821ff-d06c-4d16-b095-496963fe13d8","local_time":"20180809014636","is_ascension_mode":true,"campfire_choices":[{"data":"Cloak And Dagger","floor":6,"key":"SMITH"},{"data":"Envenom","floor":10,"key":"SMITH"},{"floor":15,"key":"REST"},{"data":"After Image","floor":23,"key":"SMITH"},{"data":"Terror","floor":28,"key":"SMITH"},{"data":"Noxious Fumes","floor":32,"key":"SMITH"},{"data":"Noxious Fumes","floor":40,"key":"SMITH"},{"data":"Accuracy","floor":44,"key":"SMITH"},{"data":"Sucker Punch","floor":49,"key":"SMITH"}],"neow_cost":"NONE","seed_source_timestamp":3467343059348436,"circlet_count":0,"master_deck":["Defend_G","Defend_G","Defend_G","Defend_G","Strike_G","Strike_G","Strike_G","Strike_G","Strike_G","Survivor","Neutralize","Cloak And Dagger+1","Riddle With Holes","Catalyst+1","Envenom+1","Slice","Sucker Punch+1","Noxious Fumes+1","Crippling Poison+1","Sucker Punch","After Image+1","Blade Dance+1","Dagger Spray","Bandage Up","Deadly Poison","Backstab","Terror+1","Deadly Poison","Backflip","Outmaneuver","Doppelganger","Bane","Catalyst+1","Bane+1","Noxious Fumes+1","Accuracy+1","Deadly Poison+1","Catalyst+1"],"relics":["Ring of the Snake","NeowsBlessing","Letter Opener","Ancient Tea Set","Cursed Key","Shuriken","Snake Skull","Coffee Dripper","Blue Candle"],"potions_floor_usage":[18,18,33,33,33,47,50,50,50],"damage_taken":[{"damage":0,"enemies":"2 Louse","floor":1,"turns":1},{"damage":0,"enemies":"Jaw Worm","floor":4,"turns":1},{"damage":0,"enemies":"Small Slimes","floor":5,"turns":1},{"damage":2,"enemies":"Looter","floor":7,"turns":3},{"damage":16,"enemies":"Large Slime","floor":8,"turns":7},{"damage":10,"enemies":"Gremlin Gang","floor":11,"turns":6},{"damage":4,"enemies":"Looter","floor":13,"turns":4},{"damage":51,"enemies":"Hexaghost","floor":16,"turns":10},{"damage":3,"enemies":"2 Thieves","floor":18,"turns":5},{"damage":24,"enemies":"Spheric Guardian","floor":19,"turns":6},{"damage":2,"enemies":"Chosen and Byrds","floor":21,"turns":5},{"damage":13,"enemies":"Book of Stabbing","floor":24,"turns":5},{"damage":3,"enemies":"Cultist and Chosen","floor":25,"turns":4},{"damage":1,"enemies":"3 Cultists","floor":29,"turns":3},{"damage":23,"enemies":"Automaton","floor":33,"turns":9},{"damage":1,"enemies":"3 Darklings","floor":35,"turns":3},{"damage":22,"enemies":"Flame Bruiser 1 Orb","floor":38,"turns":5},{"damage":1,"enemies":"3 Darklings","floor":39,"turns":3},{"damage":0,"enemies":"Spire Growth","floor":45,"turns":4},{"damage":28,"enemies":"Nemesis","floor":47,"turns":5},{"damage":55,"enemies":"Awakened One","floor":50,"turns":5}],"seed_played":"8526752645039033735","potions_obtained":[{"floor":4,"key":"Ancient Potion"},{"floor":11,"key":"Explosive Potion"},{"floor":13,"key":"Dexterity Potion"},{"floor":19,"key":"GhostInAJar"},{"floor":25,"key":"PowerPotion"},{"floor":33,"key":"SkillPotion"},{"floor":35,"key":"SpeedPotion"},{"floor":38,"key":"FearPotion"}],"is_trial":false,"path_per_floor":["M","?","?","M","M","R","M","M","T","R","M","$","M","?","R","B",null,"M","M","$","M","?","R","E","M","T","$","R","M","$","?","R","B",null,"M","?","?","M","M","R","?","$","T","R","M","?","E","$","R"],"character_chosen":"THE_SILENT","items_purchased":["Ancient Tea Set","Noxious Fumes","Crippling Poison","Bandage Up","Deadly Poison","Outmaneuver","Accuracy","PowerPotion","PowerPotion"],"campfire_rested":1,"item_purchase_floors":[12,12,12,20,27,30,42,42,48],"current_hp_per_floor":[70,70,75,75,75,75,73,57,57,57,47,47,43,43,65,14,75,72,48,48,50,50,50,41,42,42,42,42,41,41,41,41,22,75,74,74,74,53,52,52,52,52,52,52,56,75,51,51,51,0],"gold":1,"neow_bonus":"THREE_ENEMY_KILL","is_prod":false,"is_daily":false,"chose_seed":false,"campfire_upgraded":8,"win_rate":0,"timestamp":1533775596,"path_taken":["M","?","?","M","M","R","M","M","T","R","?","$","M","?","R","BOSS","M","M","$","M","?","R","E","M","T","$","R","M","$","?","R","BOSS","M","?","?","M","M","R","?","$","T","R","M","?","E","?","R","BOSS"],"build_version":"2018-08-02","purchased_purges":2,"victory":false,"max_hp_per_floor":[70,70,75,75,75,75,75,75,75,75,75,75,75,75,75,75,75,75,75,75,75,75,75,75,75,75,75,75,75,75,75,75,75,75,75,75,75,75,75,75,75,75,75,75,75,75,75,75,75,75],"card_choices":[{"not_picked":["Sucker Punch","Blade Dance"],"picked":"Cloak And Dagger","floor":1},{"not_picked":["Bane","Prepared"],"picked":"Riddle With Holes","floor":4},{"not_picked":["Deflect","Prepared"],"picked":"Catalyst","floor":5},{"not_picked":["Predator","Dagger Throw"],"picked":"Envenom","floor":7},{"not_picked":["Prepared","Leg Sweep"],"picked":"Slice","floor":8},{"not_picked":["Dodge and Roll","Dash"],"picked":"Sucker Punch","floor":11},{"not_picked":["Skewer","PiercingWail"],"picked":"Sucker Punch","floor":13},{"not_picked":["Die Die Die","Storm of Steel"],"picked":"After Image","floor":16},{"not_picked":["Masterful Stab+1","Skewer"],"picked":"Blade Dance+1","floor":18},{"not_picked":["Tactician+1","Sucker Punch"],"picked":"Dagger Spray","floor":19},{"not_picked":["Dagger Throw+1","Cloak And Dagger"],"picked":"Deadly Poison","floor":21},{"not_picked":["Predator+1","Poisoned Stab"],"picked":"Backstab","floor":24},{"not_picked":["Dagger Spray","Dodge and Roll"],"picked":"Terror","floor":25},{"not_picked":["Slice","Storm of Steel"],"picked":"Backflip","floor":29},{"not_picked":["Bullet Time","Glass Knife"],"picked":"Doppelganger","floor":33},{"not_picked":["Backflip+1","Reflex+1"],"picked":"Bane","floor":35},{"not_picked":["Dagger Spray+1","Outmaneuver"],"picked":"Bane+1","floor":38},{"not_picked":["Leg Sweep","Sucker Punch"],"picked":"Noxious Fumes","floor":39},{"not_picked":["PiercingWail+1","Dagger Throw"],"picked":"Deadly Poison+1","floor":45},{"not_picked":["Backflip+1","Phantasmal Killer"],"picked":"Catalyst+1","floor":47}],"player_experience":315833,"relics_obtained":[{"floor":9,"key":"Letter Opener"},{"floor":24,"key":"Shuriken"},{"floor":26,"key":"Snake Skull"},{"floor":47,"key":"Blue Candle"}],"event_choices":[{"event_name":"Liars Game","player_choice":"agreed","floor":2,"damage_taken":0},{"event_name":"Big Fish","player_choice":"Donut","floor":3,"damage_taken":0},{"event_name":"Accursed Blacksmith","player_choice":"Forge","floor":14,"damage_taken":0},{"event_name":"Beggar","player_choice":"Ignored","floor":22,"damage_taken":0},{"event_name":"Masked Bandits","player_choice":"Paid Bandits 10 gold","floor":31,"damage_taken":0},{"event_name":"Upgrade Shrine","player_choice":"Upgraded","floor":36,"damage_taken":0},{"event_name":"Duplicator","player_choice":"One dupe","floor":37,"damage_taken":0},{"event_name":"Falling","player_choice":"Removed Skill","floor":41,"damage_taken":0},{"event_name":"Wheel of Change","player_choice":"Full Heal","floor":46,"damage_taken":0}],"is_beta":false,"boss_relics":[{"not_picked":["Orrery","Pandora\u0027s Box"],"picked":"Cursed Key"},{"not_picked":["HoveringKite","White Beast Statue"],"picked":"Coffee Dripper"}],"items_purged_floors":[20,27],"is_endless":false,"potions_floor_spawned":[4,11,13,16,19,25,33,35,38],"killed_by":"Awakened One","ascension_level":1}