{"gold_per_floor":[363,378,378,398,398,398,425,425,425,314,314,40,40,73,73,169,219,231,231,231,231,231,257,275,275,275,275,275,40,60,70,70,170,170,182,232,243,254,354,354,14,14,14,29,40,58,58,73,73,73],"floor_reached":51,"playtime":4676,"items_purged":["Parasite"],"score":791,"play_id":"cb512b45-e678-4ae2-bc82-451faaf1c597","local_time":"20190328194414","is_ascension_mode":true,"campfire_choices":[{"data":"Infinite Blades","floor":6.0,"key":"SMITH"},{"data":"Cloak And Dagger","floor":11.0,"key":"SMITH"},{"data":"Footwork","floor":13.0,"key":"SMITH"},{"data":"Noxious Fumes","floor":15.0,"key":"SMITH"},{"floor":25.0,"key":"REST"},{"floor":32.0,"key":"REST"},{"floor":40,"key":"REST"},{"floor":42,"key":"REST"},{"floor":47,"key":"REST"},{"floor":49,"key":"REST"}],"neow_cost":"PERCENT_DAMAGE","seed_source_timestamp":549519267726586,"circlet_count":0,"master_deck":["Defend_G+1","Defend_G+1","Defend_G+1","Defend_G+1","Defend_G+1","Strike_G+1","Strike_G+1","Strike_G+1","Strike_G+1","Strike_G+1","Survivor","Neutralize+1","Cloak And Dagger+1","Slice","Infinite Blades+1","All Out Attack","Noxious Fumes+1","Footwork+1","Backflip","After Image","Accuracy","Infinite Blades+1","After Image","Flash of Steel","PiercingWail","Dodge and Roll+1","Malaise","Well Laid Plans","Cloak And Dagger+1","Cloak And Dagger+1","Finisher","Apotheosis","Flash of Steel","Terror","Dodge and Roll","Cloak And Dagger"],"special_seed":0,"relics":["Ring of the Snake","Pear","Shuriken","TwistedFunnel","Torii","Tiny House","Incense Burner","Dodecahedron","Ancient Tea Set","Lizard Tail","Pocketwatch","Molten Egg 2"],"potions_floor_usage":[36,36,44,48,50],"damage_taken":[{"damage":2.0,"enemies":"Small Slimes","floor":1.0,"turns":4.0},{"damage":0.0,"enemies":"Jaw Worm","floor":2.0,"turns":6.0},{"damage":1.0,"enemies":"2 Louse","floor":4.0,"turns":3.0},{"damage":26.0,"enemies":"3 Sentries","floor":7.0,"turns":10.0},{"damage":3.0,"enemies":"Gremlin Nob","floor":14.0,"turns":4.0},{"damage":9.0,"enemies":"The Guardian","floor":16.0,"turns":11.0},{"damage":1.0,"enemies":"Shell Parasite","floor":18.0,"turns":6.0},{"damage":50.0,"enemies":"Gremlin Leader","floor":23.0,"turns":10.0},{"damage":2.0,"enemies":"2 Thieves","floor":24.0,"turns":3.0},{"damage":1.0,"enemies":"Snecko","floor":30.0,"turns":5.0},{"damage":3.0,"enemies":"Cultist and Chosen","floor":31.0,"turns":7.0},{"damage":1.0,"enemies":"Collector","floor":33.0,"turns":9.0},{"damage":1,"enemies":"3 Shapes","floor":35,"turns":6},{"damage":72,"enemies":"2 Orb Walkers","floor":36,"turns":9},{"damage":12,"enemies":"Orb Walker","floor":37,"turns":4},{"damage":0,"enemies":"Maw","floor":38,"turns":8},{"damage":27,"enemies":"Jaw Worm Horde","floor":44,"turns":3},{"damage":63,"enemies":"Transient","floor":45,"turns":5},{"damage":1,"enemies":"Maw","floor":46,"turns":7},{"damage":0,"enemies":"3 Darklings","floor":48,"turns":5},{"damage":18,"enemies":"Donu and Deca","floor":50,"turns":10}],"seed_played":"-3990310308401637689","potions_obtained":[{"floor":2.0,"key":"EssenceOfSteel"},{"floor":16.0,"key":"EssenceOfSteel"},{"floor":17.0,"key":"Fruit Juice"},{"floor":23.0,"key":"Explosive Potion"},{"floor":24.0,"key":"Explosive Potion"},{"floor":30.0,"key":"PowerPotion"},{"floor":33.0,"key":"SpeedPotion"},{"floor":36,"key":"SkillPotion"},{"floor":48,"key":"GhostInAJar"}],"is_trial":false,"path_per_floor":["M","M","?","M","?","R","E","?","T","$","R","$","R","E","R","B",null,"M","?","?","?","?","E","M","R","T","?","?","$","M","M","R","B",null,"M","?","M","M","?","R","$","R","T","M","M","M","R","M","R","B",null],"character_chosen":"THE_SILENT","items_purchased":["Noxious Fumes","TwistedFunnel","Footwork","Ancient Tea Set","Flash of Steel","Apotheosis","Flash of Steel","Terror"],"campfire_rested":6,"item_purchase_floors":[10,12,12,29,29,41,41,41],"current_hp_per_floor":[47,47,47,46,46,46,30,50,50,50,50,50,50,47,47,38,82,86,86,86,86,86,36,34,60,60,60,60,60,59,56,82,81,87,86,14,2,2,2,28,28,54,54,27,19,18,44,44,70,52],"gold":73,"neow_bonus":"TWO_FIFTY_GOLD","is_prod":false,"is_daily":false,"chose_seed":false,"campfire_upgraded":4,"win_rate":0,"timestamp":1553802254,"path_taken":["M","M","?","M","?","R","E","?","T","?","R","$","R","E","R","BOSS","M","?","?","?","?","E","?","R","T","?","?","$","M","M","R","BOSS","M","?","M","M","?","R","$","R","T","?","M","M","R","M","R","BOSS"],"build_version":"2019-01-23","purchased_purges":1,"victory":true,"max_hp_per_floor":[70,70,70,70,70,70,80,80,80,77,77,77,77,77,77,77,82,87,87,87,87,87,87,87,87,87,87,87,87,87,87,87,87,87,87,87,87,87,87,87,87,87,87,87,87,87,87,87,87,87],"card_choices":[{"not_picked":["Prepared","Dagger Throw"],"picked":"Cloak And Dagger","floor":1.0},{"not_picked":["Outmaneuver","Catalyst"],"picked":"Slice","floor":2.0},{"not_picked":["Poisoned Stab","Blade Dance"],"picked":"Infinite Blades","floor":4.0},{"not_picked":["Calculated Gamble","Flechettes"],"picked":"All Out Attack","floor":7.0},{"not_picked":["Catalyst","Dagger Throw"],"picked":"Backflip","floor":14.0},{"not_picked":["Envenom","Phantasmal Killer"],"picked":"After Image","floor":16.0},{"not_picked":["Dagger Spray","Reflex"],"picked":"Accuracy","floor":17.0},{"not_picked":["Dodge and Roll+1","Sucker Punch"],"picked":"Infinite Blades+1","floor":18.0},{"not_picked":["Blur+1","Outmaneuver+1"],"picked":"After Image","floor":23.0},{"not_picked":["Choke","Endless Agony","Infinite Blades"],"picked":"SKIP","floor":24.0},{"not_picked":["Slice","Dagger Spray"],"picked":"PiercingWail","floor":30.0},{"not_picked":["Sucker Punch","Choke"],"picked":"Dodge and Roll+1","floor":31.0},{"not_picked":["Storm of Steel","Grand Finale"],"picked":"Malaise","floor":33.0},{"not_picked":["Quick Slash+1","Distraction+1"],"picked":"Well Laid Plans","floor":35},{"not_picked":["Prepared","Acrobatics"],"picked":"Cloak And Dagger+1","floor":36},{"not_picked":["Deadly Poison+1","Dodge and Roll+1"],"picked":"Cloak And Dagger+1","floor":37},{"not_picked":["After Image","Deadly Poison+1"],"picked":"Finisher","floor":38},{"not_picked":["Acrobatics+1","Bane+1"],"picked":"Dodge and Roll","floor":44},{"not_picked":["Outmaneuver","Underhanded Strike+1","Deadly Poison"],"picked":"SKIP","floor":45},{"not_picked":["PiercingWail","All Out Attack+1"],"picked":"Cloak And Dagger","floor":46},{"not_picked":["Masterful Stab+1","Dodge and Roll","Dagger Spray+1"],"picked":"SKIP","floor":48}],"player_experience":227331,"relics_obtained":[{"floor":7.0,"key":"Pear"},{"floor":9.0,"key":"Shuriken"},{"floor":14.0,"key":"Torii"},{"floor":23.0,"key":"Incense Burner"},{"floor":26.0,"key":"Dodecahedron"},{"floor":36,"key":"Pocketwatch"},{"floor":43,"key":"Molten Egg 2"}],"event_choices":[{"damage_healed":0.0,"max_hp_gain":0.0,"max_hp_loss":0.0,"gold_gain":0.0,"event_name":"Living Wall","player_choice":"Grow","floor":3.0,"gold_loss":0.0,"damage_taken":0.0,"cards_upgraded":["Neutralize"]},{"damage_healed":0.0,"max_hp_gain":0.0,"max_hp_loss":0.0,"gold_gain":0.0,"event_name":"Golden Idol","player_choice":"Ignored","floor":5.0,"gold_loss":0.0,"damage_taken":0.0},{"damage_healed":20.0,"max_hp_gain":0.0,"max_hp_loss":0.0,"gold_gain":0.0,"event_name":"Mushrooms","player_choice":"Healed and dodged fight","floor":8.0,"gold_loss":0.0,"damage_taken":0.0,"cards_obtained":["Parasite"]},{"damage_healed":0.0,"max_hp_gain":0.0,"max_hp_loss":0.0,"gold_gain":0.0,"event_name":"Vampires","player_choice":"Ignored","floor":19.0,"gold_loss":0.0,"damage_taken":0.0},{"damage_healed":0.0,"max_hp_gain":0.0,"max_hp_loss":0.0,"gold_gain":0.0,"event_name":"Forgotten Altar","player_choice":"Smashed Altar","floor":20.0,"gold_loss":0.0,"damage_taken":0.0,"cards_obtained":["Decay"]},{"damage_healed":0.0,"max_hp_gain":0.0,"max_hp_loss":0.0,"gold_gain":0.0,"event_name":"Back to Basics","player_choice":"Simplicity","floor":21.0,"gold_loss":0.0,"damage_taken":0.0,"cards_upgraded":["Defend_G","Defend_G","Defend_G","Defend_G","Defend_G","Strike_G","Strike_G","Strike_G","Strike_G"]},{"cards_removed":["Decay"],"damage_healed":0.0,"max_hp_gain":0.0,"max_hp_loss":0.0,"gold_gain":0.0,"event_name":"Purifier","player_choice":"Purged","floor":22.0,"gold_loss":0.0,"damage_taken":0.0},{"damage_healed":0.0,"max_hp_gain":0.0,"max_hp_loss":0.0,"gold_gain":0.0,"event_name":"Ghosts","player_choice":"Ignored","floor":27.0,"gold_loss":0.0,"damage_taken":0.0},{"damage_healed":0.0,"max_hp_gain":0.0,"max_hp_loss":0.0,"gold_gain":0.0,"event_name":"The Woman in Blue","player_choice":"Bought 0 Potions","floor":28.0,"gold_loss":0.0,"damage_taken":0.0},{"damage_healed":0,"gold_gain":0,"player_choice":"Fight","damage_taken":0,"max_hp_gain":0,"max_hp_loss":0,"event_name":"Mysterious Sphere","floor":36,"gold_loss":0},{"damage_healed":0,"gold_gain":100,"player_choice":"Pray","damage_taken":0,"max_hp_gain":0,"max_hp_loss":0,"event_name":"Golden Shrine","floor":39,"gold_loss":0}],"is_beta":false,"boss_relics":[{"not_picked":["Calling Bell","Velvet Choker"],"picked":"Tiny House"},{"not_picked":["White Beast Statue","Ring of the Serpent"],"picked":"Lizard Tail"}],"items_purged_floors":[10],"is_endless":false,"potions_floor_spawned":[2,16,23,24,30,33,36,48],"ascension_level":3}