{"gold_per_floor":[118,0,0,0,0,0,94,121,133,145,186,214,226,253,265,378,390,414,438,450],"floor_reached":20,"playtime":1071,"items_purged":[],"score":192,"play_id":"0c1879b8-66a0-4195-833c-5e74b23cb987","local_time":"20190314004705","is_ascension_mode":false,"campfire_choices":[{"floor":6,"key":"REST"},{"floor":10,"key":"RECALL"},{"data":"Flame Barrier","floor":15,"key":"SMITH"}],"neow_cost":"PERCENT_DAMAGE","seed_source_timestamp":62741265012114,"circlet_count":0,"master_deck":["Strike_R","Strike_R","Strike_R","Strike_R","Strike_R","Defend_R","Defend_R","Defend_R","Defend_R","Bash","Dark Shackles","Magnetism","Battle Trance","Infernal Blade","Shrug It Off","Flame Barrier+1","Shrug It Off","Spot Weakness","Headbutt","Offering","Injury","Regret","Regret","True Grit+1","Spot Weakness+1"],"relics":["Burning Blood","Strawberry","MawBank","Question Card","Art of War","Calling Bell","Juzu Bracelet","Dodecahedron","Girya"],"potions_floor_usage":[13,14,16,19],"damage_taken":[{"damage":6,"enemies":"2 Louse","floor":1,"turns":3},{"damage":18,"enemies":"3 Sentries","floor":7,"turns":9},{"damage":0,"enemies":"Cultist","floor":8,"turns":3},{"damage":11,"enemies":"Lagavulin","floor":11,"turns":12},{"damage":6,"enemies":"Jaw Worm","floor":12,"turns":4},{"damage":0,"enemies":"Gremlin Nob","floor":13,"turns":2},{"damage":22,"enemies":"Gremlin Gang","floor":14,"turns":7},{"damage":32,"enemies":"Hexaghost","floor":16,"turns":10},{"damage":12,"enemies":"3 Byrds","floor":18,"turns":2},{"damage":27,"enemies":"2 Thieves","floor":19,"turns":5},{"damage":65,"enemies":"Sentry and Sphere","floor":20,"turns":7}],"seed_played":"4201442729449462309","potions_obtained":[{"floor":7,"key":"SmokeBomb"},{"floor":12,"key":"Dexterity Potion"},{"floor":14,"key":"PowerPotion"},{"floor":18,"key":"GamblersBrew"}],"is_trial":false,"path_per_floor":["M","$","?","?","$","R","E","M","T","R","E","M","E","M","R","B",null,"M","M","M"],"character_chosen":"IRONCLAD","items_purchased":["Infernal Blade","Shrug It Off"],"campfire_rested":1,"item_purchase_floors":[2,2],"current_hp_per_floor":[56,56,63,63,63,87,75,81,81,81,76,76,82,66,66,40,87,81,60,0],"gold":450,"neow_bonus":"RANDOM_COLORLESS_2","is_prod":false,"is_daily":false,"chose_seed":false,"campfire_upgraded":1,"win_rate":0,"timestamp":1552533425,"path_taken":["M","$","?","?","$","R","E","?","T","R","E","M","E","M","R","BOSS","M","M","M"],"build_version":"2019-02-06","purchased_purges":0,"victory":false,"max_hp_per_floor":[80,80,87,87,87,87,87,87,87,87,87,87,87,87,87,87,87,87,87,87],"card_choices":[{"not_picked":["Flex","Sever Soul"],"picked":"Battle Trance","floor":1},{"not_picked":["Body Slam","Twin Strike"],"picked":"Flame Barrier","floor":7},{"not_picked":["Thunderclap","Anger"],"picked":"Shrug It Off","floor":8},{"not_picked":["Dark Embrace","Hemokinesis","Cleave"],"picked":"Spot Weakness","floor":11},{"not_picked":["True Grit","Corruption","Body Slam","Perfected Strike"],"picked":"SKIP","floor":12},{"not_picked":["Corruption","Heavy Blade","Pummel"],"picked":"Headbutt","floor":14},{"not_picked":["Berserk","Brutality","Juggernaut"],"picked":"Offering","floor":16},{"not_picked":["Anger","Dropkick","Evolve"],"picked":"True Grit+1","floor":18},{"not_picked":["Perfected Strike","Iron Wave+1","Sword Boomerang"],"picked":"Spot Weakness+1","floor":19}],"player_experience":704313,"relics_obtained":[{"floor":7,"key":"MawBank"},{"floor":9,"key":"Question Card"},{"floor":11,"key":"Art of War"},{"floor":17,"key":"Juzu Bracelet"},{"floor":17,"key":"Dodecahedron"},{"floor":17,"key":"Girya"}],"event_choices":[{"damage_healed":0,"gold_gain":0,"player_choice":"Box","damage_taken":0,"relics_obtained":["Strawberry"],"max_hp_gain":0,"max_hp_loss":0,"event_name":"Big Fish","floor":3,"gold_loss":0,"cards_obtained":["Regret"]},{"cards_removed":["Regret"],"damage_healed":0,"gold_gain":0,"player_choice":"Removed Curses","damage_taken":0,"max_hp_gain":0,"max_hp_loss":0,"event_name":"Fountain of Cleansing","floor":4,"gold_loss":0}],"is_beta":true,"boss_relics":[{"not_picked":["Pandora\u0027s Box","Runic Cube"],"picked":"Calling Bell"}],"items_purged_floors":[],"is_endless":false,"potions_floor_spawned":[7,12,14,18],"killed_by":"Sentry and Sphere","ascension_level":0}