{"gold_per_floor":[119,131,142,155,155,155,169,169,215,215,225,225,86,86,86,182,182,197,19,36,56,73,73,121,131,131,131,131,149,177,204,204,308,308,320,339,353,365,365,365,365],"floor_reached":41,"playtime":7065,"items_purged":[],"score":457,"play_id":"5d647cb3-02d1-47f7-86c9-c5cde17820d2","local_time":"20180715015944","is_ascension_mode":false,"campfire_choices":[{"data":"Zap","floor":6,"key":"SMITH"},{"data":"Dualcast","floor":8,"key":"SMITH"},{"data":"Defragment","floor":10,"key":"SMITH"},{"data":"Conserve Battery","floor":12,"key":"SMITH"},{"data":"Bandage Up","floor":15,"key":"SMITH"},{"data":"Capacitor","floor":23,"key":"SMITH"},{"data":"Jack Of All Trades","floor":27,"key":"SMITH"},{"floor":32,"key":"REST"},{"floor":40,"key":"REST"}],"neow_cost":"NONE","seed_source_timestamp":1304773442113316,"circlet_count":0,"master_deck":["Strike_B","Strike_B","Strike_B","Strike_B","Defend_B","Defend_B","Defend_B","Defend_B","Zap+1","Dualcast+1","BootSequence","White Noise","Conserve Battery+1","Defragment+1","Darkness","Ball Lightning+1","Bandage Up+1","Ball Lightning+1","All For One+1","Capacitor+1","Jack Of All Trades+1","Hello World","Stack","Go for the Eyes+1","Go for the Eyes+1","Aggregate","Beam Cell+1","Ball Lightning+1","Beam Cell+1","BootSequence","Multi-Cast","White Noise+1","Loop+1","Glacier","Gash+1","Apotheosis","Redo"],"relics":["Cracked Core","Bag of Preparation","Molten Egg 2","Juzu Bracelet","Nuclear Battery","Dream Catcher","Question Card","Red Mask","Oddly Smooth Stone","Lizard Tail"],"potions_floor_usage":[22,25,29,30,33,36,36,37],"damage_taken":[{"damage":1,"enemies":"Jaw Worm","floor":1,"turns":4},{"damage":0,"enemies":"Small Slimes","floor":2,"turns":3},{"damage":0,"enemies":"2 Louse","floor":3,"turns":2},{"damage":0,"enemies":"Red Slaver","floor":4,"turns":4},{"damage":0,"enemies":"Blue Slaver","floor":7,"turns":4},{"damage":0,"enemies":"Exordium Thugs","floor":11,"turns":4},{"damage":12,"enemies":"The Guardian","floor":16,"turns":9},{"damage":2,"enemies":"Shell Parasite","floor":18,"turns":3},{"damage":0,"enemies":"Chosen","floor":20,"turns":4},{"damage":0,"enemies":"Snake Plant","floor":21,"turns":2},{"damage":0,"enemies":"Chosen and Byrds","floor":22,"turns":6},{"damage":19,"enemies":"3 Cultists","floor":25,"turns":6},{"damage":10,"enemies":"Cultist and Chosen","floor":29,"turns":5},{"damage":37,"floor":30,"turns":5},{"damage":0,"enemies":"Gremlin Leader","floor":31,"turns":4},{"damage":15,"enemies":"Collector","floor":33,"turns":6},{"damage":23,"enemies":"Orb Walker","floor":35,"turns":5},{"damage":56,"enemies":"3 Darklings","floor":36,"turns":6},{"damage":31,"enemies":"Maw","floor":37,"turns":8},{"damage":12,"enemies":"Sphere and 2 Shapes","floor":38,"turns":4},{"damage":48,"enemies":"Giant Head","floor":41,"turns":6}],"seed_played":"-9116526173720068927","potions_obtained":[{"floor":1,"key":"Poison Potion"},{"floor":2,"key":"Dexterity Potion"},{"floor":7,"key":"FocusPotion"},{"floor":20,"key":"FocusPotion"},{"floor":22,"key":"Weak Potion"},{"floor":25,"key":"Explosive Potion"},{"floor":30,"key":"Strength Potion"},{"floor":33,"key":"Weak Potion"},{"floor":35,"key":"Block Potion"}],"is_trial":false,"path_per_floor":["M","M","M","M","?","R","M","R","T","R","M","R","$","?","R","B",null,"M","$","M","M","M","R","T","M","T","R","?","M","?","E","R","B",null,"M","M","M","M","?","R"],"character_chosen":"DEFECT","items_purchased":["Bandage Up","Ball Lightning+1","Jack Of All Trades","Hello World"],"campfire_rested":2,"item_purchase_floors":[13,13,19,19],"current_hp_per_floor":[74,74,74,74,67,67,67,67,67,67,67,67,67,67,67,61,75,73,73,73,73,75,75,75,62,62,62,62,58,27,33,55,50,75,58,8,25,13,13,35,0],"gold":365,"neow_bonus":"RANDOM_COMMON_RELIC","is_prod":false,"is_daily":false,"chose_seed":false,"campfire_upgraded":7,"win_rate":0.0,"timestamp":1531616384,"path_taken":["M","M","M","M","?","R","M","R","T","R","M","R","$","?","R","BOSS","M","$","M","M","M","R","?","M","T","R","?","M","?","E","R","BOSS","M","M","M","M","?","R","E"],"build_version":"2018-07-12","purchased_purges":0,"victory":false,"max_hp_per_floor":[75,75,75,75,75,75,75,75,75,75,75,75,75,75,75,75,75,75,75,75,75,75,75,75,75,75,75,75,75,75,75,75,75,75,75,75,75,75,75,75,75],"card_choices":[{"not_picked":["Auto Shields","Reprogram"],"picked":"BootSequence","floor":1},{"not_picked":["Compile Driver","Gash"],"picked":"White Noise","floor":2},{"not_picked":["Steam Power","Leap"],"picked":"Conserve Battery","floor":3},{"not_picked":["Genetic Algorithm","Steam"],"picked":"Defragment","floor":4},{"not_picked":["Redo","Conserve Battery"],"picked":"Darkness","floor":7},{"not_picked":["Tempest","Chaos"],"picked":"Ball Lightning+1","floor":11},{"not_picked":["Biased Cognition","Rainbow"],"picked":"All For One+1","floor":16},{"not_picked":["Barrage+1","Sweeping Beam+1"],"picked":"Capacitor","floor":18},{"not_picked":["Cold Snap+1","Ball Lightning+1"],"picked":"Stack","floor":20},{"not_picked":["Leap","Reinforced Body"],"picked":"Go for the Eyes+1","floor":21},{"not_picked":["Steam Power","Darkness+1"],"picked":"Go for the Eyes+1","floor":22},{"not_picked":["Auto Shields","Streamline+1"],"picked":"Aggregate","floor":25},{"not_picked":["Conserve Battery+1","Steam+1","Blizzard+1"],"picked":"Beam Cell+1","floor":29},{"not_picked":["Leap","Coolheaded","Go for the Eyes+1"],"picked":"Ball Lightning+1","floor":30},{"not_picked":["Reboot","Chaos","Leap"],"picked":"Beam Cell+1","floor":31},{"not_picked":["Tempest","Beam Cell+1","Streamline+1"],"picked":"BootSequence","floor":32},{"not_picked":["Buffer","Seek","Amplify"],"picked":"Multi-Cast","floor":33},{"not_picked":["Sweeping Beam+1","Auto Shields+1","Coolheaded"],"picked":"White Noise+1","floor":35},{"not_picked":["Barrage+1","Redo","Stack+1"],"picked":"Loop+1","floor":36},{"not_picked":["Leap+1","Defragment","Stack+1"],"picked":"Glacier","floor":37},{"not_picked":["Glacier","Beam Cell+1","Double Energy"],"picked":"Gash+1","floor":38},{"not_picked":["Finesse","Trip","Panacea"],"picked":"Apotheosis","floor":39},{"not_picked":["Leap+1","Darkness+1","Cold Snap+1"],"picked":"Redo","floor":40}],"player_experience":28428,"relics_obtained":[{"floor":9,"key":"Juzu Bracelet"},{"floor":24,"key":"Dream Catcher"},{"floor":26,"key":"Question Card"},{"floor":30,"key":"Red Mask"},{"floor":31,"key":"Oddly Smooth Stone"}],"event_choices":[{"event_name":"Scrap Ooze","player_choice":"success","floor":5,"damage_taken":7},{"event_name":"The Cleric","player_choice":"Leave","floor":14,"damage_taken":0},{"event_name":"Vampires","player_choice":"Ignored","floor":28,"damage_taken":0},{"event_name":"Masked Bandits","player_choice":"Fought over 149 gold","floor":30,"damage_taken":0},{"event_name":"SensoryStone","player_choice":"Memory 1","floor":39,"damage_taken":0}],"boss_relics":[{"not_picked":["Velvet Choker","Sozu"],"picked":"Nuclear Battery"},{"not_picked":["Orrery","Empty Cage"],"picked":"Lizard Tail"}],"items_purged_floors":[],"is_endless":false,"potions_floor_spawned":[1,2,7,11,20,22,25,30,33,35],"killed_by":"Giant Head","ascension_level":0}