{"gold_per_floor":[112,112,123,138,152,187,198,210,233,233,25,25,46,46,46,166,166,179,179,75,100,100,100,26,50,50,63,63,63,87,103,103,103],"floor_reached":33,"playtime":6624,"items_purged":[],"score":251,"play_id":"edf2f5d1-9ea4-4313-8b52-a80eccb69b5d","local_time":"20190328045210","is_ascension_mode":false,"campfire_choices":[{"floor":15,"key":"REST"},{"floor":23,"key":"REST"},{"floor":29,"key":"RECALL"},{"floor":32,"key":"REST"}],"neow_cost":"PERCENT_DAMAGE","seed_source_timestamp":268993193537518,"circlet_count":0,"master_deck":["Strike_R","Strike_R","Strike_R","Strike_R","Strike_R","Defend_R","Defend_R","Defend_R","Defend_R","Bash","Pummel","Infernal Blade","Intimidate","Power Through","Pommel Strike","Flame Barrier","Offering","Injury","Barricade","Dual Wield","Evolve","Battle Trance","Uppercut","Ghostly Armor","Shrug It Off"],"relics":["Burning Blood","FossilizedHelix","Bronze Scales","Golden Idol","Snecko Eye","Orichalcum"],"potions_floor_usage":[4,4,13,16,18,27,31],"damage_taken":[{"damage":7,"enemies":"Cultist","floor":1,"turns":5},{"damage":0,"enemies":"Small Slimes","floor":3,"turns":4},{"damage":0,"enemies":"Jaw Worm","floor":4,"turns":2},{"damage":0,"enemies":"Exordium Wildlife","floor":5,"turns":2},{"damage":50,"enemies":"Lagavulin","floor":6,"turns":8},{"damage":0,"enemies":"3 Louse","floor":7,"turns":3},{"damage":29,"enemies":"Gremlin Gang","floor":8,"turns":5},{"damage":0,"enemies":"Blue Slaver","floor":13,"turns":3},{"damage":10,"enemies":"Slime Boss","floor":16,"turns":13},{"damage":0,"enemies":"Spheric Guardian","floor":18,"turns":4},{"damage":36,"enemies":"Colosseum Slavers","floor":19,"turns":5},{"damage":0,"enemies":"3 Byrds","floor":21,"turns":3},{"damage":16,"enemies":"Shelled Parasite and Fungi","floor":25,"turns":7},{"damage":8,"enemies":"3 Cultists","floor":27,"turns":5},{"damage":13,"enemies":"Snake Plant","floor":30,"turns":5},{"damage":17,"enemies":"Sentry and Sphere","floor":31,"turns":8},{"damage":81,"enemies":"Automaton","floor":33,"turns":20}],"seed_played":"7105533388527132823","potions_obtained":[{"floor":1,"key":"Energy Potion"},{"floor":3,"key":"PowerPotion"},{"floor":8,"key":"SkillPotion"},{"floor":13,"key":"Strength Potion"},{"floor":16,"key":"SkillPotion"},{"floor":25,"key":"AttackPotion"},{"floor":27,"key":"SpeedPotion"}],"is_trial":false,"path_per_floor":["M","$","M","M","M","E","M","M","T","?","$","?","M","$","R","B",null,"M","?","$","M","?","R","$","M","T","M","$","R","M","M","R","B"],"character_chosen":"IRONCLAD","items_purchased":["Flame Barrier","Offering","Evolve","Battle Trance","Ghostly Armor"],"campfire_rested":3,"item_purchase_floors":[11,11,20,20,24],"current_hp_per_floor":[55,55,61,67,73,29,35,12,12,12,12,12,18,18,42,38,80,80,50,50,56,56,80,80,70,70,68,68,68,61,50,74,0],"gold":103,"neow_bonus":"ONE_RARE_RELIC","is_prod":false,"is_daily":false,"chose_seed":false,"campfire_upgraded":0,"win_rate":0,"timestamp":1553757730,"path_taken":["M","$","M","?","M","E","M","M","T","?","$","?","M","$","R","BOSS","M","?","$","M","?","R","$","M","T","M","?","R","M","?","R","BOSS"],"build_version":"2019-03-15","purchased_purges":0,"victory":false,"max_hp_per_floor":[80,80,80,80,80,80,80,80,80,80,80,80,80,80,80,80,80,80,80,80,80,80,80,80,80,80,80,80,80,80,80,80,80],"card_choices":[{"not_picked":["Second Wind","Blood for Blood"],"picked":"Pummel","floor":1},{"not_picked":["Havoc","Twin Strike","Wild Strike"],"picked":"SKIP","floor":3},{"not_picked":["Sword Boomerang","Sever Soul"],"picked":"Infernal Blade","floor":4},{"not_picked":["Iron Wave","Carnage"],"picked":"Intimidate","floor":5},{"not_picked":["Shockwave","Metallicize"],"picked":"Power Through","floor":6},{"not_picked":["Body Slam","Havoc"],"picked":"Pommel Strike","floor":7},{"not_picked":["Pommel Strike","Sword Boomerang","Headbutt"],"picked":"SKIP","floor":8},{"not_picked":["Warcry","Clash","Fiend Fire"],"picked":"SKIP","floor":13},{"not_picked":["Brutality","Offering"],"picked":"Barricade","floor":16},{"not_picked":["Clothesline","Rupture"],"picked":"Dual Wield","floor":18},{"not_picked":["Burning Pact","Headbutt"],"picked":"Uppercut","floor":21},{"not_picked":["Wild Strike","Body Slam","Armaments"],"picked":"SKIP","floor":25},{"not_picked":["Body Slam+1","Thunderclap"],"picked":"Shrug It Off","floor":27},{"not_picked":["Pommel Strike","Clothesline","Headbutt"],"picked":"SKIP","floor":30},{"not_picked":["Evolve","Clash","Perfected Strike"],"picked":"SKIP","floor":31}],"player_experience":789151,"relics_obtained":[{"floor":6,"key":"Bronze Scales"},{"floor":26,"key":"Orichalcum"}],"event_choices":[{"damage_healed":0,"gold_gain":0,"player_choice":"Ignored","damage_taken":0,"max_hp_gain":0,"max_hp_loss":0,"event_name":"Golden Wing","floor":10,"gold_loss":0},{"damage_healed":0,"gold_gain":0,"player_choice":"Take Wound","damage_taken":0,"relics_obtained":["Golden Idol"],"max_hp_gain":0,"max_hp_loss":0,"event_name":"Golden Idol","floor":12,"gold_loss":0,"cards_obtained":["Injury"]},{"damage_healed":0,"gold_gain":0,"player_choice":"Fight","damage_taken":0,"max_hp_gain":0,"max_hp_loss":0,"event_name":"Colosseum","floor":19,"gold_loss":0},{"damage_healed":0,"gold_gain":0,"player_choice":"Fled From Nobs","damage_taken":0,"max_hp_gain":0,"max_hp_loss":0,"event_name":"Colosseum","floor":19,"gold_loss":0},{"damage_healed":0,"gold_gain":0,"player_choice":"Ignored","damage_taken":0,"max_hp_gain":0,"max_hp_loss":0,"event_name":"Vampires","floor":22,"gold_loss":0}],"is_beta":true,"boss_relics":[{"not_picked":["Philosopher\u0027s Stone","Runic Cube"],"picked":"Snecko Eye"}],"items_purged_floors":[],"is_endless":false,"potions_floor_spawned":[1,3,8,13,16,19,25,27],"killed_by":"Automaton","ascension_level":0}