{"gold_per_floor":[119,119,134,148,162,162,180,206,261,279,313,132,151,115,115,214,214,231,243,260,275,43,43,58,58,58,86,97,113,14,27,27,123,123,137,28,44,44,59,59,84,84,84,98,98,111,144,162,162,162],"floor_reached":50,"playtime":10569,"items_purged":[],"score":592,"play_id":"47348dab-9772-4154-9636-4211b1f663b5","local_time":"20180716022320","is_ascension_mode":false,"campfire_choices":[{"data":"Hello World","floor":6,"key":"SMITH"},{"data":"Chill","floor":15,"key":"SMITH"},{"data":"Self Repair","floor":23,"key":"SMITH"},{"data":"Genetic Algorithm","floor":25,"key":"SMITH"},{"data":"Apotheosis","floor":32,"key":"SMITH"},{"data":"White Noise","floor":40,"key":"SMITH"},{"data":"Loop","floor":45,"key":"SMITH"},{"data":"Mind Blast","floor":49,"key":"SMITH"}],"neow_cost":"NONE","seed_source_timestamp":1389063240038645,"circlet_count":0,"master_deck":["Strike_B","Strike_B","Strike_B","Strike_B","Defend_B","Defend_B","Defend_B+1","Defend_B","Zap","Dualcast","Auto Shields+1","Ball Lightning+1","Hello World+1","Gash+1","Loop+1","Chill+1","Meteor Strike","Blizzard","Self Repair+1","Sunder","Scrape","Sunder","FTL","Fission","Hologram","Steam+1","White Noise+1","Fusion+1","Apotheosis+1","Genetic Algorithm+1","Redo+1","Hologram","Reboot","Steam","Swift Strike","Ball Lightning","Multi-Cast","White Noise+1","Self Repair","White Noise+1","Self Repair+1","Dramatic Entrance","Mind Blast+1","Panache","Capacitor+1","Tempest","Madness","Madness","Turbo+1","Defragment","Heatsinks+1","Reprogram","Go for the Eyes"],"relics":["White Beast Statue","Whetstone","Oddly Smooth Stone","Ornamental Fan","Coffee Dripper","Shuriken","Bronze Scales","Eternal Feather","Gambling Chip","Girya","Prayer Wheel"],"potions_floor_usage":[7,8,8,10,13,16,19,20,21,21,27,27,27,29,29,33,33,35,47,47,50,50,50],"damage_taken":[{"damage":1,"enemies":"Jaw Worm","floor":1,"turns":5},{"damage":0,"enemies":"Small Slimes","floor":3,"turns":4},{"damage":1,"enemies":"Cultist","floor":4,"turns":4},{"damage":11,"enemies":"Blue Slaver","floor":5,"turns":5},{"damage":0,"enemies":"2 Fungi Beasts","floor":7,"turns":4},{"damage":3,"enemies":"Gremlin Nob","floor":8,"turns":4},{"damage":7,"enemies":"Exordium Thugs","floor":10,"turns":5},{"damage":3,"enemies":"Lagavulin","floor":11,"turns":7},{"damage":0,"enemies":"Looter","floor":13,"turns":2},{"damage":21,"enemies":"Hexaghost","floor":16,"turns":12},{"damage":14,"enemies":"Spheric Guardian","floor":18,"turns":4},{"damage":6,"enemies":"2 Thieves","floor":19,"turns":4},{"damage":21,"enemies":"Cultist and Chosen","floor":20,"turns":8},{"damage":7,"enemies":"3 Cultists","floor":21,"turns":6},{"damage":0,"enemies":"Centurion and Healer","floor":24,"turns":9},{"damage":39,"enemies":"Slavers","floor":27,"turns":6},{"damage":6,"enemies":"Snecko","floor":28,"turns":5},{"damage":1,"enemies":"Slaver and Parasite","floor":29,"turns":6},{"damage":8,"enemies":"Snake Plant","floor":31,"turns":4},{"damage":8,"enemies":"Champ","floor":33,"turns":7},{"damage":14,"enemies":"Orb Walker","floor":35,"turns":7},{"damage":5,"enemies":"3 Shapes","floor":37,"turns":9},{"damage":5,"enemies":"Maw","floor":39,"turns":9},{"damage":16,"enemies":"Nemesis","floor":41,"turns":7},{"damage":1,"enemies":"4 Shapes","floor":44,"turns":6},{"damage":31,"enemies":"Sphere and 2 Shapes","floor":46,"turns":5},{"damage":39,"enemies":"2 Orb Walkers","floor":47,"turns":4},{"damage":16,"enemies":"3 Darklings","floor":48,"turns":6},{"damage":81,"enemies":"Time Eater","floor":50,"turns":6}],"seed_played":"-5819884145018068894","potions_obtained":[{"floor":1,"key":"Dexterity Potion"},{"floor":3,"key":"Fire Potion"},{"floor":4,"key":"GamblersBrew"},{"floor":7,"key":"Ancient Potion"},{"floor":8,"key":"FearPotion"},{"floor":10,"key":"Ancient Potion"},{"floor":11,"key":"Block Potion"},{"floor":13,"key":"SteroidPotion"},{"floor":16,"key":"Dexterity Potion"},{"floor":19,"key":"Fire Potion"},{"floor":20,"key":"SpeedPotion"},{"floor":21,"key":"Swift Potion"},{"floor":24,"key":"Dexterity Potion"},{"floor":27,"key":"Dexterity Potion"},{"floor":28,"key":"Block Potion"},{"floor":29,"key":"SpeedPotion"},{"floor":31,"key":"AttackPotion"},{"floor":33,"key":"Dexterity Potion"},{"floor":35,"key":"PowerPotion"},{"floor":37,"key":"Strength Potion"},{"floor":39,"key":"FocusPotion"},{"floor":44,"key":"Poison Potion"},{"floor":46,"key":"FocusPotion"},{"floor":47,"key":"Explosive Potion"},{"floor":48,"key":"Poison Potion"}],"is_trial":false,"path_per_floor":["M","?","M","M","M","R","M","E","T","M","E","$","M","$","R","B",null,"M","M","M","M","$","R","M","R","T","E","M","M","$","M","R","B",null,"M","$","M","?","M","R","E","?","T","M","R","M","E","M","R"],"character_chosen":"DEFECT","items_purchased":["Self Repair","Sunder","Scrape","FTL","Apotheosis","Genetic Algorithm","Swift Strike","Self Repair","White Noise"],"campfire_rested":0,"item_purchase_floors":[12,12,12,14,22,22,30,36,36],"current_hp_per_floor":[74,59,59,58,47,47,47,44,44,37,34,34,34,34,34,20,75,68,69,55,55,55,55,65,65,65,43,47,56,56,58,58,50,75,61,61,73,63,75,75,75,66,66,75,75,71,49,63,75,0],"gold":162,"neow_bonus":"BOSS_RELIC","is_prod":false,"is_daily":false,"chose_seed":false,"campfire_upgraded":8,"win_rate":0,"timestamp":1531704200,"path_taken":["M","?","M","M","M","R","M","E","T","M","E","$","M","$","R","BOSS","M","M","M","M","?","R","M","R","T","E","M","M","$","M","R","BOSS","M","$","M","?","M","R","E","?","T","M","R","M","E","M","R","BOSS"],"build_version":"2018-07-12","purchased_purges":0,"victory":false,"max_hp_per_floor":[75,75,75,75,75,75,75,75,75,75,75,75,75,75,75,75,75,75,75,75,75,75,75,75,75,75,75,75,75,75,75,75,75,75,75,75,75,75,75,75,75,75,75,75,75,75,75,75,75,75],"card_choices":[{"not_picked":["Compile Driver","Redo"],"picked":"Auto Shields","floor":1},{"not_picked":["Hologram","Barrage"],"picked":"Ball Lightning","floor":3},{"not_picked":["Consume","Hologram"],"picked":"Hello World","floor":4},{"not_picked":["Redo","Auto Shields"],"picked":"Gash","floor":5},{"not_picked":["Undo","Hello World"],"picked":"Loop","floor":7},{"not_picked":["Stack","Static Discharge"],"picked":"Chill","floor":8},{"not_picked":["FTL","Consume"],"picked":"Meteor Strike","floor":10},{"not_picked":["Conserve Battery","Go for the Eyes"],"picked":"Blizzard","floor":11},{"not_picked":["Stack","Beam Cell"],"picked":"Sunder","floor":13},{"not_picked":["Echo Form","Reboot"],"picked":"Fission","floor":16},{"not_picked":["Streamline","Steam Power"],"picked":"Hologram","floor":18},{"not_picked":["Melter+1","Leap"],"picked":"Steam+1","floor":19},{"not_picked":["Skim","Ball Lightning"],"picked":"White Noise+1","floor":20},{"not_picked":["Rebound","Undo"],"picked":"Fusion+1","floor":21},{"not_picked":["Coolheaded+1","Sweeping Beam"],"picked":"Redo+1","floor":24},{"not_picked":["Darkness+1","Steam Power"],"picked":"Hologram","floor":27},{"not_picked":["Loop","Go for the Eyes"],"picked":"Reboot","floor":28},{"not_picked":["Sweeping Beam","Chaos"],"picked":"Steam","floor":29},{"not_picked":["Cold Snap","Reinforced Body"],"picked":"Ball Lightning","floor":31},{"not_picked":["Rainbow","Amplify"],"picked":"Multi-Cast","floor":33},{"not_picked":["Stack","Steam+1"],"picked":"White Noise+1","floor":35},{"not_picked":["Barrage+1","Scrape"],"picked":"Self Repair+1","floor":37},{"not_picked":["Purity","Madness"],"picked":"Dramatic Entrance","floor":38},{"not_picked":["Dark Shackles","Swift Strike"],"picked":"Mind Blast","floor":38},{"not_picked":["Good Instincts","Thinking Ahead"],"picked":"Panache","floor":38},{"not_picked":["Self Repair","Ball Lightning+1"],"picked":"Capacitor+1","floor":39},{"not_picked":["Rebound","Streamline+1"],"picked":"Tempest","floor":41},{"not_picked":["Coolheaded","Gash+1"],"picked":"Turbo+1","floor":44},{"not_picked":["Barrage","Redo"],"picked":"Defragment","floor":46},{"not_picked":["Reboot","Hologram+1"],"picked":"Heatsinks+1","floor":47},{"not_picked":["Leap+1","Darkness"],"picked":"Reprogram","floor":48},{"not_picked":["Blizzard+1","Undo"],"picked":"Go for the Eyes","floor":48}],"player_experience":49324,"relics_obtained":[{"floor":8,"key":"Whetstone"},{"floor":9,"key":"Oddly Smooth Stone"},{"floor":11,"key":"Ornamental Fan"},{"floor":26,"key":"Shuriken"},{"floor":27,"key":"Bronze Scales"},{"floor":41,"key":"Gambling Chip"},{"floor":43,"key":"Girya"},{"floor":47,"key":"Prayer Wheel"}],"event_choices":[{"event_name":"Shining Light","player_choice":"Entered Light","floor":2,"damage_taken":0},{"event_name":"SensoryStone","player_choice":"Memory 3","floor":38,"damage_taken":0},{"event_name":"Winding Halls","player_choice":"Embrace Madness","floor":42,"damage_taken":0}],"boss_relics":[{"not_picked":["Calling Bell","Fusion Hammer"],"picked":"Coffee Dripper"},{"not_picked":["Empty Cage","Inserter"],"picked":"Eternal Feather"}],"items_purged_floors":[],"is_endless":false,"potions_floor_spawned":[1,3,4,5,7,8,10,11,13,16,18,19,20,21,24,27,28,29,31,33,35,37,39,41,44,46,47,48],"killed_by":"Time Eater","ascension_level":0}