{"gold_per_floor":[115,135,57,57,57,57,69,69,69,84,3,20,20,20,20,119,119,135,148,148,148],"floor_reached":21,"playtime":1529,"items_purged":[],"score":228,"play_id":"f4dd68d9-4811-4f2e-9e32-cec137289345","local_time":"20190104172445","is_ascension_mode":true,"campfire_choices":[{"data":"Well Laid Plans","floor":6,"key":"SMITH"},{"data":"Flying Knee","floor":8,"key":"SMITH"},{"data":"Noxious Fumes","floor":13,"key":"SMITH"},{"data":"Dagger Throw","floor":15,"key":"SMITH"}],"neow_cost":"NONE","seed_source_timestamp":3102278985606658,"circlet_count":0,"master_deck":["Defend_G","Defend_G","Defend_G","Defend_G","Defend_G","Survivor","Neutralize","Deep Breath","Dagger Spray","Flying Knee+1","Well Laid Plans+1","Dagger Throw+1","Outmaneuver","Noxious Fumes+1","Prepared","Venomology","Backflip","Riddle With Holes","Bite","Bite","Bite","Bite","Bite"],"relics":["Ring of the Snake","Anchor","Turnip","Eternal Feather"],"potions_floor_usage":[16,18,21,21,21,21],"damage_taken":[{"damage":1,"enemies":"Small Slimes","floor":1,"turns":4},{"damage":2,"enemies":"Jaw Worm","floor":2,"turns":5},{"damage":0,"enemies":"2 Louse","floor":7,"turns":3},{"damage":0,"enemies":"Looter","floor":10,"turns":2},{"damage":0,"enemies":"Large Slime","floor":12,"turns":4},{"damage":18,"enemies":"Hexaghost","floor":16,"turns":9},{"damage":20,"enemies":"Spheric Guardian","floor":18,"turns":6},{"damage":39,"enemies":"Chosen","floor":19,"turns":9},{"damage":36,"enemies":"Centurion and Healer","floor":21,"turns":7}],"seed_played":"-1596607858955112851","potions_obtained":[{"floor":1,"key":"PowerPotion"},{"floor":19,"key":"LiquidBronze"}],"is_trial":false,"path_per_floor":["M","M","$","?","?","R","M","R","T","M","$","M","R","$","R","B",null,"M","M","?","M"],"character_chosen":"THE_SILENT","items_purchased":["Well Laid Plans","Noxious Fumes"],"campfire_rested":0,"item_purchase_floors":[3,11],"current_hp_per_floor":[69,67,67,67,55,55,55,55,55,55,55,55,55,55,55,37,70,50,11,11,0],"gold":148,"neow_bonus":"RANDOM_COLORLESS","is_prod":false,"is_daily":false,"chose_seed":false,"campfire_upgraded":4,"win_rate":0,"timestamp":1546622685,"path_taken":["M","M","$","?","?","R","M","R","T","M","?","M","R","$","R","BOSS","M","M","?","M"],"build_version":"2019-01-03v3","purchased_purges":0,"victory":false,"max_hp_per_floor":[70,70,70,70,70,70,70,70,70,70,70,70,70,70,70,70,70,70,70,49,49],"card_choices":[{"not_picked":["Prepared","Deadly Poison"],"picked":"Dagger Spray","floor":1},{"not_picked":["Bane","Cloak And Dagger"],"picked":"Flying Knee","floor":2},{"not_picked":["Reflex","Outmaneuver"],"picked":"Dagger Throw","floor":7},{"not_picked":["Calculated Gamble","Dodge and Roll"],"picked":"Outmaneuver","floor":10},{"not_picked":["Bouncing Flask","Acrobatics"],"picked":"Prepared","floor":12},{"not_picked":["Burst","Tools of the Trade"],"picked":"Venomology","floor":16},{"not_picked":["Bane","Flechettes"],"picked":"Backflip","floor":18},{"not_picked":["Predator","Dodge and Roll"],"picked":"Riddle With Holes","floor":19}],"player_experience":850914,"relics_obtained":[{"floor":9,"key":"Turnip"}],"event_choices":[{"damage_healed":0,"gold_gain":0,"player_choice":"Leave","damage_taken":0,"max_hp_gain":0,"max_hp_loss":0,"event_name":"The Cleric","floor":4,"gold_loss":0},{"damage_healed":0,"gold_gain":0,"player_choice":"Success","damage_taken":12,"relics_obtained":["Anchor"],"max_hp_gain":0,"max_hp_loss":0,"event_name":"Scrap Ooze","floor":5,"gold_loss":0},{"damage_healed":0,"gold_gain":0,"player_choice":"Became a vampire","damage_taken":0,"max_hp_gain":0,"max_hp_loss":21,"event_name":"Vampires","floor":20,"gold_loss":0,"cards_obtained":["Bite","Bite","Bite","Bite","Bite"]}],"is_beta":false,"boss_relics":[{"not_picked":["Astrolabe","WristBlade"],"picked":"Eternal Feather"}],"items_purged_floors":[],"is_endless":false,"potions_floor_spawned":[1,19],"killed_by":"Centurion and Healer","ascension_level":4}