{"gold_per_floor":[368,368,73,73,93,124,138,138,192,95,95,124,144,144,144,242,242,254,264,275,275,292,292,327,327,398,323,356,366,366,386,386,486,486,496,548,548,307,307,333,349,349,349,297,297,311,328,3,3,3,3,3,3,38,38],"floor_reached":55,"playtime":5238,"items_purged":["Brutality"],"score":768,"play_id":"c6b4e6e9-cb13-42e2-8ea2-d008a11f1b9d","local_time":"20190218191512","is_ascension_mode":false,"campfire_choices":[{"data":"Body Slam","floor":15,"key":"SMITH"},{"data":"Whirlwind","floor":23,"key":"SMITH"},{"floor":30,"key":"RECALL"},{"data":"Spot Weakness","floor":32,"key":"SMITH"},{"data":"Limit Break","floor":42,"key":"SMITH"},{"data":"Shrug It Off","floor":45,"key":"SMITH"},{"data":"Sword Boomerang","floor":49,"key":"SMITH"},{"data":"Shrug It Off","floor":52,"key":"SMITH"}],"neow_cost":"TEN_PERCENT_HP_LOSS","seed_source_timestamp":28639561334095,"circlet_count":0,"master_deck":["Strike_R+1","Strike_R+1","Strike_R+1","Defend_R+1","Defend_R+1","Defend_R+1","Defend_R+1","Bash","Pommel Strike","Body Slam+1","Shrug It Off+1","Whirlwind+1","Shrug It Off+1","Spot Weakness+1","Double Tap","Ghostly Armor","Limit Break+1","Flex+1","Shrug It Off+1","Flex","Ghostly Armor+1","Sword Boomerang+1","Spot Weakness","Battle Trance"],"relics":["Burning Blood","Thread and Needle","Bag of Marbles","War Paint","PreservedInsect","Lantern","Black Star","Anchor","Turnip","Red Skull","Vajra","Meat on the Bone","Philosopher\u0027s Stone","Incense Burner","Bottled Flame","Pocketwatch","Prayer Wheel","Question Card","Paper Frog","Oddly Smooth Stone","Bottled Lightning"],"potions_floor_usage":[6,16,33,33,33,50,50,55,55],"damage_taken":[{"damage":1,"enemies":"Jaw Worm","floor":1,"turns":5},{"damage":1,"enemies":"Cultist","floor":5,"turns":3},{"damage":19,"enemies":"Lagavulin","floor":6,"turns":7},{"damage":2,"enemies":"Small Slimes","floor":7,"turns":3},{"damage":0,"enemies":"Gremlin Nob","floor":12,"turns":3},{"damage":0,"enemies":"Red Slaver","floor":13,"turns":3},{"damage":16,"enemies":"The Guardian","floor":16,"turns":12},{"damage":8,"enemies":"3 Byrds","floor":18,"turns":6},{"damage":3,"enemies":"Chosen","floor":19,"turns":4},{"damage":2,"enemies":"Snecko","floor":20,"turns":6},{"damage":0,"enemies":"Centurion and Healer","floor":22,"turns":9},{"damage":2,"enemies":"Slavers","floor":24,"turns":4},{"damage":5,"enemies":"Gremlin Leader","floor":28,"turns":5},{"damage":4,"enemies":"Shelled Parasite and Fungi","floor":29,"turns":3},{"damage":0,"enemies":"Snake Plant","floor":31,"turns":5},{"damage":79,"enemies":"Automaton","floor":33,"turns":14},{"damage":0,"enemies":"Orb Walker","floor":35,"turns":3},{"damage":12,"enemies":"2 Orb Walkers","floor":36,"turns":4},{"damage":9,"enemies":"Reptomancer","floor":40,"turns":5},{"damage":0,"enemies":"3 Darklings","floor":41,"turns":3},{"damage":0,"enemies":"Maw","floor":46,"turns":6},{"damage":16,"enemies":"Jaw Worm Horde","floor":47,"turns":5},{"damage":56,"enemies":"Time Eater","floor":50,"turns":8},{"damage":24,"enemies":"Shield and Spear","floor":54,"turns":4},{"damage":87,"enemies":"The Heart","floor":55,"turns":3}],"seed_played":"4726449209458399313","potions_obtained":[{"floor":5,"key":"SkillPotion"},{"floor":6,"key":"Fire Potion"},{"floor":12,"key":"SpeedPotion"},{"floor":19,"key":"EssenceOfSteel"},{"floor":22,"key":"Regen Potion"},{"floor":33,"key":"Strength Potion"},{"floor":35,"key":"Weak Potion"},{"floor":54,"key":"SkillPotion"}],"is_trial":false,"path_per_floor":["M","?","$","?","M","E","M","?","T","$","?","E","M","?","R","B",null,"M","M","M","?","M","R","E","?","T","$","E","M","R","M","R","B",null,"M","?","?","$","?","E","M","R","T","$","R","M","M","$","R","B",null,"R","$","E","B"],"character_chosen":"IRONCLAD","items_purchased":["Thread and Needle","Whirlwind","Shrug It Off","Bottled Flame","SteroidPotion","Paper Frog","Spot Weakness"],"campfire_rested":0,"item_purchase_floors":[3,10,10,38,44,48,48],"current_hp_per_floor":[72,72,72,72,72,59,63,56,56,56,42,48,54,54,54,44,72,70,72,72,72,72,72,72,72,72,72,72,72,72,72,72,25,72,72,66,61,61,61,58,64,64,64,64,64,70,60,60,60,22,72,72,72,54,0],"gold":38,"neow_bonus":"TWO_FIFTY_GOLD","is_prod":false,"is_daily":false,"chose_seed":false,"campfire_upgraded":7,"win_rate":0,"timestamp":1550513712,"path_taken":["M","?","?","?","M","E","?","?","T","$","?","E","M","?","R","BOSS","M","M","M","?","M","R","E","?","T","$","E","M","R","M","R","BOSS","M","?","?","$","?","E","M","R","T","$","R","?","M","$","R","BOSS","R","$","E","BOSS"],"build_version":"2019-01-23","purchased_purges":1,"victory":false,"max_hp_per_floor":[72,72,72,72,72,72,72,72,72,72,72,72,72,72,72,72,72,72,72,72,72,72,72,72,72,72,72,72,72,72,72,72,72,72,72,72,72,72,72,72,72,72,72,72,72,72,72,72,72,72,72,72,72,72,72],"card_choices":[{"not_picked":["Clothesline","Body Slam"],"picked":"Pommel Strike","floor":1},{"not_picked":["Corruption","Disarm"],"picked":"Body Slam","floor":5},{"not_picked":["Flex","Wild Strike","Rage"],"picked":"SKIP","floor":6},{"not_picked":["Blood for Blood","Wild Strike"],"picked":"Shrug It Off","floor":7},{"not_picked":["Uppercut","Rampage"],"picked":"Spot Weakness","floor":12},{"not_picked":["Disarm","Intimidate","Clothesline"],"picked":"SKIP","floor":13},{"not_picked":["Dark Embrace","Bludgeon"],"picked":"Double Tap","floor":16},{"not_picked":["Flex+1","Combust","Armaments"],"picked":"SKIP","floor":18},{"not_picked":["Wild Strike","Second Wind+1"],"picked":"Ghostly Armor","floor":19},{"not_picked":["Hemokinesis","Pommel Strike","Sword Boomerang"],"picked":"SKIP","floor":20},{"not_picked":["Power Through","Hemokinesis","Spot Weakness"],"picked":"SKIP","floor":22},{"not_picked":["Cleave","Pommel Strike","Thunderclap+1"],"picked":"SKIP","floor":24},{"not_picked":["Dual Wield","Iron Wave","Havoc"],"picked":"SKIP","floor":28},{"not_picked":["Headbutt","Second Wind","Twin Strike+1"],"picked":"SKIP","floor":29},{"not_picked":["Body Slam","Sword Boomerang","Burning Pact"],"picked":"SKIP","floor":31},{"not_picked":["Berserk","Demon Form"],"picked":"Limit Break","floor":33},{"not_picked":["Warcry","Second Wind"],"picked":"Flex+1","floor":35},{"not_picked":["Clothesline","Second Wind"],"picked":"Shrug It Off","floor":40},{"not_picked":["Whirlwind","Dropkick+1"],"picked":"Flex","floor":41},{"not_picked":["Second Wind+1","Shrug It Off","Cleave+1"],"picked":"SKIP","floor":41},{"not_picked":["Corruption","Shockwave","Twin Strike+1"],"picked":"Ghostly Armor+1","floor":46},{"not_picked":["Carnage+1","Power Through+1","Entrench","Shockwave"],"picked":"SKIP","floor":46},{"not_picked":["Corruption","Sentinel+1","Anger"],"picked":"Sword Boomerang","floor":47},{"not_picked":["Burning Pact+1","Corruption+1","Hemokinesis","Warcry"],"picked":"SKIP","floor":47},{"not_picked":["Body Slam","Shockwave+1","Armaments"],"picked":"Battle Trance","floor":54}],"player_experience":642913,"relics_obtained":[{"floor":6,"key":"Bag of Marbles"},{"floor":9,"key":"PreservedInsect"},{"floor":12,"key":"Lantern"},{"floor":24,"key":"Turnip"},{"floor":24,"key":"Red Skull"},{"floor":28,"key":"Vajra"},{"floor":28,"key":"Meat on the Bone"},{"floor":36,"key":"Incense Burner"},{"floor":40,"key":"Pocketwatch"},{"floor":40,"key":"Prayer Wheel"},{"floor":43,"key":"Question Card"},{"floor":54,"key":"Oddly Smooth Stone"},{"floor":54,"key":"Bottled Lightning"}],"event_choices":[{"cards_removed":["Strike_R"],"damage_healed":0,"gold_gain":0,"player_choice":"Purged","damage_taken":0,"max_hp_gain":0,"max_hp_loss":0,"event_name":"Purifier","floor":2,"gold_loss":0},{"damage_healed":0,"gold_gain":0,"cards_transformed":["Strike_R"],"player_choice":"Transformed","damage_taken":0,"max_hp_gain":0,"max_hp_loss":0,"event_name":"Transmorgrifier","floor":4,"gold_loss":0,"cards_obtained":["Brutality"]},{"damage_healed":0,"gold_gain":0,"player_choice":"Success","damage_taken":7,"relics_obtained":["War Paint"],"max_hp_gain":0,"max_hp_loss":0,"event_name":"Scrap Ooze","floor":8,"gold_loss":0},{"damage_healed":0,"gold_gain":0,"player_choice":"Entered Light","damage_taken":14,"max_hp_gain":0,"max_hp_loss":0,"event_name":"Shining Light","floor":11,"gold_loss":0,"cards_upgraded":["Strike_R","Defend_R"]},{"damage_healed":0,"gold_gain":0,"player_choice":"Bought 0 Potions","damage_taken":0,"max_hp_gain":0,"max_hp_loss":0,"event_name":"The Woman in Blue","floor":14,"gold_loss":0},{"damage_healed":0,"gold_gain":0,"player_choice":"Opened","damage_taken":0,"relics_obtained":["Anchor"],"max_hp_gain":0,"max_hp_loss":0,"event_name":"The Mausoleum","floor":21,"gold_loss":0},{"damage_healed":0,"gold_gain":0,"player_choice":"Simplicity","damage_taken":0,"max_hp_gain":0,"max_hp_loss":0,"event_name":"Back to Basics","floor":25,"gold_loss":0,"cards_upgraded":["Strike_R","Strike_R","Defend_R","Defend_R"]},{"damage_healed":0,"gold_gain":0,"player_choice":"Fight","damage_taken":0,"max_hp_gain":0,"max_hp_loss":0,"event_name":"Mysterious Sphere","floor":36,"gold_loss":0},{"damage_healed":0,"gold_gain":0,"player_choice":"Memory 2","damage_taken":5,"max_hp_gain":0,"max_hp_loss":0,"event_name":"SensoryStone","floor":37,"gold_loss":0},{"damage_healed":0,"gold_gain":0,"player_choice":"Ignored","damage_taken":0,"max_hp_gain":0,"max_hp_loss":0,"event_name":"SecretPortal","floor":39,"gold_loss":0}],"is_beta":false,"boss_relics":[{"not_picked":["Sozu","Pandora\u0027s Box"],"picked":"Black Star"},{"not_picked":["Eternal Feather","Snecko Eye"],"picked":"Philosopher\u0027s Stone"}],"items_purged_floors":[27],"is_endless":false,"potions_floor_spawned":[5,6,12,19,22,31,33,35,46,54],"killed_by":"The Heart","ascension_level":0}