{"gold_per_floor":[116,116,34,48,48,48,77,77,77,77,94,48,68,30,30,134,134,152,152,19,19,19,19,54,71,96,96,114,129,143,160,160,256,256,272,291,391,391,41,70,70],"floor_reached":41,"playtime":2427,"items_purged":["Compile Driver"],"score":591,"play_id":"64b0bdb8-7d72-4bbd-b9a3-460323752f33","local_time":"20190329010113","is_ascension_mode":true,"campfire_choices":[{"data":"Zap","floor":6.0,"key":"SMITH"},{"floor":8.0,"key":"REST"},{"data":"Sunder","floor":15.0,"key":"SMITH"},{"data":"Echo Form","floor":23.0,"key":"SMITH"},{"data":"Double Energy","floor":27.0,"key":"SMITH"},{"floor":32.0,"key":"REST"}],"neow_cost":"NONE","seed_source_timestamp":0,"circlet_count":0,"master_deck":["Zap+1","Dualcast","Stack","Chill","Steam","Turbo","Impatience","Sunder+1","Coolheaded","Conserve Battery","Core Surge","Core Surge","Darkness","Echo Form+1","Conserve Battery","All For One","Reprogram","Defragment+1","Gash","Cold Snap","Double Energy+1","White Noise+1","Gash+1","Leap+1","Tempest","Electrodynamics","All For One","Conserve Battery","Defragment+1","Gash+1"],"special_seed":0,"relics":["Cracked Core","Gremlin Horn","Potion Belt","Matryoshka","Pandora\u0027s Box","Blue Candle","Anchor","Art of War","Smiling Mask","Bottled Lightning","Busted Crown","Shovel","Turnip","Lantern"],"potions_floor_usage":[],"damage_taken":[{"damage":2.0,"enemies":"Jaw Worm","floor":1.0,"turns":4.0},{"damage":0.0,"enemies":"Small Slimes","floor":4.0,"turns":4.0},{"damage":37.0,"enemies":"3 Sentries","floor":7.0,"turns":14.0},{"damage":0.0,"enemies":"Cultist","floor":11.0,"turns":5.0},{"damage":0.0,"enemies":"3 Louse","floor":13.0,"turns":3.0},{"damage":0.0,"enemies":"Slime Boss","floor":16.0,"turns":7.0},{"damage":11.0,"enemies":"Shell Parasite","floor":18.0,"turns":3.0},{"damage":0.0,"enemies":"Gremlin Leader","floor":24.0,"turns":5.0},{"damage":0.0,"enemies":"2 Thieves","floor":25.0,"turns":4.0},{"damage":19.0,"enemies":"Snecko","floor":28.0,"turns":5.0},{"damage":5.0,"enemies":"Snake Plant","floor":29.0,"turns":3.0},{"damage":18.0,"enemies":"Centurion and Healer","floor":30.0,"turns":5.0},{"damage":6.0,"enemies":"3 Cultists","floor":31.0,"turns":4.0},{"damage":22.0,"enemies":"Collector","floor":33.0,"turns":7.0},{"damage":14.0,"enemies":"3 Darklings","floor":35.0,"turns":2.0},{"damage":0.0,"enemies":"3 Shapes","floor":36.0,"turns":2.0},{"damage":0.0,"enemies":"Mind Bloom Boss Battle","floor":37.0,"turns":4.0},{"damage":48,"enemies":"Giant Head","floor":40,"turns":6},{"damage":23,"enemies":"3 Darklings","floor":41,"turns":1}],"seed_played":"-3315601407292767052","potions_obtained":[{"floor":1.0,"key":"SpeedPotion"},{"floor":7.0,"key":"Strength Potion"},{"floor":13.0,"key":"PowerPotion"},{"floor":28.0,"key":"Fire Potion"},{"floor":29.0,"key":"Regen Potion"},{"floor":30.0,"key":"FocusPotion"},{"floor":35.0,"key":"EssenceOfSteel"}],"is_trial":false,"path_per_floor":["M","?","$","M","?","R","E","R","T","?","M","$","M","$","R","B",null,"M","T","$","?","?","R","E","M","T","R","M","M","M","M","R","B",null,"M","M","?","?","$","E","M"],"character_chosen":"DEFECT","items_purchased":["Chill","Coolheaded","FTL","Gash","Cold Snap","Double Energy","Turnip"],"campfire_rested":2,"item_purchase_floors":[3,12,14,20,20,20,39],"current_hp_per_floor":[80,73,73,73,66,66,29,53,53,53,53,53,53,53,53,53,82,71,71,71,71,71,71,71,71,71,71,52,47,29,23,47,25,82,68,68,68,68,68,20,0],"gold":70,"neow_bonus":"TEN_PERCENT_HP_BONUS","is_prod":false,"is_daily":false,"chose_seed":false,"campfire_upgraded":4,"win_rate":0,"timestamp":1553835673,"path_taken":["M","?","$","M","?","R","E","R","T","?","M","$","M","$","R","BOSS","M","?","$","?","?","R","E","M","T","R","M","?","M","M","R","BOSS","M","M","?","?","$","E","M"],"build_version":"2019-01-23","purchased_purges":1,"victory":false,"max_hp_per_floor":[82,82,82,82,82,82,82,82,82,82,82,82,82,82,82,82,82,82,82,82,82,82,82,82,82,82,82,82,82,82,82,82,82,82,82,82,82,82,82,82,82],"card_choices":[{"not_picked":["Aggregate","Steam"],"picked":"Stack","floor":1.0},{"not_picked":["Reprogram","Fusion"],"picked":"Steam","floor":4.0},{"not_picked":["Aggregate","Gash"],"picked":"Turbo","floor":7.0},{"not_picked":["Compile Driver","Steam"],"picked":"Sunder","floor":11.0},{"not_picked":["Storm","Coolheaded"],"picked":"Conserve Battery","floor":13.0},{"not_picked":["Buffer","Meteor Strike"],"picked":"Core Surge","floor":16.0},{"not_picked":["Capacitor","Conserve Battery"],"picked":"Defragment+1","floor":18.0},{"not_picked":["Rebound","Hologram"],"picked":"White Noise+1","floor":24.0},{"not_picked":["Sweeping Beam+1","Rip and Tear"],"picked":"Gash+1","floor":25.0},{"not_picked":["Self Repair","Steam+1"],"picked":"Leap+1","floor":28.0},{"not_picked":["Redo","Hologram","Undo"],"picked":"SKIP","floor":29.0},{"not_picked":["Sweeping Beam+1","Leap"],"picked":"Tempest","floor":30.0},{"not_picked":["Turbo","Auto Shields"],"picked":"Electrodynamics","floor":31.0},{"not_picked":["Fission","Hyperbeam"],"picked":"All For One","floor":33.0},{"not_picked":[],"picked":"Conserve Battery","floor":35.0},{"not_picked":["Auto Shields"],"picked":"SKIP","floor":36.0},{"not_picked":[],"picked":"Defragment+1","floor":37},{"not_picked":[],"picked":"Gash+1","floor":40}],"player_experience":1277744,"relics_obtained":[{"floor":7.0,"key":"Potion Belt"},{"floor":9.0,"key":"Matryoshka"},{"floor":19.0,"key":"Blue Candle"},{"floor":19.0,"key":"Anchor"},{"floor":24.0,"key":"Art of War"},{"floor":26.0,"key":"Smiling Mask"},{"floor":26.0,"key":"Bottled Lightning"},{"floor":37,"key":"Shovel"},{"floor":40,"key":"Lantern"}],"event_choices":[{"cards_removed":["Strike_B"],"damage_healed":0.0,"max_hp_gain":0.0,"max_hp_loss":0.0,"gold_gain":0.0,"event_name":"Golden Wing","player_choice":"Card Removal","floor":2.0,"gold_loss":0.0,"damage_taken":7.0},{"damage_healed":0.0,"max_hp_gain":0.0,"max_hp_loss":0.0,"gold_gain":0.0,"event_name":"Scrap Ooze","player_choice":"Success","floor":5.0,"gold_loss":0.0,"damage_taken":7.0,"relics_obtained":["Gremlin Horn"]},{"damage_healed":0.0,"max_hp_gain":0.0,"max_hp_loss":0.0,"gold_gain":0.0,"event_name":"Match and Keep!","player_choice":"1 cards matched","floor":10.0,"gold_loss":0.0,"damage_taken":0.0,"cards_obtained":["Impatience"]},{"damage_healed":0.0,"max_hp_gain":0.0,"max_hp_loss":0.0,"gold_gain":0.0,"event_name":"Vampires","player_choice":"Ignored","floor":22.0,"gold_loss":0.0,"damage_taken":0.0},{"damage_healed":0.0,"max_hp_gain":0.0,"max_hp_loss":0.0,"gold_gain":0.0,"event_name":"MindBloom","player_choice":"Fight","floor":37.0,"gold_loss":0.0,"damage_taken":0.0},{"cards_removed":["FTL"],"damage_healed":0,"gold_gain":0,"player_choice":"Removed Attack","damage_taken":0,"max_hp_gain":0,"max_hp_loss":0,"event_name":"Falling","floor":38,"gold_loss":0}],"is_beta":false,"boss_relics":[{"not_picked":["Snecko Eye","Runic Dome"],"picked":"Pandora\u0027s Box"},{"not_picked":["FrozenCore","Black Star"],"picked":"Busted Crown"}],"items_purged_floors":[39],"is_endless":false,"potions_floor_spawned":[1,7,13,28,29,30,33,35,37],"killed_by":"3 Darklings","ascension_level":3}