{"gold_per_floor":[109,119,139,139,155,188,188,221,221,247,247,269,303,62,62,138,138,158,158,168,188,199,199,233,233,258,293,311,311,342,156,156,156],"floor_reached":33,"playtime":2007,"items_purged":["Strike_B","Strike_B"],"score":666,"play_id":"8f8a2545-7194-40e5-9ad0-4c229dcb2934","local_time":"20190319203206","is_ascension_mode":true,"campfire_choices":[{"floor":7.0,"key":"REST"},{"data":"Darkness","floor":11.0,"key":"SMITH"},{"floor":15.0,"key":"REST"},{"floor":23.0,"key":"REST"},{"floor":25.0,"key":"REST"},{"data":"Seek","floor":32.0,"key":"SMITH"}],"neow_cost":"PERCENT_DAMAGE","seed_source_timestamp":528552773937650,"circlet_count":0,"master_deck":["AscendersBane","Strike_B","Strike_B","Defend_B","Defend_B","Defend_B","Defend_B","Zap","Dualcast","Cold Snap","Gash","Go for the Eyes","Doom and Gloom","Darkness+1","Core Surge","Auto Shields","BootSequence","Seek+1","Conserve Battery+1","Turbo","Cold Snap+1","Conserve Battery+1","Coolheaded+1","Self Repair+1","Echo Form"],"special_seed":0,"relics":["Cracked Core","Oddly Smooth Stone","Symbiotic Virus","Ornamental Fan","Blood Vial","Odd Mushroom","Darkstone Periapt","PreservedInsect","Inserter","Art of War","Boot","War Paint","Question Card","Letter Opener","Ancient Tea Set"],"potions_floor_usage":[33],"damage_taken":[{"damage":7.0,"enemies":"Jaw Worm","floor":1.0,"turns":4.0},{"damage":0.0,"enemies":"Cultist","floor":2.0,"turns":3.0},{"damage":4.0,"enemies":"2 Louse","floor":3.0,"turns":3.0},{"damage":19.0,"enemies":"Large Slime","floor":5.0,"turns":5.0},{"damage":11.0,"enemies":"3 Sentries","floor":6.0,"turns":6.0},{"damage":13.0,"enemies":"Lagavulin","floor":8.0,"turns":6.0},{"damage":41.0,"enemies":"Gremlin Nob","floor":10.0,"turns":5.0},{"damage":4.0,"enemies":"The Mushroom Lair","floor":12.0,"turns":3.0},{"damage":9.0,"enemies":"Lagavulin","floor":13.0,"turns":6.0},{"damage":14.0,"enemies":"The Guardian","floor":16.0,"turns":9.0},{"damage":6.0,"enemies":"3 Byrds","floor":18.0,"turns":5.0},{"damage":6.0,"enemies":"Shell Parasite","floor":20.0,"turns":5.0},{"damage":13.0,"enemies":"Snake Plant","floor":21.0,"turns":5.0},{"damage":25.0,"enemies":"3 Cultists","floor":22.0,"turns":4.0},{"damage":16.0,"enemies":"Slavers","floor":24.0,"turns":6.0},{"damage":14.0,"enemies":"Book of Stabbing","floor":27.0,"turns":5.0},{"damage":0.0,"enemies":"Snecko","floor":28.0,"turns":5.0},{"damage":26.0,"enemies":"Slavers","floor":30.0,"turns":7.0},{"damage":58,"enemies":"Automaton","floor":33,"turns":10}],"seed_played":"4584966392603795452","potions_obtained":[{"floor":2.0,"key":"Fire Potion"},{"floor":5.0,"key":"LiquidBronze"},{"floor":8.0,"key":"Energy Potion"},{"floor":12.0,"key":"SneckoOil"},{"floor":16.0,"key":"EssenceOfSteel"},{"floor":18.0,"key":"Ancient Potion"},{"floor":20.0,"key":"Swift Potion"},{"floor":21.0,"key":"Strength Potion"}],"is_trial":false,"path_per_floor":["M","M","M","?","M","E","R","E","T","E","R","?","E","$","R","B",null,"M","?","M","M","M","R","E","R","T","E","M","T","E","$","R","B"],"character_chosen":"DEFECT","items_purchased":["PreservedInsect","Regen Potion"],"campfire_rested":4,"item_purchase_floors":[14,31],"current_hp_per_floor":[53,53,49,85,66,55,80,67,67,26,26,24,17,17,42,30,71,67,67,63,52,29,54,40,65,65,53,55,55,41,41,41,0],"gold":156,"neow_bonus":"TWENTY_PERCENT_HP_BONUS","is_prod":false,"is_daily":false,"chose_seed":false,"campfire_upgraded":2,"win_rate":0,"timestamp":1553045526,"path_taken":["M","M","M","?","?","E","R","E","T","E","R","?","E","$","R","BOSS","M","?","?","M","M","R","E","R","T","E","M","?","E","?","R","BOSS"],"build_version":"2019-01-23","purchased_purges":2,"victory":false,"max_hp_per_floor":[85,85,85,85,85,85,85,85,85,85,85,85,85,85,85,85,85,85,85,85,85,85,85,85,85,85,85,85,85,85,85,85,85],"card_choices":[{"not_picked":["Sweeping Beam","Coolheaded"],"picked":"Cold Snap","floor":1.0},{"not_picked":["Aggregate","Leap"],"picked":"Gash","floor":2.0},{"not_picked":["Hologram","Fusion"],"picked":"Melter","floor":3.0},{"not_picked":["Streamline","Beam Cell"],"picked":"Go for the Eyes","floor":5.0},{"not_picked":["Undo","Buffer"],"picked":"Doom and Gloom","floor":6.0},{"not_picked":["Turbo","Creative AI"],"picked":"Darkness","floor":8.0},{"not_picked":["Storm","Consume"],"picked":"Core Surge","floor":10.0},{"not_picked":["Double Energy","Defragment"],"picked":"Auto Shields","floor":12.0},{"not_picked":["Gash","Beam Cell"],"picked":"BootSequence","floor":13.0},{"not_picked":["Meteor Strike","Amplify"],"picked":"Seek","floor":16.0},{"not_picked":["Stack","White Noise"],"picked":"Conserve Battery","floor":18.0},{"not_picked":["Hello World","Stack"],"picked":"Turbo","floor":20.0},{"not_picked":["Auto Shields","Beam Cell"],"picked":"Cold Snap+1","floor":21.0},{"not_picked":["Gash","Leap"],"picked":"Conserve Battery","floor":22.0},{"not_picked":["Glacier","Gash"],"picked":"Coolheaded+1","floor":24.0},{"not_picked":["Compile Driver","BootSequence","Sweeping Beam"],"picked":"SKIP","floor":27.0},{"not_picked":["Auto Shields","Gash","Rebound"],"picked":"Self Repair+1","floor":28.0},{"not_picked":["Genetic Algorithm","Ball Lightning","Creative AI"],"picked":"Echo Form","floor":30.0}],"player_experience":855407,"relics_obtained":[{"floor":6.0,"key":"Oddly Smooth Stone"},{"floor":8.0,"key":"Symbiotic Virus"},{"floor":9.0,"key":"Ornamental Fan"},{"floor":10.0,"key":"Blood Vial"},{"floor":12.0,"key":"Odd Mushroom"},{"floor":13.0,"key":"Darkstone Periapt"},{"floor":19.0,"key":"Art of War"},{"floor":24.0,"key":"Boot"},{"floor":26.0,"key":"War Paint"},{"floor":27.0,"key":"Question Card"},{"floor":29.0,"key":"Letter Opener"},{"floor":30.0,"key":"Ancient Tea Set"}],"event_choices":[{"cards_removed":["Melter"],"damage_healed":36.0,"max_hp_gain":0.0,"max_hp_loss":0.0,"gold_gain":0.0,"event_name":"Bonfire Elementals","player_choice":"Offered Uncommon","floor":4.0,"gold_loss":0.0,"damage_taken":0.0},{"damage_healed":0.0,"max_hp_gain":0.0,"max_hp_loss":0.0,"gold_gain":0.0,"event_name":"Mushrooms","player_choice":"Fought Mushrooms","floor":12.0,"gold_loss":0.0,"damage_taken":0.0},{"damage_healed":0.0,"max_hp_gain":0.0,"max_hp_loss":0.0,"gold_gain":0.0,"event_name":"Wheel of Change","player_choice":"Relic","floor":19.0,"gold_loss":0.0,"damage_taken":0.0}],"is_beta":false,"boss_relics":[{"not_picked":["Coffee Dripper","White Beast Statue"],"picked":"Inserter"}],"items_purged_floors":[14,31],"is_endless":false,"potions_floor_spawned":[2,5,8,12,16,18,20,21],"killed_by":"Automaton","ascension_level":20}