{"gold_per_floor":[119,135,100,175,47,78,78,90,90,108,108,124,124,152,152,229,229,243,76,89,89],"floor_reached":21,"playtime":1282,"items_purged":[],"score":396,"play_id":"f3f7d394-5ee9-4bc0-9005-f108f8e24b60","local_time":"20190325170154","is_ascension_mode":true,"campfire_choices":[{"floor":7,"key":"REST"},{"data":"Havoc","floor":13,"key":"SMITH"},{"data":"Demon Form","floor":15,"key":"SMITH"}],"neow_cost":"PERCENT_DAMAGE","seed_source_timestamp":8944653864444,"circlet_count":0,"master_deck":["AscendersBane","Strike_R","Strike_R","Strike_R","Strike_R","Defend_R","Defend_R","Defend_R","Bash","Limit Break","Demon Form+1","Ghostly Armor","Metallicize","Pommel Strike","Clothesline","Havoc+1","Immolate","Feed","Warcry","Ghostly Armor"],"relics":["Burning Blood","Pocketwatch","FossilizedHelix","Strawberry","White Beast Statue","Regal Pillow"],"potions_floor_usage":[21,21],"damage_taken":[{"damage":21,"enemies":"Small Slimes","floor":1,"turns":5},{"damage":4,"enemies":"2 Louse","floor":2,"turns":4},{"damage":42,"enemies":"3 Sentries","floor":6,"turns":12},{"damage":4,"enemies":"Jaw Worm","floor":8,"turns":4},{"damage":0,"enemies":"2 Fungi Beasts","floor":10,"turns":4},{"damage":0,"enemies":"Looter","floor":12,"turns":3},{"damage":0,"enemies":"Lagavulin","floor":14,"turns":5},{"damage":25,"enemies":"The Guardian","floor":16,"turns":8},{"damage":17,"enemies":"2 Thieves","floor":18,"turns":3},{"damage":38,"enemies":"3 Byrds","floor":20,"turns":5},{"damage":55,"enemies":"Sentry and Sphere","floor":21,"turns":7}],"seed_played":"-3326243383907519544","potions_obtained":[{"floor":2,"key":"FairyPotion"},{"floor":10,"key":"LiquidBronze"},{"floor":16,"key":"Strength Potion"},{"floor":18,"key":"EntropicBrew"}],"is_trial":false,"path_per_floor":["M","M","?","?","$","E","R","M","T","M","?","M","R","E","R","B",null,"M","$","M","M"],"character_chosen":"IRONCLAD","items_purchased":["Ghostly Armor","Metallicize","Regal Pillow"],"campfire_rested":1,"item_purchase_floors":[5,5,19],"current_hp_per_floor":[35,37,55,44,44,8,30,32,32,38,38,44,44,57,57,38,71,63,63,34,0],"gold":89,"neow_bonus":"TRANSFORM_TWO_CARDS","is_prod":false,"is_daily":false,"chose_seed":false,"campfire_upgraded":2,"win_rate":0,"timestamp":1553529714,"path_taken":["M","M","?","?","$","E","R","M","T","M","?","M","R","E","R","BOSS","M","$","M","M"],"build_version":"2019-01-23","purchased_purges":0,"victory":false,"max_hp_per_floor":[75,75,75,75,75,75,75,75,75,75,75,75,75,82,82,82,82,85,85,88,91],"card_choices":[{"not_picked":["Warcry","Sword Boomerang","Clash"],"picked":"SKIP","floor":1},{"not_picked":["Sword Boomerang","Inflame","Warcry"],"picked":"SKIP","floor":2},{"not_picked":["Searing Blow","Rage"],"picked":"Pommel Strike","floor":6},{"not_picked":["Power Through","Warcry"],"picked":"Clothesline","floor":8},{"not_picked":["Fire Breathing","Hemokinesis"],"picked":"Havoc","floor":10},{"not_picked":["Spot Weakness","Twin Strike"],"picked":"Immolate","floor":12},{"not_picked":["Body Slam","Carnage","Sword Boomerang"],"picked":"SKIP","floor":14},{"not_picked":["Exhume","Dark Embrace"],"picked":"Feed","floor":16},{"not_picked":["Havoc","Infernal Blade+1"],"picked":"Warcry","floor":18},{"not_picked":["Blood for Blood","Body Slam+1"],"picked":"Ghostly Armor","floor":20}],"player_experience":776614,"relics_obtained":[{"floor":6,"key":"Pocketwatch"},{"floor":9,"key":"FossilizedHelix"},{"floor":14,"key":"Strawberry"}],"event_choices":[{"damage_healed":18,"gold_gain":0,"player_choice":"Healed","damage_taken":0,"max_hp_gain":0,"max_hp_loss":0,"event_name":"The Cleric","floor":3,"gold_loss":35},{"damage_healed":0,"gold_gain":75,"player_choice":"Gather Gold","damage_taken":11,"max_hp_gain":0,"max_hp_loss":0,"event_name":"World of Goop","floor":4,"gold_loss":0},{"damage_healed":0,"gold_gain":0,"player_choice":"Ignored","damage_taken":0,"max_hp_gain":0,"max_hp_loss":0,"event_name":"Golden Idol","floor":11,"gold_loss":0}],"is_beta":false,"boss_relics":[{"not_picked":["Pandora\u0027s Box","Coffee Dripper"],"picked":"White Beast Statue"}],"items_purged_floors":[],"is_endless":false,"potions_floor_spawned":[2,10,12,16,18,20],"killed_by":"Sentry and Sphere","ascension_level":17}