{"gold_per_floor":[209,224,399,417,434,434,467,487,567,581,593,23,23,50,50,149,149,159,40,139,156,175,175,26,26,26,26,52,52,84,99,99,99],"floor_reached":33,"playtime":2242,"items_purged":["Doubt"],"score":381,"play_id":"33b86029-8303-4b71-9d5d-04b15d38b2bd","local_time":"20180819024225","is_ascension_mode":true,"campfire_choices":[{"data":"Inflame","floor":6,"key":"SMITH"},{"floor":13,"key":"REST"},{"data":"Heavy Blade","floor":15,"key":"SMITH"},{"floor":23,"key":"REST"},{"floor":27,"key":"REST"},{"floor":29,"key":"REST"},{"floor":32,"key":"REST"}],"neow_cost":"NONE","seed_source_timestamp":4336151487983842,"circlet_count":0,"master_deck":["Strike_R","Strike_R","Strike_R","Strike_R","Strike_R","Defend_R","Defend_R","Defend_R","Defend_R","Bash","Iron Wave","Inflame+1","Thunderclap","Flame Barrier","Inflame","Infernal Blade","Warcry","Chrysalis","Iron Wave","Heavy Blade+1","Double Tap","Seeing Red","Thunderclap","Ghostly Armor","Anger","Twin Strike","Infernal Blade","Rage","Armaments","Flex","Metallicize+1","Seeing Red+1","Demon Form","Burning Pact+1","Rage"],"relics":["Burning Blood","Red Skull","Bottled Flame","Tiny Chest","Bag of Preparation","StoneCalendar","Orrery","Potion Belt","Smiling Mask","Omamori","Dream Catcher"],"potions_floor_usage":[16,16,28,28,30,31],"damage_taken":[{"damage":9,"enemies":"Jaw Worm","floor":1,"turns":5},{"damage":3,"enemies":"2 Louse","floor":2,"turns":4},{"damage":6,"enemies":"Cultist","floor":4,"turns":3},{"damage":8,"enemies":"Red Slaver","floor":5,"turns":3},{"damage":48,"enemies":"Gremlin Nob","floor":7,"turns":6},{"damage":2,"enemies":"Looter","floor":8,"turns":4},{"damage":0,"enemies":"3 Louse","floor":10,"turns":2},{"damage":17,"enemies":"Exordium Thugs","floor":11,"turns":3},{"damage":24,"enemies":"Lagavulin","floor":14,"turns":8},{"damage":3,"enemies":"The Guardian","floor":16,"turns":7},{"damage":27,"enemies":"Shell Parasite","floor":18,"turns":6},{"damage":15,"enemies":"3 Byrds","floor":21,"turns":7},{"damage":23,"enemies":"Snake Plant","floor":22,"turns":3},{"damage":62,"enemies":"Book of Stabbing","floor":28,"turns":7},{"damage":41,"enemies":"Gremlin Leader","floor":30,"turns":7},{"damage":5,"enemies":"Centurion and Healer","floor":31,"turns":5},{"damage":53,"enemies":"Champ","floor":33,"turns":6}],"seed_played":"645225313253560742","potions_obtained":[{"floor":5,"key":"Energy Potion"},{"floor":8,"key":"Fire Potion"},{"floor":11,"key":"Swift Potion"},{"floor":16,"key":"Swift Potion"},{"floor":21,"key":"Swift Potion"},{"floor":30,"key":"FearPotion"}],"is_trial":false,"path_per_floor":["M","M","?","M","M","R","E","M","T","M","M","$","R","E","R","B",null,"M","$","?","M","M","R","$","?","T","R","E","R","E","M","R"],"character_chosen":"IRONCLAD","items_purchased":["Chrysalis","Tiny Chest","Bag of Preparation","Iron Wave","Rage","Armaments","Potion Belt"],"campfire_rested":5,"item_purchase_floors":[12,12,12,12,19,19,24],"current_hp_per_floor":[77,80,80,80,78,78,36,40,40,46,35,35,59,41,41,44,80,59,59,59,50,33,57,57,57,57,80,24,48,13,14,38,0],"gold":99,"neow_bonus":"HUNDRED_GOLD","is_prod":false,"is_daily":false,"chose_seed":false,"campfire_upgraded":2,"win_rate":0,"timestamp":1534642945,"path_taken":["M","M","?","?","M","R","E","M","T","M","M","$","R","E","R","BOSS","M","$","?","M","?","R","$","?","T","R","E","R","E","?","R","BOSS"],"build_version":"2018-08-16","purchased_purges":1,"victory":false,"max_hp_per_floor":[80,80,80,80,80,80,80,80,80,80,80,80,80,80,80,80,80,80,80,80,80,80,80,80,80,80,80,80,80,80,80,80,80],"card_choices":[{"not_picked":["Havoc","Twin Strike"],"picked":"Iron Wave","floor":1},{"not_picked":["Dropkick","Rampage"],"picked":"Inflame","floor":2},{"not_picked":["Warcry","Cleave"],"picked":"Thunderclap","floor":4},{"not_picked":["Cleave","Twin Strike"],"picked":"Flame Barrier","floor":5},{"not_picked":["Corruption","Clothesline"],"picked":"Inflame","floor":7},{"not_picked":["Dropkick","Armaments"],"picked":"Infernal Blade","floor":8},{"not_picked":["Bludgeon","True Grit","Perfected Strike"],"picked":"SKIP","floor":10},{"not_picked":["Reckless Charge","Fire Breathing"],"picked":"Warcry","floor":11},{"not_picked":["Bludgeon","Sword Boomerang"],"picked":"Heavy Blade","floor":14},{"not_picked":["Dark Embrace","Impervious"],"picked":"Double Tap","floor":16},{"not_picked":["True Grit","Havoc"],"picked":"Seeing Red","floor":17},{"not_picked":["Body Slam","Dropkick"],"picked":"Thunderclap","floor":17},{"not_picked":["Hemokinesis","Body Slam"],"picked":"Ghostly Armor","floor":17},{"not_picked":["Armaments","Rupture"],"picked":"Anger","floor":17},{"not_picked":["Sever Soul","Power Through"],"picked":"Twin Strike","floor":17},{"not_picked":["Offering","True Grit"],"picked":"Infernal Blade","floor":18},{"not_picked":["Clothesline","Heavy Blade"],"picked":"Flex","floor":21},{"not_picked":["Wild Strike+1","Sentinel"],"picked":"Metallicize+1","floor":22},{"not_picked":["Uppercut","Evolve"],"picked":"Seeing Red+1","floor":28},{"not_picked":["Cleave","Disarm"],"picked":"Demon Form","floor":30},{"not_picked":["Battle Trance","Carnage+1"],"picked":"Burning Pact+1","floor":31},{"not_picked":["Warcry","Clothesline+1"],"picked":"Rage","floor":32}],"player_experience":408766,"relics_obtained":[{"floor":7,"key":"Red Skull"},{"floor":9,"key":"Bottled Flame"},{"floor":14,"key":"StoneCalendar"},{"floor":26,"key":"Smiling Mask"},{"floor":28,"key":"Omamori"},{"floor":30,"key":"Dream Catcher"}],"event_choices":[{"event_name":"Liars Game","player_choice":"agreed","floor":3,"damage_taken":0},{"event_name":"Nest","player_choice":"Stole From Cult","floor":20,"damage_taken":0},{"event_name":"Beggar","player_choice":"Ignored","floor":25,"damage_taken":0}],"is_beta":false,"boss_relics":[{"not_picked":["Calling Bell","Astrolabe"],"picked":"Orrery"}],"items_purged_floors":[12],"is_endless":false,"potions_floor_spawned":[5,8,11,16,21,30],"killed_by":"Champ","ascension_level":4}