{"gold_per_floor":[111,111,35,45,45,73,73,107,176,193,193,210,240,256,256,357,357,374,384,384,22,32,32,45,79,79,79,89,14,14,34,34,138,138,149,166,178,198,214,229,244,244,244,299,319,12,30,57,57,57,57,57,19,46,46],"floor_reached":55,"playtime":4335,"items_purged":[],"score":770,"play_id":"7f0c7402-48c0-404f-8aed-25ae27d2e56c","local_time":"20190224225754","is_ascension_mode":false,"campfire_choices":[{"data":"Offering","floor":7,"key":"SMITH"},{"data":"Pommel Strike","floor":11,"key":"SMITH"},{"data":"Inflame","floor":15,"key":"SMITH"},{"data":"Heavy Blade","floor":23,"key":"SMITH"},{"data":"Shockwave","floor":27,"key":"SMITH"},{"data":"Shrug It Off","floor":32,"key":"SMITH"},{"floor":42,"key":"RECALL"},{"floor":49,"key":"REST"},{"data":"Heavy Blade","floor":52,"key":"SMITH"}],"neow_cost":"NONE","seed_source_timestamp":32213073244137,"circlet_count":0,"master_deck":["Strike_R","Defend_R","Defend_R+1","Defend_R+1","Bash","Offering+1","Inflame+1","Pommel Strike+1","Shrug It Off+1","Flame Barrier","Demon Form+1","Heavy Blade+1","Dark Shackles","Offering+1","Shrug It Off+1","Shockwave+1","Barricade","Combust+1","Flex+1","Immolate+1","Heavy Blade+1","Whirlwind+1","Double Tap","Flame Barrier+1","Evolve"],"relics":["Burning Blood","Bag of Preparation","Anchor","Singing Bowl","Pen Nib","Mark of Pain","DollysMirror","PreservedInsect","Bottled Lightning","Shuriken","Astrolabe","Ice Cream","Incense Burner","Turnip","War Paint"],"potions_floor_usage":[6,13,16,25,37,40,41,48,48,50,50,55],"damage_taken":[{"damage":6,"enemies":"Cultist","floor":1,"turns":3},{"damage":7,"enemies":"Jaw Worm","floor":4,"turns":4},{"damage":48,"enemies":"3 Sentries","floor":6,"turns":11},{"damage":12,"enemies":"Gremlin Nob","floor":8,"turns":3},{"damage":0,"enemies":"2 Louse","floor":10,"turns":2},{"damage":6,"enemies":"Lots of Slimes","floor":12,"turns":3},{"damage":12,"enemies":"Lagavulin","floor":13,"turns":5},{"damage":0,"enemies":"3 Louse","floor":14,"turns":3},{"damage":32,"enemies":"Hexaghost","floor":16,"turns":11},{"damage":8,"enemies":"2 Thieves","floor":18,"turns":4},{"damage":6,"enemies":"Chosen","floor":19,"turns":3},{"damage":12,"enemies":"Sentry and Sphere","floor":22,"turns":3},{"damage":6,"enemies":"Cultist and Chosen","floor":24,"turns":4},{"damage":23,"enemies":"Book of Stabbing","floor":25,"turns":2},{"damage":6,"enemies":"Chosen and Byrds","floor":28,"turns":4},{"damage":12,"enemies":"3 Cultists","floor":31,"turns":4},{"damage":23,"enemies":"Champ","floor":33,"turns":5},{"damage":6,"enemies":"Orb Walker","floor":35,"turns":2},{"damage":6,"enemies":"3 Darklings","floor":36,"turns":1},{"damage":6,"enemies":"Jaw Worm Horde","floor":37,"turns":4},{"damage":6,"enemies":"Sphere and 2 Shapes","floor":38,"turns":3},{"damage":11,"enemies":"4 Shapes","floor":39,"turns":4},{"damage":8,"enemies":"Spire Growth","floor":40,"turns":3},{"damage":12,"enemies":"Writhing Mass","floor":41,"turns":4},{"damage":68,"enemies":"2 Orb Walkers","floor":44,"turns":7},{"damage":6,"enemies":"Transient","floor":45,"turns":5},{"damage":7,"enemies":"4 Shapes","floor":47,"turns":9},{"damage":29,"enemies":"Nemesis","floor":48,"turns":5},{"damage":49,"enemies":"Awakened One","floor":50,"turns":6},{"damage":53,"enemies":"Shield and Spear","floor":54,"turns":5},{"damage":82,"enemies":"The Heart","floor":55,"turns":6}],"seed_played":"-612474060540917334","potions_obtained":[{"floor":4,"key":"LiquidBronze"},{"floor":10,"key":"Energy Potion"},{"floor":12,"key":"BloodPotion"},{"floor":13,"key":"Block Potion"},{"floor":14,"key":"SpeedPotion"},{"floor":18,"key":"BloodPotion"},{"floor":22,"key":"AttackPotion"},{"floor":24,"key":"GamblersBrew"},{"floor":28,"key":"Block Potion"},{"floor":39,"key":"Explosive Potion"},{"floor":44,"key":"Swift Potion"},{"floor":45,"key":"SpeedPotion"},{"floor":48,"key":"Regen Potion"},{"floor":54,"key":"Energy Potion"}],"is_trial":false,"path_per_floor":["M","?","$","M","$","E","R","E","T","M","R","M","E","M","R","B",null,"M","M","?","$","M","R","M","E","T","R","M","?","?","M","R","B",null,"M","M","M","M","M","M","M","R","T","?","M","$","M","E","R","B",null,"R","$","E","B"],"character_chosen":"IRONCLAD","items_purchased":["Inflame","DollysMirror","PreservedInsect","Incense Burner","Evolve"],"campfire_rested":1,"item_purchase_floors":[3,21,21,46,53],"current_hp_per_floor":[80,80,80,79,79,37,37,31,31,37,37,39,35,43,43,17,86,84,86,86,86,80,80,82,65,65,65,67,67,67,63,63,46,94,94,96,96,98,93,93,89,89,89,27,29,29,30,19,51,23,108,108,108,63,0],"gold":46,"neow_bonus":"ONE_RANDOM_RARE_CARD","is_prod":false,"is_daily":false,"chose_seed":false,"campfire_upgraded":7,"win_rate":0,"timestamp":1551045474,"path_taken":["M","?","?","M","?","E","R","E","T","M","R","M","E","?","R","BOSS","M","M","?","$","?","R","?","E","T","R","M","?","?","?","R","BOSS","M","M","M","M","?","M","M","R","T","?","M","$","M","E","R","BOSS","R","$","E","BOSS"],"build_version":"2019-01-23","purchased_purges":0,"victory":false,"max_hp_per_floor":[80,80,80,80,80,80,80,80,80,80,80,82,84,86,86,86,86,86,88,88,88,88,88,90,90,90,90,92,92,92,94,94,94,94,94,96,96,98,98,100,102,102,102,102,104,104,106,108,108,108,108,108,108,110,110],"card_choices":[{"not_picked":["Flex","Body Slam","Thunderclap"],"picked":"SKIP","floor":1},{"not_picked":["Fire Breathing","Anger","Intimidate"],"picked":"SKIP","floor":4},{"not_picked":["Clothesline","Iron Wave"],"picked":"Pommel Strike","floor":6},{"not_picked":["Evolve","True Grit"],"picked":"Shrug It Off","floor":8},{"not_picked":["Impervious","Headbutt"],"picked":"Flame Barrier","floor":10},{"not_picked":["Iron Wave","Pommel Strike","Thunderclap"],"picked":"Singing Bowl","floor":12},{"not_picked":["Sword Boomerang","Sentinel","Clothesline"],"picked":"Singing Bowl","floor":13},{"not_picked":["True Grit","Perfected Strike","Seeing Red"],"picked":"Singing Bowl","floor":14},{"not_picked":["Double Tap","Limit Break"],"picked":"Demon Form","floor":16},{"not_picked":["Searing Blow","Intimidate"],"picked":"Heavy Blade","floor":18},{"not_picked":["Iron Wave","Sword Boomerang","True Grit+1"],"picked":"Singing Bowl","floor":19},{"not_picked":["Heavy Blade","Fire Breathing"],"picked":"Shrug It Off+1","floor":22},{"not_picked":["Body Slam+1","Flex","Cleave"],"picked":"Singing Bowl","floor":24},{"not_picked":["Intimidate","Sword Boomerang"],"picked":"Shockwave","floor":25},{"not_picked":["Sever Soul","Twin Strike","Cleave"],"picked":"Singing Bowl","floor":28},{"not_picked":["Rage","Inflame","Power Through"],"picked":"Singing Bowl","floor":31},{"not_picked":["Brutality","Fiend Fire"],"picked":"Barricade","floor":33},{"not_picked":["Armaments+1","Anger+1"],"picked":"Heavy Blade","floor":35},{"not_picked":["Sword Boomerang+1","Flame Barrier","Wild Strike"],"picked":"Singing Bowl","floor":36},{"not_picked":["Uppercut+1","Anger+1"],"picked":"Whirlwind+1","floor":37},{"not_picked":["Spot Weakness+1","Thunderclap+1","Seeing Red"],"picked":"Singing Bowl","floor":38},{"not_picked":["Perfected Strike","Burning Pact+1"],"picked":"Double Tap","floor":39},{"not_picked":["Reckless Charge","Carnage+1","Pommel Strike+1"],"picked":"Singing Bowl","floor":40},{"not_picked":["Cleave+1","Feel No Pain+1","Spot Weakness"],"picked":"Singing Bowl","floor":41},{"not_picked":["Wild Strike","Heavy Blade+1"],"picked":"Flame Barrier+1","floor":44},{"not_picked":["Burning Pact","Dual Wield","Searing Blow"],"picked":"Singing Bowl","floor":45},{"not_picked":["Armaments+1","Second Wind+1","True Grit+1"],"picked":"Singing Bowl","floor":47},{"not_picked":["Anger","Shockwave","Bludgeon"],"picked":"Singing Bowl","floor":48},{"not_picked":["Body Slam+1","Burning Pact","Uppercut+1"],"picked":"Singing Bowl","floor":54}],"player_experience":671192,"relics_obtained":[{"floor":6,"key":"Bag of Preparation"},{"floor":8,"key":"Anchor"},{"floor":9,"key":"Singing Bowl"},{"floor":13,"key":"Pen Nib"},{"floor":25,"key":"Bottled Lightning"},{"floor":26,"key":"Shuriken"},{"floor":44,"key":"Ice Cream"},{"floor":48,"key":"Turnip"},{"floor":54,"key":"War Paint"}],"event_choices":[{"cards_removed":["Strike_R"],"damage_healed":0,"gold_gain":0,"player_choice":"Offered Basic","damage_taken":0,"max_hp_gain":0,"max_hp_loss":0,"event_name":"Bonfire Elementals","floor":2,"gold_loss":0},{"damage_healed":0,"gold_gain":0,"player_choice":"1 cards matched","damage_taken":0,"max_hp_gain":0,"max_hp_loss":0,"event_name":"Match and Keep!","floor":20,"gold_loss":0,"cards_obtained":["Dark Shackles"]},{"damage_healed":0,"gold_gain":0,"player_choice":"1 cards matched","damage_taken":0,"max_hp_gain":0,"max_hp_loss":0,"event_name":"Match and Keep!","floor":20,"gold_loss":0,"cards_obtained":["Dark Shackles"]},{"cards_removed":["Strike_R"],"damage_healed":0,"gold_gain":0,"player_choice":"Gave Gold","damage_taken":0,"max_hp_gain":0,"max_hp_loss":0,"event_name":"Beggar","floor":29,"gold_loss":75},{"damage_healed":0,"gold_gain":0,"player_choice":"Forge","damage_taken":0,"max_hp_gain":0,"max_hp_loss":0,"event_name":"Accursed Blacksmith","floor":30,"gold_loss":0,"cards_upgraded":["Demon Form"]},{"damage_healed":0,"gold_gain":0,"player_choice":"Fight","damage_taken":0,"max_hp_gain":0,"max_hp_loss":0,"event_name":"Mysterious Sphere","floor":44,"gold_loss":0}],"is_beta":false,"boss_relics":[{"not_picked":["Lizard Tail","White Beast Statue"],"picked":"Mark of Pain"},{"not_picked":["Coffee Dripper","Fusion Hammer"],"picked":"Astrolabe"}],"items_purged_floors":[],"is_endless":false,"potions_floor_spawned":[4,10,12,13,14,18,22,24,28,39,44,45,47,48,54],"killed_by":"The Heart","ascension_level":0}