{"gold_per_floor":[14,14,34,45,45,45,45,71,71,91,91,106,106,118,118,216,216,227,227,239,259,274,274,293,293,293,305,333,333,333,353,353,450,450,463,518,530,541,541,541,570,570,570,570],"floor_reached":44,"playtime":5281,"items_purged":[],"score":662,"play_id":"bcf52056-33c0-4339-888f-aadd6f9033f0","local_time":"20180720034710","is_ascension_mode":false,"campfire_choices":[{"data":"Flame Barrier","floor":6,"key":"SMITH"},{"data":"Searing Blow","floor":11,"key":"SMITH"},{"data":"Double Tap","floor":13,"key":"SMITH"},{"data":"Shockwave","floor":15,"key":"SMITH"},{"data":"Body Slam","floor":23,"key":"SMITH"},{"data":"Body Slam","floor":30,"key":"SMITH"},{"data":"Seeing Red","floor":32,"key":"SMITH"},{"floor":40,"key":"REST"},{"floor":42,"key":"REST"}],"neow_cost":"NO_GOLD","seed_source_timestamp":1744999436254692,"circlet_count":0,"master_deck":["Strike_R","Strike_R","Strike_R","Strike_R","Strike_R","Defend_R","Defend_R","Defend_R","Bash","Flame Barrier+1","Blood for Blood+1","Shrug It Off","Anger","Searing Blow+1","Blood for Blood","Double Tap+1","Shockwave+1","Feed","Clothesline+1","Body Slam+1","Anger","Brutality","Body Slam+1","Inflame+1","Metallicize+1","Seeing Red+1","Dark Embrace+1","Infernal Blade","Rupture+1","Headbutt","Perfected Strike","Pummel+1","Feel No Pain+1"],"relics":["Burning Blood","Kunai","Ancient Tea Set","Darkstone Periapt","Sozu","Oddly Smooth Stone","Matryoshka","Frozen Egg 2","Lizard Tail","Bird Faced Urn","Charon\u0027s Ashes","Pen Nib","Juzu Bracelet","Du-Vu Doll"],"potions_floor_usage":[8,10,16,16,33],"damage_taken":[{"damage":11,"enemies":"Jaw Worm","floor":1,"turns":2},{"damage":0,"enemies":"2 Louse","floor":3,"turns":2},{"damage":4,"enemies":"Cultist","floor":4,"turns":5},{"damage":12,"enemies":"3 Sentries","floor":8,"turns":8},{"damage":0,"enemies":"Large Slime","floor":10,"turns":4},{"damage":1,"enemies":"3 Louse","floor":12,"turns":3},{"damage":2,"enemies":"Looter","floor":14,"turns":2},{"damage":43,"enemies":"The Guardian","floor":16,"turns":12},{"damage":25,"enemies":"2 Thieves","floor":18,"turns":4},{"damage":0,"enemies":"3 Byrds","floor":20,"turns":4},{"damage":20,"enemies":"Cultist and Chosen","floor":21,"turns":6},{"damage":10,"enemies":"Centurion and Healer","floor":22,"turns":5},{"damage":14,"enemies":"Snecko","floor":24,"turns":4},{"damage":8,"enemies":"Slaver and Parasite","floor":27,"turns":4},{"damage":25,"enemies":"Book of Stabbing","floor":28,"turns":5},{"damage":5,"enemies":"Cultist and Chosen","floor":31,"turns":7},{"damage":47,"enemies":"Automaton","floor":33,"turns":9},{"damage":12,"enemies":"Orb Walker","floor":35,"turns":4},{"damage":44,"floor":36,"turns":5},{"damage":38,"enemies":"3 Darklings","floor":37,"turns":7},{"damage":25,"enemies":"Transient","floor":38,"turns":5},{"damage":24,"floor":39,"turns":6},{"damage":118,"enemies":"Giant Head","floor":41,"turns":10},{"damage":88,"enemies":"Nemesis","floor":44,"turns":5}],"seed_played":"-3573796221088843254","potions_obtained":[{"floor":1,"key":"Fire Potion"},{"floor":4,"key":"EssenceOfSteel"},{"floor":8,"key":"Fire Potion"},{"floor":10,"key":"SpeedPotion"},{"floor":16,"key":"Regen Potion"}],"is_trial":false,"path_per_floor":["M","?","M","M","?","R","?","E","T","M","R","M","R","M","R","B",null,"M","?","M","M","M","R","M","T","T","M","E","?","R","M","R","B",null,"M","?","M","M","?","R","E","R","T"],"character_chosen":"IRONCLAD","items_purchased":[],"campfire_rested":2,"item_purchase_floors":[],"current_hp_per_floor":[91,91,96,96,71,71,71,65,65,71,71,76,76,80,80,43,96,77,77,86,75,71,71,66,66,66,67,51,51,51,55,55,32,117,111,76,57,42,28,64,36,72,72,0],"gold":570,"neow_bonus":"TWENTY_PERCENT_HP_BONUS","is_prod":false,"is_daily":false,"chose_seed":false,"campfire_upgraded":7,"win_rate":0,"timestamp":1532054830,"path_taken":["M","?","?","M","?","R","?","E","T","M","R","M","R","M","R","BOSS","M","?","M","M","M","R","M","?","T","M","E","?","R","M","R","BOSS","M","?","M","M","?","R","E","R","T","E"],"build_version":"2018-07-19","purchased_purges":0,"victory":false,"max_hp_per_floor":[96,96,96,96,96,96,96,96,96,96,96,96,96,96,96,96,96,96,96,99,102,102,102,105,105,105,108,111,111,111,114,114,117,117,117,120,123,123,123,123,123,123,123,123],"card_choices":[{"not_picked":["Warcry","Disarm"],"picked":"Flame Barrier","floor":1},{"not_picked":["Battle Trance","Second Wind"],"picked":"Shrug It Off","floor":3},{"not_picked":["Clash","Shrug It Off"],"picked":"Anger","floor":4},{"not_picked":["Power Through","Seeing Red"],"picked":"Searing Blow","floor":8},{"not_picked":["True Grit","Uppercut"],"picked":"Blood for Blood","floor":10},{"not_picked":["Clash","Battle Trance"],"picked":"Double Tap","floor":12},{"not_picked":["Rupture","Hemokinesis"],"picked":"Shockwave","floor":14},{"not_picked":["Double Tap","Berserk"],"picked":"Feed","floor":16},{"not_picked":["Corruption","True Grit"],"picked":"Clothesline+1","floor":18},{"not_picked":["Shrug It Off+1","Dual Wield"],"picked":"Body Slam","floor":20},{"not_picked":["Headbutt","Uppercut"],"picked":"Anger","floor":21},{"not_picked":["Iron Wave","Shrug It Off"],"picked":"Brutality","floor":22},{"not_picked":["Armaments","Clash+1"],"picked":"Body Slam","floor":24},{"not_picked":["Pummel","Iron Wave"],"picked":"Inflame","floor":27},{"not_picked":["Juggernaut","Pummel"],"picked":"Metallicize+1","floor":28},{"not_picked":["Twin Strike","Pommel Strike"],"picked":"Seeing Red","floor":31},{"not_picked":["Berserk+1","Fiend Fire"],"picked":"Dark Embrace+1","floor":33},{"not_picked":["Iron Wave","Sword Boomerang+1"],"picked":"Infernal Blade","floor":35},{"not_picked":["Pommel Strike","Sever Soul"],"picked":"Rupture+1","floor":36},{"not_picked":["Shockwave","Sword Boomerang"],"picked":"Headbutt","floor":37},{"not_picked":["Warcry","Disarm"],"picked":"Perfected Strike","floor":38},{"not_picked":["Clothesline","Pommel Strike+1"],"picked":"Pummel+1","floor":39},{"not_picked":["Headbutt+1","Carnage+1"],"picked":"Feel No Pain+1","floor":41}],"player_experience":115405,"relics_obtained":[{"floor":8,"key":"Ancient Tea Set"},{"floor":9,"key":"Darkstone Periapt"},{"floor":25,"key":"Oddly Smooth Stone"},{"floor":26,"key":"Matryoshka"},{"floor":28,"key":"Frozen Egg 2"},{"floor":36,"key":"Bird Faced Urn"},{"floor":39,"key":"Charon\u0027s Ashes"},{"floor":41,"key":"Pen Nib"},{"floor":43,"key":"Juzu Bracelet"},{"floor":43,"key":"Du-Vu Doll"}],"event_choices":[{"event_name":"Living Wall","player_choice":"Change","floor":2,"damage_taken":0},{"event_name":"Scrap Ooze","player_choice":"success","floor":5,"damage_taken":25},{"event_name":"Accursed Blacksmith","player_choice":"Forge","floor":7,"damage_taken":0},{"event_name":"Purifier","player_choice":"One Purge","floor":19,"damage_taken":0},{"event_name":"Upgrade Shrine","player_choice":"Upgraded","floor":29,"damage_taken":0},{"event_name":"Mysterious Sphere","player_choice":"Fight","floor":36,"damage_taken":0},{"event_name":"MindBloom","player_choice":"Fight","floor":39,"damage_taken":0}],"is_beta":false,"boss_relics":[{"not_picked":["Philosopher\u0027s Stone","Fusion Hammer"],"picked":"Sozu"},{"not_picked":["Tiny House","Orrery"],"picked":"Lizard Tail"}],"items_purged_floors":[],"is_endless":false,"potions_floor_spawned":[1,4,8,10,16,20,24,27,28,31,36,38,41],"killed_by":"Nemesis","ascension_level":0}