{"gold_per_floor":[115,125,125,125,140,140,152,227,227,30,30,45,61,80,80,181,181,195,214,214,230,249,249,249],"floor_reached":24,"playtime":1688,"items_purged":[],"score":230,"play_id":"de031325-7617-4ff6-abad-8c9d0d937da4","local_time":"20180815165751","is_ascension_mode":true,"campfire_choices":[{"data":"Shrug It Off","floor":6,"key":"SMITH"},{"data":"Panache","floor":11,"key":"SMITH"},{"data":"1","floor":15,"key":"LIFT"},{"floor":23,"key":"REST"}],"neow_cost":"NONE","seed_source_timestamp":4042432189043086,"circlet_count":0,"master_deck":["Strike_R","Strike_R","Strike_R","Strike_R","Strike_R","Defend_R","Defend_R","Defend_R","Defend_R+1","Bash","Armaments+1","Reaper","Shrug It Off+1","Thunderclap","Panache+1","Whirlwind","Dual Wield","Heavy Blade","Demon Form","Flex","Pommel Strike+1","Seeing Red+1","Seeing Red"],"relics":["Burning Blood","Girya","Runic Pyramid"],"potions_floor_usage":[16,22,24],"damage_taken":[{"damage":9,"enemies":"Small Slimes","floor":1,"turns":4},{"damage":3,"enemies":"Jaw Worm","floor":2,"turns":7},{"damage":1,"enemies":"2 Louse","floor":5,"turns":2},{"damage":3,"enemies":"Exordium Wildlife","floor":7,"turns":7},{"damage":29,"enemies":"Large Slime","floor":12,"turns":7},{"damage":3,"enemies":"Looter","floor":13,"turns":5},{"damage":12,"enemies":"2 Fungi Beasts","floor":14,"turns":4},{"damage":59,"enemies":"Slime Boss","floor":16,"turns":9},{"damage":11,"enemies":"3 Byrds","floor":18,"turns":4},{"damage":21,"enemies":"Spheric Guardian","floor":19,"turns":5},{"damage":48,"enemies":"Snake Plant","floor":21,"turns":6},{"damage":34,"enemies":"Snecko","floor":22,"turns":6},{"damage":43,"enemies":"Gremlin Leader","floor":24,"turns":4}],"seed_played":"-8540328115333166746","potions_obtained":[{"floor":0,"key":"SkillPotion"},{"floor":0,"key":"Regen Potion"},{"floor":0,"key":"SteroidPotion"},{"floor":1,"key":"FairyPotion"},{"floor":16,"key":"Ancient Potion"}],"is_trial":false,"path_per_floor":["M","M","?","?","M","R","M","?","T","$","R","M","M","M","R","B",null,"M","M","?","M","M","R"],"character_chosen":"IRONCLAD","items_purchased":["Panache"],"campfire_rested":1,"item_purchase_floors":[10],"current_hp_per_floor":[77,80,64,80,80,80,80,69,69,69,69,54,57,59,59,26,80,80,65,65,28,14,38,0],"gold":249,"neow_bonus":"THREE_SMALL_POTIONS","is_prod":false,"is_daily":false,"chose_seed":false,"campfire_upgraded":2,"win_rate":0,"timestamp":1534348671,"path_taken":["M","M","?","?","M","R","M","?","T","$","R","M","?","M","R","BOSS","M","M","?","M","M","R","E"],"build_version":"2018-08-09","purchased_purges":0,"victory":false,"max_hp_per_floor":[80,80,80,80,80,80,80,80,80,80,80,80,80,80,80,80,80,80,80,80,80,80,80,80],"card_choices":[{"not_picked":["Havoc","Sentinel"],"picked":"Armaments","floor":1},{"not_picked":["Warcry","Body Slam"],"picked":"Reaper","floor":2},{"not_picked":["Heavy Blade","Pommel Strike"],"picked":"Shrug It Off","floor":5},{"not_picked":["Warcry","Disarm"],"picked":"Thunderclap","floor":7},{"not_picked":["Body Slam","Sentinel"],"picked":"Whirlwind","floor":12},{"not_picked":["Iron Wave","Cleave"],"picked":"Dual Wield","floor":13},{"not_picked":["Whirlwind","Sever Soul"],"picked":"Heavy Blade","floor":14},{"not_picked":["Brutality","Reaper"],"picked":"Demon Form","floor":16},{"not_picked":["Clothesline","True Grit+1"],"picked":"Flex","floor":18},{"not_picked":["Entrench","Burning Pact+1"],"picked":"Pommel Strike+1","floor":19},{"not_picked":["Combust","True Grit"],"picked":"Seeing Red+1","floor":21},{"not_picked":["Thunderclap","Sentinel"],"picked":"Seeing Red","floor":22}],"player_experience":362576,"relics_obtained":[{"floor":9,"key":"Girya"}],"event_choices":[{"event_name":"Shining Light","player_choice":"Entered Light","floor":3,"damage_taken":0},{"event_name":"Big Fish","player_choice":"Banana","floor":4,"damage_taken":0},{"event_name":"World of Goop","player_choice":"Gather Gold","floor":8,"damage_taken":0},{"event_name":"Ghosts","player_choice":"Ignored","floor":20,"damage_taken":0}],"is_beta":false,"boss_relics":[{"not_picked":["Snecko Eye","Lizard Tail"],"picked":"Runic Pyramid"}],"items_purged_floors":[],"is_endless":false,"potions_floor_spawned":[1,13,14,16,19],"killed_by":"Gremlin Leader","ascension_level":4}