{"gold_per_floor":[118,118,134,147,0,0,29,29,55,55,71,88,88,104,104,204,204,221,270,280,300,300,300,3,3,28,45,45,59,59,71,71,170,170,186,0,0,16,16,16,31,47,47,47,47,47,47,70,70,70],"floor_reached":51,"playtime":3981,"items_purged":[],"score":622,"play_id":"c1d821b1-3159-485a-8909-1922ac2987d9","local_time":"20190318014814","is_ascension_mode":false,"campfire_choices":[{"data":"Iron Wave","floor":6,"key":"SMITH"},{"data":"Iron Wave","floor":8,"key":"SMITH"},{"data":"Whirlwind","floor":10,"key":"SMITH"},{"data":"Shrug It Off","floor":13,"key":"SMITH"},{"floor":15,"key":"REST"},{"data":"Anger","floor":23,"key":"SMITH"},{"data":"Rupture","floor":25,"key":"SMITH"},{"floor":30,"key":"REST"},{"floor":32,"key":"REST"},{"data":"True Grit","floor":40,"key":"SMITH"},{"floor":44,"key":"REST"},{"data":"Limit Break","floor":47,"key":"SMITH"},{"data":"Rampage","floor":49,"key":"SMITH"}],"neow_cost":"PERCENT_DAMAGE","seed_source_timestamp":8614396687451,"circlet_count":0,"master_deck":["Strike_R","Strike_R","Strike_R","Defend_R","Defend_R","Defend_R","Bash","Offering","Iron Wave+1","Battle Trance","Whirlwind+1","Iron Wave+1","Combust","Pommel Strike","Clothesline","Power Through","Shrug It Off+1","Second Wind","Limit Break+1","Sword Boomerang+1","Anger+1","Rupture+1","Rampage+1","Intimidate","Spot Weakness","Anger+1","Warcry+1","Impervious","True Grit+1","Flex+1","Fire Breathing+1","Parasite","Rupture+1","Thinking Ahead","Regret"],"relics":["Burning Blood","Centennial Puzzle","Oddly Smooth Stone","Lizard Tail","Dream Catcher","TheAbacus","Boot","Enchiridion","Cursed Key","Red Mask","Mummified Hand","Ancient Tea Set"],"potions_floor_usage":[16,16,21,27,29,33],"damage_taken":[{"damage":6,"enemies":"Small Slimes","floor":1,"turns":4},{"damage":6,"enemies":"Cultist","floor":3,"turns":2},{"damage":7,"enemies":"2 Louse","floor":4,"turns":2},{"damage":14,"enemies":"Gremlin Nob","floor":7,"turns":3},{"damage":1,"enemies":"Blue Slaver","floor":11,"turns":4},{"damage":0,"enemies":"3 Louse","floor":12,"turns":1},{"damage":22,"enemies":"Large Slime","floor":14,"turns":5},{"damage":19,"enemies":"Slime Boss","floor":16,"turns":7},{"damage":27,"enemies":"3 Byrds","floor":18,"turns":5},{"damage":16,"enemies":"Shell Parasite","floor":20,"turns":7},{"damage":26,"enemies":"Snake Plant","floor":21,"turns":6},{"damage":22,"enemies":"Snecko","floor":27,"turns":7},{"damage":25,"enemies":"Shelled Parasite and Fungi","floor":29,"turns":5},{"damage":9,"enemies":"Centurion and Healer","floor":31,"turns":4},{"damage":51,"enemies":"Collector","floor":33,"turns":9},{"damage":3,"enemies":"3 Shapes","floor":35,"turns":3},{"damage":17,"enemies":"3 Darklings","floor":38,"turns":5},{"damage":4,"enemies":"Transient","floor":41,"turns":5},{"damage":31,"enemies":"Sphere and 2 Shapes","floor":42,"turns":4},{"damage":64,"enemies":"Donu and Deca","floor":50,"turns":7}],"seed_played":"6335139749758317759","potions_obtained":[{"floor":3,"key":"GamblersBrew"},{"floor":4,"key":"Strength Potion"},{"floor":7,"key":"Poison Potion"},{"floor":11,"key":"Block Potion"},{"floor":20,"key":"BloodPotion"},{"floor":27,"key":"Poison Potion"},{"floor":29,"key":"SkillPotion"},{"floor":33,"key":"FairyPotion"},{"floor":35,"key":"GamblersBrew"}],"is_trial":false,"path_per_floor":["M","?","M","M","$","R","E","R","T","R","M","M","R","M","R","B",null,"M","T","M","M","?","R","$","R","T","M","?","M","R","M","R","B",null,"M","?","?","M","$","R","M","M","T","R","$","?","R","T","R","B",null],"character_chosen":"IRONCLAD","items_purchased":["Combust","Pommel Strike","Clothesline","Rupture","TheAbacus","Rampage"],"campfire_rested":4,"item_purchase_floors":[5,5,5,24,24,24],"current_hp_per_floor":[56,56,56,55,55,55,47,47,47,47,52,58,58,42,66,53,80,59,59,49,37,63,63,63,63,63,47,31,12,36,33,57,12,80,80,80,80,69,69,69,71,46,46,70,70,70,70,70,70,12],"gold":70,"neow_bonus":"TRANSFORM_TWO_CARDS","is_prod":false,"is_daily":false,"chose_seed":false,"campfire_upgraded":9,"win_rate":0.0,"timestamp":1552873694,"path_taken":["M","?","M","M","$","R","E","R","T","R","M","M","R","M","R","BOSS","M","?","M","M","?","R","$","R","T","M","?","M","R","M","R","BOSS","M","?","?","M","$","R","M","M","T","R","$","?","R","?","R","BOSS"],"build_version":"2019-01-23","purchased_purges":0,"victory":true,"max_hp_per_floor":[80,80,80,80,80,80,80,80,80,80,80,80,80,80,80,80,80,80,80,80,80,80,80,80,80,80,80,80,80,80,80,80,80,80,80,80,80,80,80,80,80,80,80,80,80,80,80,80,80,80],"card_choices":[{"not_picked":["Shrug It Off","Heavy Blade"],"picked":"Battle Trance","floor":1},{"not_picked":["Disarm","Battle Trance"],"picked":"Whirlwind","floor":3},{"not_picked":["Burning Pact","Entrench"],"picked":"Iron Wave","floor":4},{"not_picked":["Body Slam","Cleave"],"picked":"Power Through","floor":7},{"not_picked":["Disarm","Sword Boomerang"],"picked":"Seeing Red","floor":11},{"not_picked":["Twin Strike","Blood for Blood"],"picked":"Shrug It Off","floor":12},{"not_picked":["Pommel Strike","Shockwave"],"picked":"Second Wind","floor":14},{"not_picked":["Brutality","Immolate"],"picked":"Limit Break","floor":16},{"not_picked":["Pummel","Wild Strike"],"picked":"Sword Boomerang+1","floor":18},{"not_picked":["Battle Trance","Headbutt"],"picked":"Anger","floor":20},{"not_picked":["Dual Wield","Cleave","Twin Strike"],"picked":"SKIP","floor":21},{"not_picked":["True Grit","Wild Strike","Clothesline"],"picked":"SKIP","floor":27},{"not_picked":["Metallicize","Armaments"],"picked":"Intimidate","floor":29},{"not_picked":["Shrug It Off","Second Wind"],"picked":"Spot Weakness","floor":30},{"not_picked":["Twin Strike+1","Searing Blow"],"picked":"Anger+1","floor":31},{"not_picked":["Dropkick","Anger"],"picked":"Warcry+1","floor":32},{"not_picked":["Fiend Fire","Bludgeon"],"picked":"Impervious","floor":33},{"not_picked":["Anger","Clothesline"],"picked":"True Grit","floor":35},{"not_picked":["Shrug It Off+1","Body Slam+1"],"picked":"Flex+1","floor":38},{"not_picked":["Armaments","Pummel","Juggernaut"],"picked":"SKIP","floor":41},{"not_picked":["Armaments+1","Searing Blow+1"],"picked":"Fire Breathing+1","floor":42},{"not_picked":["Clothesline","Seeing Red+1"],"picked":"Rupture+1","floor":44},{"not_picked":["Forethought","PanicButton"],"picked":"Thinking Ahead","floor":46}],"player_experience":41041,"relics_obtained":[{"floor":7,"key":"Centennial Puzzle"},{"floor":9,"key":"Oddly Smooth Stone"},{"floor":19,"key":"Dream Catcher"},{"floor":26,"key":"Boot"},{"floor":28,"key":"Enchiridion"},{"floor":43,"key":"Mummified Hand"},{"floor":48,"key":"Ancient Tea Set"}],"event_choices":[{"cards_removed":["Strike_R"],"damage_healed":0,"gold_gain":0,"player_choice":"Offered Basic","damage_taken":0,"max_hp_gain":0,"max_hp_loss":0,"event_name":"Bonfire Elementals","floor":2,"gold_loss":0},{"damage_healed":26,"gold_gain":0,"player_choice":"Heal","damage_taken":0,"max_hp_gain":0,"max_hp_loss":0,"event_name":"The Library","floor":22,"gold_loss":0},{"damage_healed":0,"gold_gain":0,"player_choice":"Obtained Book","damage_taken":16,"max_hp_gain":0,"max_hp_loss":0,"event_name":"Cursed Tome","floor":28,"gold_loss":0},{"damage_healed":0,"gold_gain":0,"player_choice":"Paid","damage_taken":0,"relics_obtained":["Red Mask"],"max_hp_gain":0,"max_hp_loss":0,"event_name":"Tomb of Lord Red Mask","floor":36,"gold_loss":186},{"cards_removed":["Seeing Red"],"damage_healed":0,"gold_gain":0,"player_choice":"Removed Skill","damage_taken":0,"max_hp_gain":0,"max_hp_loss":0,"event_name":"Falling","floor":37,"gold_loss":0},{"damage_healed":0,"gold_gain":0,"player_choice":"Memory 1","damage_taken":0,"max_hp_gain":0,"max_hp_loss":0,"event_name":"SensoryStone","floor":46,"gold_loss":0}],"is_beta":false,"boss_relics":[{"not_picked":["Empty Cage","Runic Dome"],"picked":"Lizard Tail"},{"not_picked":["Eternal Feather","Orrery"],"picked":"Cursed Key"}],"items_purged_floors":[],"is_endless":false,"potions_floor_spawned":[3,4,7,11,20,27,29,33,35],"ascension_level":0}