{"gold_per_floor":[110,121,133,133,147,147,159,159,159,8,0,15,30,43,43,147,147,161,161,172,172,172,172,198,213,213,213,230,230,247,258,258,357,357,377,392,43,63,63,63,0,0,46,46,58,58],"floor_reached":46,"playtime":2893,"items_purged":[],"score":461,"play_id":"ed92cdd0-f4a4-4a01-ac2e-2b101ffdc958","local_time":"20180724113157","is_ascension_mode":false,"campfire_choices":[{"data":"Flex","floor":6,"key":"SMITH"},{"data":"Flex","floor":8,"key":"SMITH"},{"data":"Spot Weakness","floor":15,"key":"SMITH"},{"data":"Dual Wield","floor":23,"key":"SMITH"},{"data":"Perfected Strike","floor":27,"key":"SMITH"},{"data":"Fire Breathing","floor":29,"key":"SMITH"},{"data":"Rage","floor":32,"key":"SMITH"},{"data":"Perfected Strike","floor":40,"key":"SMITH"},{"data":"Limit Break","floor":42,"key":"SMITH"},{"data":"Heavy Blade","floor":44,"key":"SMITH"}],"neow_cost":"NONE","seed_source_timestamp":2120873864801186,"circlet_count":0,"master_deck":["Strike_R+1","Strike_R+1","Strike_R+1","Strike_R+1","Strike_R+1","Defend_R+1","Defend_R+1","Defend_R+1","Defend_R+1","Bash","Berserk","Flex+1","Perfected Strike+1","Heavy Blade+1","Dual Wield+1","Flex+1","Clash","Spot Weakness+1","Perfected Strike+1","Juggernaut","Anger","Anger+1","Shockwave","Pommel Strike","Fire Breathing+1","Headbutt+1","Rage+1","Limit Break+1","Heavy Blade+1","Headbutt","Panache","Pommel Strike","Clash+1","Madness","Madness","Thunderclap+1"],"relics":["Burning Blood","Gremlin Horn","Anchor","Coffee Dripper","Shuriken","Blood Vial","Mango","Dodecahedron","Busted Crown","Orichalcum","Red Mask","Bronze Scales"],"potions_floor_usage":[13,16,16,16,33,33,46],"damage_taken":[{"damage":5,"enemies":"Small Slimes","floor":1,"turns":4},{"damage":0,"enemies":"2 Louse","floor":2,"turns":3},{"damage":0,"enemies":"Cultist","floor":3,"turns":2},{"damage":12,"enemies":"Looter","floor":5,"turns":4},{"damage":13,"enemies":"Large Slime","floor":7,"turns":7},{"damage":1,"enemies":"Lots of Slimes","floor":12,"turns":4},{"damage":0,"enemies":"Red Slaver","floor":13,"turns":2},{"damage":9,"enemies":"Blue Slaver","floor":14,"turns":4},{"damage":56,"enemies":"Hexaghost","floor":16,"turns":9},{"damage":5,"enemies":"2 Thieves","floor":18,"turns":3},{"damage":5,"enemies":"3 Byrds","floor":20,"turns":4},{"damage":11,"enemies":"Gremlin Leader","floor":24,"turns":4},{"damage":2,"enemies":"Sentry and Sphere","floor":25,"turns":3},{"damage":3,"enemies":"Snecko","floor":28,"turns":4},{"damage":11,"enemies":"Centurion and Healer","floor":30,"turns":4},{"damage":3,"enemies":"Snake Plant","floor":31,"turns":2},{"damage":60,"enemies":"Automaton","floor":33,"turns":7},{"damage":0,"enemies":"3 Shapes","floor":35,"turns":2},{"damage":5,"enemies":"Orb Walker","floor":36,"turns":3},{"damage":16,"enemies":"Sphere and 2 Shapes","floor":38,"turns":9},{"damage":10,"enemies":"Maw","floor":45,"turns":5},{"damage":78,"enemies":"Nemesis","floor":46,"turns":5}],"seed_played":"-2102721600800141856","potions_obtained":[{"floor":2,"key":"Weak Potion"},{"floor":5,"key":"Regen Potion"},{"floor":7,"key":"BloodPotion"},{"floor":14,"key":"Fire Potion"},{"floor":18,"key":"Explosive Potion"},{"floor":20,"key":"PowerPotion"},{"floor":28,"key":"SteroidPotion"},{"floor":33,"key":"GamblersBrew"},{"floor":35,"key":"FearPotion"}],"is_trial":false,"path_per_floor":["M","M","M","?","M","R","M","R","T","$","?","M","M","M","R","B",null,"M","?","M","T","?","R","E","M","T","R","M","R","M","M","R","B",null,"M","M","$","M","?","R","?","R","T","R","M"],"character_chosen":"IRONCLAD","items_purchased":["Anchor","Panache","Pommel Strike","Orichalcum"],"campfire_rested":0,"item_purchase_floors":[10,37,37,37],"current_hp_per_floor":[80,80,80,64,58,58,51,51,51,51,51,56,62,59,59,29,80,80,80,80,80,80,80,89,94,94,94,94,94,89,94,94,40,94,94,94,94,84,72,72,72,72,72,72,70,0],"gold":58,"neow_bonus":"ONE_RANDOM_RARE_CARD","is_prod":false,"is_daily":false,"chose_seed":false,"campfire_upgraded":10,"win_rate":0,"timestamp":1532428317,"path_taken":["M","M","M","?","M","R","?","R","T","$","?","M","M","M","R","BOSS","M","?","M","?","?","R","E","?","T","R","?","R","M","M","R","BOSS","M","M","$","M","?","R","?","R","T","R","?","E"],"build_version":"2018-07-19v2","purchased_purges":0,"victory":false,"max_hp_per_floor":[80,80,80,80,80,80,80,80,80,80,80,80,80,80,80,80,80,80,80,80,80,80,80,94,94,94,94,94,94,94,94,94,94,94,94,94,94,94,94,94,94,94,94,94,94,94],"card_choices":[{"not_picked":["Anger","Headbutt"],"picked":"Flex","floor":1},{"not_picked":["Iron Wave","Wild Strike"],"picked":"Perfected Strike","floor":2},{"not_picked":["Combust","Anger"],"picked":"Heavy Blade","floor":3},{"not_picked":["True Grit","Sword Boomerang"],"picked":"Dual Wield","floor":5},{"not_picked":["Rampage","Blood for Blood"],"picked":"Flex","floor":7},{"not_picked":["True Grit","Seeing Red"],"picked":"Clash","floor":12},{"not_picked":["Iron Wave","Fire Breathing"],"picked":"Spot Weakness","floor":13},{"not_picked":["Iron Wave","Armaments"],"picked":"Perfected Strike","floor":14},{"not_picked":["Barricade","Immolate"],"picked":"Juggernaut","floor":16},{"not_picked":["Iron Wave","Shockwave"],"picked":"Anger","floor":18},{"not_picked":["Shockwave+1","Clash"],"picked":"Anger+1","floor":20},{"not_picked":["Dark Embrace","Reckless Charge"],"picked":"Shockwave","floor":24},{"not_picked":["Seeing Red+1","Armaments+1"],"picked":"Pommel Strike","floor":25},{"not_picked":["Iron Wave+1","True Grit+1"],"picked":"Fire Breathing","floor":28},{"not_picked":["True Grit","Second Wind"],"picked":"Headbutt+1","floor":30},{"not_picked":["Wild Strike+1","Twin Strike"],"picked":"Rage","floor":31},{"not_picked":["Barricade","Double Tap"],"picked":"Limit Break","floor":33},{"not_picked":[],"picked":"Heavy Blade","floor":35},{"not_picked":[],"picked":"Headbutt","floor":36},{"not_picked":[],"picked":"Clash+1","floor":38},{"not_picked":[],"picked":"Thunderclap+1","floor":45}],"player_experience":196140,"relics_obtained":[{"floor":9,"key":"Gremlin Horn"},{"floor":21,"key":"Shuriken"},{"floor":24,"key":"Mango"},{"floor":26,"key":"Dodecahedron"},{"floor":43,"key":"Bronze Scales"}],"event_choices":[{"event_name":"Shining Light","player_choice":"Entered Light","floor":4,"damage_taken":0},{"event_name":"World of Goop","player_choice":"Left","floor":11,"damage_taken":0},{"event_name":"Back to Basics","player_choice":"Simplicity","floor":19,"damage_taken":0},{"event_name":"The Mausoleum","player_choice":"Yes","floor":22,"damage_taken":0},{"event_name":"Winding Halls","player_choice":"Embrace Madness","floor":39,"damage_taken":0},{"event_name":"Tomb of Lord Red Mask","player_choice":"Paid","floor":41,"damage_taken":0}],"is_beta":false,"boss_relics":[{"not_picked":["Pandora\u0027s Box","Runic Pyramid"],"picked":"Coffee Dripper"},{"not_picked":["Eternal Feather","Velvet Choker"],"picked":"Busted Crown"}],"items_purged_floors":[],"is_endless":false,"potions_floor_spawned":[2,5,7,12,14,18,20,28,31,33,35],"killed_by":"Nemesis","ascension_level":0}