{"gold_per_floor":[119,134,149,114,127,159,159,189,189,189,207,207,126,139,139,237,237,254,273,285,26,39,39,50,81,81,98,98,25,59,77,77,174,174,192,192,211,211,225,253,268,300,326,326,340,340,353,17,17,17,17,17,17,46,46],"floor_reached":56,"playtime":3380,"items_purged":[],"score":1313,"play_id":"cf0ed9fd-5694-46d3-a252-d1ac11592364","local_time":"20190329215201","is_ascension_mode":false,"campfire_choices":[{"floor":7,"key":"REST"},{"floor":10,"key":"REST"},{"floor":15,"key":"RECALL"},{"data":"Infinite Blades","floor":23,"key":"SMITH"},{"data":"Backstab","floor":28,"key":"SMITH"},{"data":"Infinite Blades","floor":32,"key":"SMITH"},{"data":"After Image","floor":44,"key":"SMITH"},{"data":"Storm of Steel","floor":46,"key":"SMITH"},{"floor":49,"key":"REST"},{"data":"Accuracy","floor":52,"key":"SMITH"}],"neow_cost":"PERCENT_DAMAGE","seed_source_timestamp":2015712762141901,"circlet_count":0,"master_deck":["Defend_G","Defend_G","Defend_G","Defend_G","Defend_G","Strike_G","Strike_G","Strike_G","Strike_G","Strike_G","Survivor","Neutralize","After Image+1","Terror","Cloak And Dagger","Slice","Slice","Catalyst","Prepared","Backstab+1","Flash of Steel","Deflect","Venomology","Acrobatics+1","Slice","Dagger Spray+1","Backstab","Infinite Blades+1","Tactician","All Out Attack","Outmaneuver+1","Infinite Blades","Infinite Blades+1","Endless Agony+1","Corpse Explosion","Noxious Fumes+1","Slice","Slice","After Image+1","Backstab+1","Catalyst","Storm of Steel+1","Slice+1","Accuracy+1","Concentrate"],"relics":["Ring of the Snake","Letter Opener","Bronze Scales","Anchor","WristBlade","PreservedInsect","Dodecahedron","Boot","Black Star","Dead Branch","Gremlin Horn","Shuriken","Ninja Scroll","Omamori","Bottled Tornado","Mummified Hand","Turnip"],"potions_floor_usage":[6,8,16,16,20,22,22,24,33,33,39,41,42,50,55,55,55],"damage_taken":[{"damage":0,"enemies":"Cultist","floor":1,"turns":4},{"damage":3,"enemies":"Small Slimes","floor":2,"turns":4},{"damage":6,"enemies":"Jaw Worm","floor":3,"turns":5},{"damage":3,"enemies":"Exordium Wildlife","floor":5,"turns":4},{"damage":31,"enemies":"Gremlin Nob","floor":6,"turns":6},{"damage":22,"enemies":"3 Sentries","floor":8,"turns":13},{"damage":9,"enemies":"Exordium Thugs","floor":11,"turns":5},{"damage":0,"enemies":"Gremlin Gang","floor":14,"turns":4},{"damage":7,"enemies":"Hexaghost","floor":16,"turns":9},{"damage":0,"enemies":"3 Byrds","floor":18,"turns":3},{"damage":0,"enemies":"Chosen","floor":19,"turns":3},{"damage":0,"enemies":"Centurion and Healer","floor":20,"turns":4},{"damage":10,"enemies":"Snake Plant","floor":22,"turns":3},{"damage":5,"enemies":"Snecko","floor":24,"turns":4},{"damage":2,"enemies":"Slavers","floor":25,"turns":4},{"damage":7,"enemies":"Shelled Parasite and Fungi","floor":27,"turns":4},{"damage":2,"enemies":"Book of Stabbing","floor":30,"turns":3},{"damage":1,"enemies":"Chosen and Byrds","floor":31,"turns":4},{"damage":42,"enemies":"Automaton","floor":33,"turns":10},{"damage":1,"enemies":"3 Darklings","floor":35,"turns":3},{"damage":1,"enemies":"3 Shapes","floor":37,"turns":3},{"damage":1,"enemies":"3 Darklings","floor":39,"turns":4},{"damage":17,"enemies":"Reptomancer","floor":40,"turns":5},{"damage":0,"enemies":"Jaw Worm Horde","floor":41,"turns":2},{"damage":5,"enemies":"Nemesis","floor":42,"turns":3},{"damage":0,"enemies":"Sphere and 2 Shapes","floor":45,"turns":1},{"damage":13,"enemies":"Maw","floor":47,"turns":6},{"damage":6,"enemies":"Donu and Deca","floor":50,"turns":5},{"damage":0,"enemies":"Shield and Spear","floor":54,"turns":2},{"damage":59,"enemies":"The Heart","floor":55,"turns":4}],"seed_played":"583537158196394071","potions_obtained":[{"floor":3,"key":"EssenceOfSteel"},{"floor":6,"key":"Poison Potion"},{"floor":11,"key":"LiquidBronze"},{"floor":14,"key":"FearPotion"},{"floor":18,"key":"Energy Potion"},{"floor":27,"key":"GamblersBrew"},{"floor":30,"key":"Fire Potion"},{"floor":37,"key":"AttackPotion"},{"floor":40,"key":"Dexterity Potion"},{"floor":41,"key":"Energy Potion"},{"floor":47,"key":"FearPotion"}],"is_trial":false,"path_per_floor":["M","M","M","?","M","E","R","E","T","R","M","?","$","M","R","B",null,"M","M","M","$","M","R","M","E","T","M","R","$","E","M","R","B",null,"M","?","M","?","M","E","M","E","T","R","M","R","M","$","R","B",null,"R","$","E","B",null],"character_chosen":"THE_SILENT","items_purchased":["Flash of Steel","Backstab","PreservedInsect","Infinite Blades","Infinite Blades","Accuracy","Bottled Tornado"],"campfire_rested":3,"item_purchase_floors":[13,21,21,21,29,48,48],"current_hp_per_floor":[49,46,40,57,54,23,44,22,22,43,34,34,34,34,34,27,70,70,70,70,70,60,60,55,53,53,46,46,46,44,43,43,1,70,69,69,68,68,67,50,50,45,45,45,45,45,32,32,53,47,70,70,70,70,16],"gold":46,"neow_bonus":"THREE_RARE_CARDS","is_prod":false,"is_daily":false,"chose_seed":false,"campfire_upgraded":6,"win_rate":0,"timestamp":1553896321,"path_taken":["M","?","M","?","M","E","R","E","T","R","M","?","?","?","R","BOSS","M","M","?","$","M","R","M","E","T","M","R","$","E","M","R","BOSS","M","?","?","?","M","E","M","E","T","R","M","R","M","$","R","BOSS","R","$","E","BOSS"],"build_version":"2019-01-23","purchased_purges":0,"victory":true,"max_hp_per_floor":[70,70,70,70,70,70,70,70,70,70,70,70,70,70,70,70,70,70,70,70,70,70,70,70,70,70,70,70,70,70,70,70,70,70,70,70,70,70,70,70,70,70,70,70,70,70,70,70,70,70,70,70,70,70,70],"card_choices":[{"not_picked":["Wraith Form v2","Burst"],"picked":"After Image","floor":0},{"not_picked":["Acrobatics","Concentrate"],"picked":"Terror","floor":1},{"not_picked":["Quick Slash","Dagger Throw"],"picked":"Cloak And Dagger","floor":2},{"not_picked":["Reflex","Well Laid Plans"],"picked":"Slice","floor":3},{"not_picked":["Escape Plan","Expertise"],"picked":"Slice","floor":5},{"not_picked":["Dagger Throw","Sucker Punch"],"picked":"Catalyst","floor":6},{"not_picked":["Outmaneuver","Doppelganger"],"picked":"Prepared","floor":8},{"not_picked":["Dagger Spray","Dodge and Roll"],"picked":"Backstab","floor":11},{"not_picked":["Acrobatics","Prepared"],"picked":"Deflect","floor":14},{"not_picked":["Bullet Time","Glass Knife"],"picked":"Venomology","floor":16},{"not_picked":["Expertise","Predator"],"picked":"Acrobatics+1","floor":18},{"not_picked":["Underhanded Strike","Prepared"],"picked":"Slice","floor":19},{"not_picked":["Dagger Throw","Cloak And Dagger"],"picked":"Dagger Spray+1","floor":20},{"not_picked":["Skewer","Reflex"],"picked":"Tactician","floor":22},{"not_picked":["Dagger Throw","Footwork","Poisoned Stab+1"],"picked":"SKIP","floor":24},{"not_picked":["Riddle With Holes","Backflip"],"picked":"All Out Attack","floor":25},{"not_picked":["Deadly Poison","Sucker Punch"],"picked":"Outmaneuver+1","floor":27},{"not_picked":["Unload","Crippling Poison"],"picked":"Infinite Blades","floor":30},{"not_picked":["Noxious Fumes","Calculated Gamble"],"picked":"Endless Agony+1","floor":31},{"not_picked":["Grand Finale","Burst"],"picked":"Corpse Explosion","floor":33},{"not_picked":["Reflex","Bane"],"picked":"Noxious Fumes+1","floor":35},{"not_picked":["Backflip+1","Dodge and Roll"],"picked":"Slice","floor":37},{"not_picked":["Heel Hook+1","Reflex"],"picked":"Slice","floor":39},{"not_picked":["Choke","Footwork+1"],"picked":"After Image","floor":40},{"not_picked":["Bane","Flying Knee"],"picked":"Backstab+1","floor":41},{"not_picked":["Eviscerate","Poisoned Stab+1"],"picked":"Catalyst","floor":42},{"not_picked":["Dagger Throw+1","Prepared+1"],"picked":"Storm of Steel","floor":45},{"not_picked":["Cloak And Dagger","Leg Sweep"],"picked":"Slice+1","floor":47},{"not_picked":["Eviscerate+1","Leg Sweep"],"picked":"Concentrate","floor":54}],"player_experience":1104074,"relics_obtained":[{"floor":6,"key":"Letter Opener"},{"floor":8,"key":"Bronze Scales"},{"floor":9,"key":"Anchor"},{"floor":25,"key":"Dodecahedron"},{"floor":30,"key":"Boot"},{"floor":40,"key":"Dead Branch"},{"floor":40,"key":"Gremlin Horn"},{"floor":42,"key":"Shuriken"},{"floor":42,"key":"Ninja Scroll"},{"floor":43,"key":"Omamori"},{"floor":54,"key":"Mummified Hand"},{"floor":54,"key":"Turnip"}],"event_choices":[{"damage_healed":17,"gold_gain":0,"player_choice":"Healed","damage_taken":0,"max_hp_gain":0,"max_hp_loss":0,"event_name":"The Cleric","floor":4,"gold_loss":35},{"damage_healed":0,"gold_gain":0,"player_choice":"Grow","damage_taken":0,"max_hp_gain":0,"max_hp_loss":0,"event_name":"Living Wall","floor":12,"gold_loss":0,"cards_upgraded":["After Image"]},{"damage_healed":0,"gold_gain":0,"player_choice":"Ignored","damage_taken":0,"max_hp_gain":0,"max_hp_loss":0,"event_name":"Purifier","floor":36,"gold_loss":0},{"damage_healed":0,"gold_gain":0,"player_choice":"Ignored","damage_taken":0,"max_hp_gain":0,"max_hp_loss":0,"event_name":"Tomb of Lord Red Mask","floor":38,"gold_loss":0}],"is_beta":false,"boss_relics":[{"not_picked":["Philosopher\u0027s Stone","Ring of the Serpent"],"picked":"WristBlade"},{"not_picked":["Runic Pyramid","Tiny House"],"picked":"Black Star"}],"items_purged_floors":[],"is_endless":false,"potions_floor_spawned":[3,6,11,14,18,27,30,37,40,41,47],"ascension_level":0}