{"gold_per_floor":[144,189,3,48,48,138,183,228,228,15,60,60,225,270,270,570,570,615,595,640,685,67,67],"floor_reached":23,"playtime":4886,"items_purged":[],"score":245,"play_id":"1bf3f3ec-4e53-4f64-8426-7457d6f1dfb5","local_time":"20180718020451","daily_mods":["Allstar","Midas","Night Terrors"],"is_ascension_mode":false,"campfire_choices":[{"floor":12,"key":"REST"},{"floor":15,"key":"REST"}],"neow_cost":"","seed_source_timestamp":0,"circlet_count":0,"master_deck":["Defend_G","Defend_G","Defend_G","Defend_G","Defend_G","Strike_G","Strike_G","Strike_G","Strike_G","Strike_G","Survivor","Neutralize","Secret Technique","Secret Technique","Panacea","Sadistic Nature","Panache","Acrobatics","Dagger Throw","Noxious Fumes","Crippling Poison","Endless Agony","Deadly Poison","Malaise","Blade Dance","Backflip","Bandage Up","Distraction","PiercingWail","Endless Agony","Flying Knee","Noxious Fumes","Night Terror","Cloak And Dagger","Crippling Poison","Slice","Reflex","Deflect","Masterful Stab","Infinite Blades","Storm of Steel","Noxious Fumes","Bandage Up","Outmaneuver","Crippling Poison"],"special_seed":17729,"relics":["Ring of the Snake","Mercury Hourglass","Question Card","Bronze Scales","Orrery","Potion Belt","Toolbox"],"potions_floor_usage":[6,8,16,16,20,21,21,23],"damage_taken":[{"damage":2,"enemies":"Jaw Worm","floor":1,"turns":6},{"damage":0,"enemies":"2 Louse","floor":2,"turns":3},{"damage":0,"enemies":"Cultist","floor":4,"turns":4},{"damage":8,"enemies":"3 Sentries","floor":6,"turns":5},{"damage":4,"enemies":"Gremlin Gang","floor":7,"turns":3},{"damage":3,"enemies":"Blue Slaver","floor":8,"turns":4},{"damage":0,"enemies":"Large Slime","floor":11,"turns":5},{"damage":3,"enemies":"3 Sentries","floor":13,"turns":5},{"damage":5,"enemies":"3 Louse","floor":14,"turns":3},{"damage":35,"enemies":"The Guardian","floor":16,"turns":9},{"damage":15,"enemies":"Chosen","floor":18,"turns":6},{"damage":20,"enemies":"Spheric Guardian","floor":20,"turns":5},{"damage":4,"enemies":"Snecko","floor":21,"turns":5},{"damage":37,"enemies":"Gremlin Leader","floor":23,"turns":5}],"seed_played":"-6709258171721631228","potions_obtained":[{"floor":4,"key":"AttackPotion"},{"floor":6,"key":"SkillPotion"},{"floor":7,"key":"Explosive Potion"},{"floor":13,"key":"SkillPotion"},{"floor":13,"key":"PowerPotion"},{"floor":16,"key":"PowerPotion"},{"floor":19,"key":"GhostInAJar"},{"floor":20,"key":"SpeedPotion"}],"is_trial":false,"path_per_floor":["M","M","$","M","?","E","M","M","T","$","M","R","?","M","R","B",null,"M","?","M","M","$"],"character_chosen":"THE_SILENT","items_purchased":["Noxious Fumes","Crippling Poison","Endless Agony","Bandage Up","Distraction","PiercingWail","Noxious Fumes","Bandage Up","Outmaneuver","Potion Belt","Toolbox","Crippling Poison"],"campfire_rested":2,"item_purchase_floors":[3,3,3,10,10,10,22,22,22,22,22,22],"current_hp_per_floor":[68,68,68,68,73,65,61,58,58,58,62,70,67,66,65,34,65,50,50,30,26,26,0],"gold":67,"neow_bonus":"","is_prod":false,"is_daily":true,"chose_seed":false,"campfire_upgraded":0,"win_rate":1,"timestamp":1531875891,"path_taken":["M","M","$","M","?","E","M","M","T","$","M","R","?","M","R","BOSS","M","?","M","M","$","E"],"build_version":"2018-07-12","purchased_purges":0,"victory":false,"max_hp_per_floor":[70,70,70,70,75,75,75,75,75,75,75,70,70,70,65,65,65,65,65,65,65,65,65],"card_choices":[{"not_picked":["Dash","Prepared"],"picked":"Acrobatics","floor":1},{"not_picked":["Sucker Punch","Bane"],"picked":"Dagger Throw","floor":2},{"not_picked":["Deflect","Heel Hook"],"picked":"Deadly Poison","floor":4},{"not_picked":["Prepared","Quick Slash"],"picked":"Malaise","floor":6},{"not_picked":["Blur","Sucker Punch"],"picked":"Blade Dance","floor":7},{"not_picked":["Riddle With Holes","Acrobatics"],"picked":"Backflip","floor":8},{"not_picked":["Leg Sweep","Caltrops","Malaise"],"picked":"Endless Agony","floor":11},{"not_picked":["PiercingWail","Prepared","Footwork"],"picked":"Flying Knee","floor":13},{"not_picked":["Deadly Poison","Backflip","Phantasmal Killer"],"picked":"Noxious Fumes","floor":14},{"not_picked":["Unload","Die Die Die","Doppelganger"],"picked":"Night Terror","floor":16},{"not_picked":["Distraction","Caltrops","Quick Slash"],"picked":"Cloak And Dagger","floor":17},{"not_picked":["Well Laid Plans","Dagger Throw","Grand Finale"],"picked":"Crippling Poison","floor":17},{"not_picked":["Dagger Spray","Backflip","Sucker Punch"],"picked":"Slice","floor":17},{"not_picked":["Leg Sweep","Dagger Throw","Acrobatics"],"picked":"Reflex","floor":17},{"not_picked":["Dagger Spray","Dodge and Roll","Backflip"],"picked":"Deflect","floor":17},{"not_picked":["Expertise","Acrobatics","Prepared"],"picked":"Masterful Stab","floor":18},{"not_picked":["Underhanded Strike+1","Malaise","Skewer"],"picked":"Infinite Blades","floor":20},{"not_picked":["Escape Plan","Setup","Distraction"],"picked":"Storm of Steel","floor":21}],"player_experience":85076,"relics_obtained":[{"floor":6,"key":"Mercury Hourglass"},{"floor":9,"key":"Question Card"}],"event_choices":[{"event_name":"Big Fish","player_choice":"Donut","floor":5,"damage_taken":0},{"event_name":"Dead Adventurer","player_choice":"Searched \u00272\u0027 times","floor":13,"damage_taken":0},{"event_name":"The Woman in Blue","player_choice":"Bought 1 Potion","floor":19,"damage_taken":0}],"boss_relics":[{"not_picked":["Calling Bell","Eternal Feather"],"picked":"Orrery"}],"items_purged_floors":[],"is_endless":false,"potions_floor_spawned":[4,6,7,13,13,16,20],"killed_by":"Gremlin Leader","ascension_level":0}