{"gold_per_floor":[112,131,148,21,39,39,69,87,112,126,126,137,62,75,75,151,151,168,168,68,68],"floor_reached":21,"playtime":1483,"items_purged":["Strike_G","Strike_G"],"score":366,"play_id":"d982edcd-b129-443e-bc90-3e722d6e3407","local_time":"20190203183504","is_ascension_mode":true,"campfire_choices":[{"data":"Noxious Fumes","floor":6.0,"key":"SMITH"},{"floor":11,"key":"REST"},{"floor":15,"key":"REST"}],"neow_cost":"NONE","seed_source_timestamp":1733342143986065,"circlet_count":0,"master_deck":["AscendersBane","Defend_G","Defend_G","Defend_G","Defend_G","Defend_G","Strike_G","Strike_G","Strike_G","Survivor","Neutralize","Deflect","Noxious Fumes+1","Bane","Poisoned Stab","Well Laid Plans","Deadly Poison","Catalyst","Corpse Explosion","Cloak And Dagger","Footwork","Die Die Die","Escape Plan+1"],"special_seed":0,"relics":["Ring of the Snake","Omamori","Vajra","Art of War","White Beast Statue","Toxic Egg 2"],"potions_floor_usage":[7,7,10,21],"damage_taken":[{"damage":0.0,"enemies":"Cultist","floor":1.0,"turns":4.0},{"damage":2.0,"enemies":"Jaw Worm","floor":2.0,"turns":6.0},{"damage":4.0,"enemies":"Small Slimes","floor":3.0,"turns":6.0},{"damage":14.0,"enemies":"Red Slaver","floor":5.0,"turns":4.0},{"damage":22,"enemies":"3 Sentries","floor":7,"turns":8},{"damage":4,"enemies":"Blue Slaver","floor":8,"turns":4},{"damage":3,"enemies":"Looter","floor":10,"turns":3},{"damage":1,"enemies":"Exordium Wildlife","floor":12,"turns":3},{"damage":9,"enemies":"Blue Slaver","floor":14,"turns":4},{"damage":16,"enemies":"The Guardian","floor":16,"turns":9},{"damage":44,"enemies":"2 Thieves","floor":18,"turns":5},{"damage":15,"enemies":"3 Byrds","floor":21,"turns":3}],"seed_played":"-3962794124676864706","potions_obtained":[{"floor":1.0,"key":"SteroidPotion"},{"floor":5.0,"key":"GamblersBrew"},{"floor":8,"key":"Weak Potion"},{"floor":18,"key":"Energy Potion"}],"is_trial":false,"path_per_floor":["M","M","M","$","M","R","E","M","T","M","R","M","$","M","R","B",null,"M","T","$","M"],"character_chosen":"THE_SILENT","items_purchased":["Poisoned Stab","Well Laid Plans"],"campfire_rested":2,"item_purchase_floors":[4,4],"current_hp_per_floor":[59,57,53,53,39,39,17,13,13,10,29,28,28,19,38,22,55,11,11,11,0],"gold":68,"neow_bonus":"RANDOM_COMMON_RELIC","is_prod":false,"is_daily":false,"chose_seed":false,"campfire_upgraded":1,"win_rate":0,"timestamp":1549240504,"path_taken":["M","M","M","$","M","R","E","M","T","M","R","M","$","?","R","BOSS","M","?","$","M"],"build_version":"2019-01-23","purchased_purges":2,"victory":false,"max_hp_per_floor":[66,66,66,66,66,66,66,66,66,66,66,66,66,66,66,66,66,66,66,66,66],"card_choices":[{"not_picked":["Reflex","Blade Dance"],"picked":"Deflect","floor":1.0},{"not_picked":["Concentrate","Sucker Punch"],"picked":"Noxious Fumes","floor":2.0},{"not_picked":["Underhanded Strike","Deflect"],"picked":"Bane","floor":3.0},{"not_picked":["Quick Slash","Deflect"],"picked":"Deadly Poison","floor":5.0},{"not_picked":["Deadly Poison","Dagger Throw"],"picked":"Catalyst","floor":7},{"not_picked":["Slice","Crippling Poison"],"picked":"Corpse Explosion","floor":8},{"not_picked":["Outmaneuver","Bane"],"picked":"Cloak And Dagger","floor":10},{"not_picked":["Flying Knee","Skewer","Quick Slash"],"picked":"SKIP","floor":12},{"not_picked":["Skewer","Endless Agony"],"picked":"Footwork","floor":14},{"not_picked":["Unload","Bullet Time"],"picked":"Die Die Die","floor":16},{"not_picked":["Underhanded Strike","Acrobatics"],"picked":"Escape Plan+1","floor":18}],"player_experience":702892,"relics_obtained":[{"floor":7,"key":"Vajra"},{"floor":9,"key":"Art of War"},{"floor":19,"key":"Toxic Egg 2"}],"event_choices":[],"is_beta":false,"boss_relics":[{"not_picked":["Philosopher\u0027s Stone","Tiny House"],"picked":"White Beast Statue"}],"items_purged_floors":[13,20],"is_endless":false,"potions_floor_spawned":[1,5,8,18],"killed_by":"3 Byrds","ascension_level":20}