{"gold_per_floor":[112,123,133,133,58,58,70,70,150,50,50,65,77,77,77,77],"floor_reached":16,"playtime":1174,"items_purged":["Strike_R","Strike_R"],"score":92,"play_id":"220c20eb-43e0-4711-b925-753373b9d851","local_time":"20190206155543","is_ascension_mode":false,"campfire_choices":[{"data":"Strike_R","floor":6.0,"key":"SMITH"},{"data":"Defend_R","floor":11,"key":"SMITH"},{"data":"Intimidate","floor":15,"key":"SMITH"}],"neow_cost":"NONE","seed_source_timestamp":0,"circlet_count":0,"master_deck":["Strike_R+1","Strike_R","Strike_R","Defend_R+1","Defend_R","Defend_R","Bash+1","Intimidate+1"],"special_seed":0,"relics":["Burning Blood"],"potions_floor_usage":[7,8,13,16,16,16],"damage_taken":[{"damage":4.0,"enemies":"2 Louse","floor":1.0,"turns":4.0},{"damage":1.0,"enemies":"Cultist","floor":2.0,"turns":3.0},{"damage":1.0,"enemies":"Jaw Worm","floor":3.0,"turns":3.0},{"damage":9,"enemies":"Gremlin Gang","floor":7,"turns":4},{"damage":14,"enemies":"Large Slime","floor":12,"turns":5},{"damage":0,"enemies":"3 Louse","floor":13,"turns":5},{"damage":99,"enemies":"Hexaghost","floor":16,"turns":11}],"seed_played":"4707350920580081675","potions_obtained":[{"floor":1.0,"key":"GamblersBrew"},{"floor":8,"key":"BloodPotion"},{"floor":8,"key":"Energy Potion"},{"floor":8,"key":"Fruit Juice"},{"floor":12,"key":"Fruit Juice"},{"floor":13,"key":"Ancient Potion"}],"is_trial":false,"path_per_floor":["M","M","M","?","$","R","M","?","T","$","R","M","M","?","R","B"],"character_chosen":"IRONCLAD","items_purchased":[],"campfire_rested":0,"item_purchase_floors":[],"current_hp_per_floor":[80,80,80,80,80,80,77,82,82,82,82,74,85,85,85,0],"gold":77,"neow_bonus":"UPGRADE_CARD","is_prod":false,"is_daily":false,"chose_seed":false,"campfire_upgraded":3,"win_rate":0,"timestamp":1549490143,"path_taken":["M","M","M","?","$","R","?","?","T","$","R","M","?","?","R","BOSS"],"build_version":"2019-01-23","purchased_purges":2,"victory":false,"max_hp_per_floor":[80,80,80,80,80,80,80,85,85,85,85,85,90,90,90,90],"card_choices":[{"not_picked":["Power Through","Clothesline","Armaments"],"picked":"SKIP","floor":1.0},{"not_picked":["Wild Strike","Clothesline","Twin Strike"],"picked":"SKIP","floor":2.0},{"not_picked":["Burning Pact","Second Wind","Evolve"],"picked":"SKIP","floor":3.0},{"not_picked":["Shockwave","Iron Wave","Pommel Strike"],"picked":"SKIP","floor":7},{"not_picked":["Havoc","Clash","Shockwave"],"picked":"SKIP","floor":12},{"not_picked":["Body Slam","Combust","Sever Soul"],"picked":"SKIP","floor":13}],"player_experience":720690,"relics_obtained":[],"event_choices":[{"damage_healed":0.0,"max_hp_gain":0.0,"max_hp_loss":0.0,"gold_gain":0.0,"cards_transformed":["Defend_R"],"event_name":"Transmorgrifier","player_choice":"Transformed","floor":4.0,"gold_loss":0.0,"damage_taken":0.0,"cards_obtained":["Intimidate"]},{"damage_healed":0,"gold_gain":0,"player_choice":"Got Potions","damage_taken":0,"max_hp_gain":0,"max_hp_loss":0,"event_name":"Lab","floor":8,"gold_loss":0},{"damage_healed":0,"gold_gain":0,"player_choice":"Searched \u00270\u0027 times","damage_taken":0,"max_hp_gain":0,"max_hp_loss":0,"event_name":"Dead Adventurer","floor":14,"gold_loss":0}],"is_beta":false,"boss_relics":[],"items_purged_floors":[5,10],"is_endless":false,"potions_floor_spawned":[1,12,13],"killed_by":"Hexaghost","ascension_level":0}