{"gold_per_floor":[364,439,439,46,58,58,58,58,111,121,84,94,94,128,128,202,202,212,223,223,38,57,57,75,75,75,75,86,106,123,143,143,222,222,242,259,259,277,277],"floor_reached":39,"playtime":2804,"items_purged":["Strike_G","Strike_G"],"score":870,"play_id":"e50397b1-0228-4ccc-a2bc-44c4d031ee88","local_time":"20190203160755","is_ascension_mode":true,"campfire_choices":[{"data":"Dagger Spray","floor":6.0,"key":"SMITH"},{"data":"Blur","floor":8.0,"key":"SMITH"},{"data":"Well Laid Plans","floor":13.0,"key":"SMITH"},{"data":"Neutralize","floor":15.0,"key":"SMITH"},{"data":"Malaise","floor":23.0,"key":"SMITH"},{"data":"Skewer","floor":25.0,"key":"SMITH"},{"floor":32.0,"key":"REST"}],"neow_cost":"TEN_PERCENT_HP_LOSS","seed_source_timestamp":1722389010193133,"circlet_count":0,"master_deck":["AscendersBane","Defend_G","Defend_G","Defend_G","Defend_G","Defend_G","Strike_G","Strike_G","Survivor","Neutralize+1","Dagger Spray+1","Blur+1","Flying Knee","Blur","Well Laid Plans+1","Backflip","Malaise+1","Riddle With Holes","Skewer+1","Well Laid Plans+1","Die Die Die","Backflip+1"],"special_seed":0,"relics":["Ring of the Snake","Kunai","Bag of Marbles","Du-Vu Doll","Busted Crown","Frozen Egg 2","Velvet Choker"],"potions_floor_usage":[38,38],"damage_taken":[{"damage":2.0,"enemies":"2 Louse","floor":1.0,"turns":5.0},{"damage":11.0,"enemies":"Small Slimes","floor":5.0,"turns":4.0},{"damage":0.0,"enemies":"Cultist","floor":10.0,"turns":4.0},{"damage":0.0,"enemies":"3 Louse","floor":12.0,"turns":1.0},{"damage":15.0,"enemies":"Gremlin Nob","floor":14.0,"turns":4.0},{"damage":0.0,"enemies":"The Guardian","floor":16.0,"turns":16.0},{"damage":1.0,"enemies":"3 Byrds","floor":18.0,"turns":8.0},{"damage":2.0,"enemies":"Chosen","floor":19.0,"turns":5.0},{"damage":0.0,"enemies":"Centurion and Healer","floor":22.0,"turns":5.0},{"damage":2.0,"enemies":"Snake Plant","floor":24.0,"turns":4.0},{"damage":10.0,"enemies":"Shelled Parasite and Fungi","floor":28.0,"turns":7.0},{"damage":0.0,"enemies":"Sentry and Sphere","floor":29.0,"turns":8.0},{"damage":5.0,"enemies":"Chosen and Byrds","floor":30.0,"turns":6.0},{"damage":2.0,"enemies":"3 Cultists","floor":31.0,"turns":5.0},{"damage":21.0,"enemies":"Collector","floor":33.0,"turns":16.0},{"damage":36.0,"enemies":"3 Shapes","floor":35.0,"turns":4.0},{"damage":0.0,"enemies":"3 Darklings","floor":36.0,"turns":6.0},{"damage":0,"enemies":"Maw","floor":38,"turns":9},{"damage":22,"enemies":"Sphere and 2 Shapes","floor":39,"turns":3}],"seed_played":"-275256496016108544","potions_obtained":[{"floor":5.0,"key":"SneckoOil"},{"floor":10.0,"key":"EntropicBrew"},{"floor":12.0,"key":"Regen Potion"},{"floor":18.0,"key":"Dexterity Potion"},{"floor":22.0,"key":"Ancient Potion"},{"floor":28.0,"key":"Ancient Potion"},{"floor":30.0,"key":"Ancient Potion"},{"floor":35.0,"key":"Poison Potion"},{"floor":36.0,"key":"Energy Potion"}],"is_trial":false,"path_per_floor":["M","?","?","$","M","R","?","R","T","M","$","M","R","E","R","B",null,"M","M","?","$","M","R","M","R","T","?","M","M","M","M","R","B",null,"M","M","?","M","M"],"character_chosen":"THE_SILENT","items_purchased":["Kunai","Blur","Well Laid Plans","Skewer"],"campfire_rested":1,"item_purchase_floors":[4,4,11,21],"current_hp_per_floor":[57,46,46,46,35,35,35,35,35,35,35,35,35,32,32,32,53,52,50,50,50,50,50,48,48,48,48,38,38,33,31,49,28,52,16,16,16,16,0],"gold":277,"neow_bonus":"TWO_FIFTY_GOLD","is_prod":false,"is_daily":false,"chose_seed":false,"campfire_upgraded":6,"win_rate":0,"timestamp":1549231675,"path_taken":["M","?","?","$","M","R","?","R","T","M","$","M","R","E","R","BOSS","M","?","?","$","M","R","M","R","T","?","M","M","M","M","R","BOSS","M","M","?","M","M"],"build_version":"2019-01-23","purchased_purges":2,"victory":false,"max_hp_per_floor":[60,60,60,60,60,60,60,60,60,60,60,60,60,60,60,60,60,60,60,60,60,60,60,60,60,60,60,60,60,60,60,60,60,60,60,60,60,60,60],"card_choices":[{"not_picked":["Underhanded Strike","Dagger Throw"],"picked":"Dagger Spray","floor":1.0},{"not_picked":["Dagger Spray","Eviscerate"],"picked":"Flying Knee","floor":5.0},{"not_picked":["Accuracy","Poisoned Stab"],"picked":"Blur","floor":10.0},{"not_picked":["Caltrops","Quick Slash","Eviscerate"],"picked":"SKIP","floor":12.0},{"not_picked":["Catalyst","Tools of the Trade"],"picked":"Backflip","floor":14.0},{"not_picked":["Storm of Steel","Wraith Form v2"],"picked":"Malaise","floor":16.0},{"not_picked":[],"picked":"Riddle With Holes","floor":18.0},{"not_picked":["Slice"],"picked":"SKIP","floor":19.0},{"not_picked":["Deadly Poison"],"picked":"SKIP","floor":22.0},{"not_picked":["Concentrate"],"picked":"SKIP","floor":24.0},{"not_picked":["Bane+1"],"picked":"SKIP","floor":28.0},{"not_picked":[],"picked":"Well Laid Plans+1","floor":29.0},{"not_picked":["Finisher+1"],"picked":"SKIP","floor":30.0},{"not_picked":["Heel Hook"],"picked":"SKIP","floor":31.0},{"not_picked":[],"picked":"Die Die Die","floor":33.0},{"not_picked":[],"picked":"Backflip+1","floor":35.0},{"not_picked":["Bane"],"picked":"SKIP","floor":36.0},{"not_picked":["Acrobatics+1"],"picked":"SKIP","floor":38}],"player_experience":695922,"relics_obtained":[{"floor":9.0,"key":"Bag of Marbles"},{"floor":14.0,"key":"Du-Vu Doll"},{"floor":26.0,"key":"Frozen Egg 2"}],"event_choices":[{"damage_healed":0.0,"max_hp_gain":0.0,"max_hp_loss":0.0,"gold_gain":75.0,"event_name":"World of Goop","player_choice":"Gather Gold","floor":2.0,"gold_loss":0.0,"damage_taken":11.0},{"damage_healed":0.0,"max_hp_gain":0.0,"max_hp_loss":0.0,"gold_gain":0.0,"event_name":"Golden Idol","player_choice":"Ignored","floor":3.0,"gold_loss":0.0,"damage_taken":0.0},{"cards_removed":["Strike_G"],"damage_healed":0.0,"max_hp_gain":0.0,"max_hp_loss":0.0,"gold_gain":0.0,"event_name":"Purifier","player_choice":"Purged","floor":7.0,"gold_loss":0.0,"damage_taken":0.0},{"damage_healed":0.0,"max_hp_gain":0.0,"max_hp_loss":0.0,"gold_gain":0.0,"event_name":"Vampires","player_choice":"Ignored","floor":20.0,"gold_loss":0.0,"damage_taken":0.0},{"damage_healed":0.0,"max_hp_gain":0.0,"max_hp_loss":0.0,"gold_gain":0.0,"event_name":"The Mausoleum","player_choice":"Ignored","floor":27.0,"gold_loss":0.0,"damage_taken":0.0},{"damage_healed":0.0,"max_hp_gain":0.0,"max_hp_loss":0.0,"gold_gain":0.0,"event_name":"Mysterious Sphere","player_choice":"Ignored","floor":37.0,"gold_loss":0.0,"damage_taken":0.0}],"is_beta":false,"boss_relics":[{"not_picked":["Black Star","Pandora\u0027s Box"],"picked":"Busted Crown"},{"not_picked":["Eternal Feather","White Beast Statue"],"picked":"Velvet Choker"}],"items_purged_floors":[4,21],"is_endless":false,"potions_floor_spawned":[5,10,12,18,22,28,30,35,36],"killed_by":"Sphere and 2 Shapes","ascension_level":20}