{"gold_per_floor":[118,132,207,207,219,82,82,111,111,111,143,143,155,190,190,261,261,276,294,155,172,183,183],"floor_reached":23,"playtime":1160,"items_purged":[],"score":359,"play_id":"2a9fceb3-4201-42e8-af37-94ffd96ef12b","local_time":"20190304225231","is_ascension_mode":true,"campfire_choices":[{"data":"Immolate","floor":7,"key":"SMITH"},{"data":"Pommel Strike","floor":10,"key":"SMITH"},{"data":"Thunderclap","floor":12,"key":"SMITH"},{"data":"Ghostly Armor","floor":15,"key":"SMITH"}],"neow_cost":"NONE","seed_source_timestamp":26269098122871,"circlet_count":0,"master_deck":["AscendersBane","Strike_R","Strike_R","Strike_R","Strike_R","Defend_R","Defend_R","Defend_R","Defend_R","Bash","Thunderclap+1","Ghostly Armor+1","Pommel Strike+1","Immolate+1","Reaper","Headbutt","Exhume+1","Shrug It Off+1","Burning Pact+1","Offering+1","True Grit+1","Flame Barrier+1"],"relics":["Burning Blood","NeowsBlessing","Dodecahedron","Toxic Egg 2","Dream Catcher","Boot","Sozu"],"potions_floor_usage":[11,11,14],"damage_taken":[{"damage":0,"enemies":"Cultist","floor":1,"turns":1},{"damage":0,"enemies":"Small Slimes","floor":2,"turns":1},{"damage":0,"enemies":"2 Louse","floor":5,"turns":1},{"damage":11,"enemies":"3 Sentries","floor":8,"turns":4},{"damage":15,"enemies":"Lagavulin","floor":11,"turns":7},{"damage":0,"enemies":"Large Slime","floor":13,"turns":4},{"damage":25,"enemies":"3 Sentries","floor":14,"turns":5},{"damage":69,"enemies":"Slime Boss","floor":16,"turns":10},{"damage":0,"enemies":"Spheric Guardian","floor":18,"turns":3},{"damage":14,"enemies":"Shell Parasite","floor":19,"turns":4},{"damage":12,"enemies":"Sentry and Sphere","floor":21,"turns":3},{"damage":18,"enemies":"Cultist and Chosen","floor":22,"turns":3},{"damage":80,"enemies":"Book of Stabbing","floor":23,"turns":6}],"seed_played":"3174547026952183990","potions_obtained":[{"floor":5,"key":"Poison Potion"},{"floor":8,"key":"Poison Potion"},{"floor":13,"key":"Fruit Juice"}],"is_trial":false,"path_per_floor":["M","M","?","?","M","$","R","E","T","R","E","R","M","E","R","B",null,"M","M","$","M","M","E"],"character_chosen":"IRONCLAD","items_purchased":["Immolate","Offering+1"],"campfire_rested":0,"item_purchase_floors":[6,20],"current_hp_per_floor":[74,75,64,64,70,70,70,65,65,65,56,56,62,64,64,7,62,68,60,60,59,71,0],"gold":183,"neow_bonus":"THREE_ENEMY_KILL","is_prod":false,"is_daily":false,"chose_seed":false,"campfire_upgraded":4,"win_rate":0,"timestamp":1551736351,"path_taken":["M","?","?","?","?","$","R","E","T","R","E","R","M","E","R","BOSS","M","?","$","M","M","E"],"build_version":"2019-01-23","purchased_purges":0,"victory":false,"max_hp_per_floor":[75,75,75,75,75,75,75,75,75,75,75,75,75,80,80,80,80,80,80,80,80,80,80],"card_choices":[{"not_picked":["Body Slam","Twin Strike"],"picked":"Thunderclap","floor":1},{"not_picked":["Pummel","Body Slam"],"picked":"Ghostly Armor","floor":2},{"not_picked":["Body Slam","Clothesline"],"picked":"Pommel Strike","floor":5},{"not_picked":["True Grit","Intimidate","Infernal Blade"],"picked":"SKIP","floor":8},{"not_picked":["Iron Wave","Body Slam"],"picked":"Reaper","floor":11},{"not_picked":["Wild Strike","Sentinel+1"],"picked":"Headbutt","floor":13},{"not_picked":["Bloodletting+1","Twin Strike","Reckless Charge"],"picked":"SKIP","floor":14},{"not_picked":["Barricade","Dark Embrace"],"picked":"Exhume+1","floor":16},{"not_picked":["Heavy Blade","Anger"],"picked":"Shrug It Off+1","floor":18},{"not_picked":["Heavy Blade","Body Slam"],"picked":"Burning Pact+1","floor":19},{"not_picked":["Twin Strike","Dropkick"],"picked":"True Grit+1","floor":21},{"not_picked":["Wild Strike","Flex+1"],"picked":"Flame Barrier+1","floor":22}],"player_experience":700568,"relics_obtained":[{"floor":8,"key":"Dodecahedron"},{"floor":9,"key":"Toxic Egg 2"},{"floor":11,"key":"Dream Catcher"},{"floor":14,"key":"Boot"}],"event_choices":[{"damage_healed":0,"gold_gain":75,"player_choice":"Gather Gold","damage_taken":11,"max_hp_gain":0,"max_hp_loss":0,"event_name":"World of Goop","floor":3,"gold_loss":0},{"cards_removed":["Strike_R"],"damage_healed":0,"gold_gain":0,"player_choice":"Offered Basic","damage_taken":0,"max_hp_gain":0,"max_hp_loss":0,"event_name":"Bonfire Elementals","floor":4,"gold_loss":0}],"is_beta":false,"boss_relics":[{"not_picked":["Lizard Tail","Coffee Dripper"],"picked":"Sozu"}],"items_purged_floors":[],"is_endless":false,"potions_floor_spawned":[5,8,13],"killed_by":"Book of Stabbing","ascension_level":14}