{"gold_per_floor":[115,115,131,141,316,348,15,15,41,41,56,28,28,41,41,141,141,122,140,55,75,87,87,122,122,122,139,68,68],"floor_reached":29,"playtime":2812,"items_purged":[],"score":307,"play_id":"e0e12c47-c0d5-49be-93d7-114bace7147d","local_time":"20180816164532","is_ascension_mode":true,"campfire_choices":[{"floor":8,"key":"REST"},{"floor":10,"key":"REST"},{"floor":15,"key":"REST"},{"floor":25,"key":"REST"}],"neow_cost":"NONE","seed_source_timestamp":4126969409961522,"circlet_count":0,"master_deck":["Strike_B","Strike_B","Strike_B+1","Strike_B+1","Defend_B","Defend_B","Defend_B","Defend_B","Zap","Dualcast","Sweeping Beam","Go for the Eyes","Heatsinks","Doubt","BootSequence","Loop","Gash","Melter","Electrodynamics","Hologram","Static Discharge+1","Echo Form","Loop","Go for the Eyes+1","Turbo","BootSequence"],"relics":["Cracked Core","Lantern","Anchor","Gremlin Horn","Whetstone","Girya","Lizard Tail","Mango","Pantograph","Blue Candle"],"potions_floor_usage":[16,16,22,22,29],"damage_taken":[{"damage":13,"enemies":"Small Slimes","floor":1,"turns":3},{"damage":4,"enemies":"Jaw Worm","floor":3,"turns":3},{"damage":0,"enemies":"2 Louse","floor":4,"turns":2},{"damage":48,"enemies":"Lagavulin","floor":6,"turns":8},{"damage":1,"enemies":"2 Fungi Beasts","floor":11,"turns":4},{"damage":4,"enemies":"Red Slaver","floor":14,"turns":3},{"damage":70,"enemies":"Hexaghost","floor":16,"turns":11},{"damage":22,"enemies":"2 Thieves","floor":18,"turns":4},{"damage":40,"enemies":"Shell Parasite","floor":19,"turns":6},{"damage":27,"enemies":"Chosen and Byrds","floor":21,"turns":5},{"damage":15,"enemies":"Centurion and Healer","floor":22,"turns":6},{"damage":45,"enemies":"Slavers","floor":24,"turns":5},{"damage":20,"enemies":"Snecko","floor":27,"turns":6},{"damage":11,"enemies":"Snake Plant","floor":29,"turns":2}],"seed_played":"1198537754272239329","potions_obtained":[{"floor":3,"key":"Fire Potion"},{"floor":11,"key":"GamblersBrew"},{"floor":16,"key":"Poison Potion"},{"floor":19,"key":"FocusPotion"},{"floor":24,"key":"Swift Potion"},{"floor":27,"key":"SteroidPotion"}],"is_trial":false,"path_per_floor":["M","?","M","M","?","E","$","R","T","R","M","?","T","M","R","B",null,"M","M","?","M","M","?","E","R","T","M","$"],"character_chosen":"DEFECT","items_purchased":["Gremlin Horn","Loop","BootSequence"],"campfire_rested":4,"item_purchase_floors":[7,7,28],"current_hp_per_floor":[69,57,53,53,53,5,5,29,29,53,52,52,52,48,72,2,82,60,20,34,7,48,48,3,31,31,11,11,0],"gold":68,"neow_bonus":"TEN_PERCENT_HP_BONUS","is_prod":false,"is_daily":false,"chose_seed":false,"campfire_upgraded":0,"win_rate":0,"timestamp":1534434332,"path_taken":["M","?","M","M","?","E","$","R","T","R","M","?","?","M","R","BOSS","M","M","?","M","M","?","E","R","T","M","$","M"],"build_version":"2018-08-09","purchased_purges":0,"victory":false,"max_hp_per_floor":[82,82,82,82,82,82,82,82,82,82,82,82,82,82,82,82,82,82,82,96,96,96,96,96,96,96,96,96,96],"card_choices":[{"not_picked":["Doom and Gloom","Rebound"],"picked":"Sweeping Beam","floor":1},{"not_picked":["Streamline","Redo"],"picked":"Go for the Eyes","floor":3},{"not_picked":["Barrage","Blizzard"],"picked":"Heatsinks","floor":4},{"not_picked":["Sweeping Beam","Leap"],"picked":"BootSequence","floor":6},{"not_picked":["Cold Snap","Barrage"],"picked":"Gash","floor":11},{"not_picked":["Hologram","Compile Driver"],"picked":"Melter","floor":14},{"not_picked":["Core Surge","Multi-Cast"],"picked":"Electrodynamics","floor":16},{"not_picked":["Barrage","Scrape+1"],"picked":"Hologram","floor":18},{"not_picked":["Tempest","Doom and Gloom+1"],"picked":"Static Discharge+1","floor":19},{"not_picked":["Cold Snap","Aggregate"],"picked":"Echo Form","floor":21},{"not_picked":["Barrage","Redo"],"picked":"Loop","floor":22},{"not_picked":["Rebound","Turbo"],"picked":"Go for the Eyes+1","floor":24},{"not_picked":["Coolheaded","Rebound"],"picked":"Turbo","floor":27}],"player_experience":376739,"relics_obtained":[{"floor":6,"key":"Anchor"},{"floor":9,"key":"Whetstone"},{"floor":13,"key":"Girya"},{"floor":24,"key":"Pantograph"},{"floor":26,"key":"Blue Candle"}],"event_choices":[{"event_name":"Scrap Ooze","player_choice":"success","floor":2,"damage_taken":12},{"event_name":"Liars Game","player_choice":"agreed","floor":5,"damage_taken":0},{"event_name":"World of Goop","player_choice":"Left","floor":12,"damage_taken":0},{"event_name":"Addict","player_choice":"Obtained Relic","floor":20,"damage_taken":0},{"event_name":"Vampires","player_choice":"Ignored","floor":23,"damage_taken":0}],"is_beta":false,"boss_relics":[{"not_picked":["Philosopher\u0027s Stone","Nuclear Battery"],"picked":"Lizard Tail"}],"items_purged_floors":[],"is_endless":false,"potions_floor_spawned":[3,11,16,19,24,27],"killed_by":"Snake Plant","ascension_level":3}