{"gold_per_floor":[18,32,43,57,68,94,94,123,123,133,167,184,198,213,213,292,292,307,319,330,345,395,395,423,423,448,481,481,501,520,550,550,624,624,640,306,1305,1325,1325,1352,769,800,800,800,820,820,853,853,853,853,853,853,853,371,405,405],"floor_reached":57,"playtime":6639,"items_purged":["Strike_R","Strike_R"],"score":2877,"play_id":"57c3c2aa-5c19-468c-8257-5f9d8b16cdb4","local_time":"20190303115119","is_ascension_mode":true,"campfire_choices":[{"data":"Feed","floor":7.0,"key":"SMITH"},{"data":"Bash","floor":15.0,"key":"SMITH"},{"floor":23.0,"key":"REST"},{"floor":25.0,"key":"REST"},{"floor":28.0,"key":"REST"},{"floor":32.0,"key":"REST"},{"floor":44.0,"key":"RECALL"},{"data":"Shockwave","floor":46.0,"key":"SMITH"},{"floor":49.0,"key":"REST"},{"floor":53.0,"key":"REST"}],"neow_cost":"NO_GOLD","seed_source_timestamp":0,"circlet_count":0,"master_deck":["AscendersBane","Strike_R","Strike_R","Strike_R","Defend_R","Defend_R","Defend_R","Defend_R","Bash+1","Feed+1","Cleave","Shrug It Off","Iron Wave","Thunderclap","Anger","Whirlwind","Whirlwind+1","Sword Boomerang+1","Shockwave+1","Shrug It Off","Demon Form+1","Clothesline+1","Feed+1","Hemokinesis+1","Battle Trance","Uppercut+1","Power Through+1","Armaments","Ghostly Armor","Fiend Fire+1","Iron Wave+1","Sword Boomerang+1","Normality","Normality","Power Through+1","Reaper+1","Combust+1","Shrug It Off+1","Corruption+1","Iron Wave+1","Dark Shackles","Master of Strategy","Shockwave","Iron Wave+1"],"special_seed":0,"relics":["Burning Blood","Bronze Scales","Molten Egg 2","Gambling Chip","Frozen Egg 2","Runic Cube","WingedGreaves","Bottled Tornado","PreservedInsect","Lizard Tail","Self Forming Clay","Darkstone Periapt","Membership Card","Bag of Marbles","Strawberry","Charon\u0027s Ashes","Oddly Smooth Stone","Ancient Tea Set","Bag of Preparation","Shuriken","Toy Ornithopter","Happy Flower"],"potions_floor_usage":[56,56],"damage_taken":[{"damage":12.0,"enemies":"Jaw Worm","floor":1.0,"turns":2.0},{"damage":6.0,"enemies":"Cultist","floor":2.0,"turns":3.0},{"damage":8.0,"enemies":"Small Slimes","floor":3.0,"turns":5.0},{"damage":16.0,"enemies":"Red Slaver","floor":4.0,"turns":4.0},{"damage":7.0,"enemies":"Looter","floor":5.0,"turns":4.0},{"damage":6.0,"enemies":"Gremlin Nob","floor":6.0,"turns":3.0},{"damage":41.0,"enemies":"Lagavulin","floor":8.0,"turns":6.0},{"damage":6.0,"enemies":"Lots of Slimes","floor":10.0,"turns":2.0},{"damage":8.0,"enemies":"Gremlin Nob","floor":11.0,"turns":3.0},{"damage":14.0,"enemies":"Gremlin Gang","floor":12.0,"turns":2.0},{"damage":0.0,"enemies":"3 Louse","floor":13.0,"turns":2.0},{"damage":9.0,"enemies":"Blue Slaver","floor":14.0,"turns":5.0},{"damage":25.0,"enemies":"Hexaghost","floor":16.0,"turns":7.0},{"damage":11.0,"enemies":"2 Thieves","floor":18.0,"turns":4.0},{"damage":26.0,"enemies":"3 Byrds","floor":19.0,"turns":3.0},{"damage":50.0,"enemies":"Shelled Parasite and Fungi","floor":20.0,"turns":7.0},{"damage":10.0,"enemies":"Cultist and Chosen","floor":21.0,"turns":5.0},{"damage":37.0,"enemies":"Slavers","floor":24.0,"turns":4.0},{"damage":58.0,"enemies":"Book of Stabbing","floor":27.0,"turns":5.0},{"damage":16.0,"enemies":"3 Cultists","floor":29.0,"turns":4.0},{"damage":24.0,"enemies":"Centurion and Healer","floor":30.0,"turns":8.0},{"damage":37.0,"enemies":"Slavers","floor":31.0,"turns":5.0},{"damage":67.0,"enemies":"Collector","floor":33.0,"turns":8.0},{"damage":42.0,"enemies":"3 Darklings","floor":35.0,"turns":4.0},{"damage":17.0,"enemies":"3 Shapes","floor":38.0,"turns":6.0},{"damage":52.0,"enemies":"Reptomancer","floor":40.0,"turns":3.0},{"damage":18.0,"enemies":"Nemesis","floor":42.0,"turns":5.0},{"damage":3.0,"enemies":"Jaw Worm Horde","floor":45.0,"turns":3.0},{"damage":65.0,"enemies":"Reptomancer","floor":47.0,"turns":6.0},{"damage":42.0,"enemies":"Time Eater","floor":50.0,"turns":9.0},{"damage":99.0,"enemies":"Awakened One","floor":51.0,"turns":12.0},{"damage":75.0,"enemies":"Shield and Spear","floor":55.0,"turns":6.0},{"damage":122,"enemies":"The Heart","floor":56,"turns":8}],"seed_played":"-6332884476380879523","potions_obtained":[{"floor":2.0,"key":"AttackPotion"},{"floor":4.0,"key":"Dexterity Potion"},{"floor":6.0,"key":"Swift Potion"},{"floor":10.0,"key":"Block Potion"},{"floor":11.0,"key":"Poison Potion"},{"floor":13.0,"key":"FearPotion"},{"floor":16.0,"key":"SkillPotion"},{"floor":21.0,"key":"EssenceOfSteel"},{"floor":27.0,"key":"AttackPotion"},{"floor":29.0,"key":"Regen Potion"},{"floor":30.0,"key":"EssenceOfSteel"},{"floor":31.0,"key":"PowerPotion"},{"floor":40.0,"key":"Strength Potion"},{"floor":47.0,"key":"Explosive Potion"}],"is_trial":false,"path_per_floor":["M","M","M","M","M","E","R","E","T","M","E","M","M","M","R","B",null,"M","M","M","M","?","R","E","R","T","E","R","M","M","E","R","B",null,"M","$","?","M","?","E","$","E","T","R","M","R","E","?","R","B","B",null,"R","$","E","B",null],"character_chosen":"IRONCLAD","items_purchased":["Self Forming Clay","Sword Boomerang+1","Membership Card","Bag of Marbles","Strawberry","Reaper+1","BloodPotion","Combust+1","Bag of Preparation","Shuriken","Toy Ornithopter","Shockwave","Fire Potion","Strength Potion"],"campfire_rested":6,"item_purchase_floors":[36,36,41,41,41,41,41,41,54,54,54,54,54,54],"current_hp_per_floor":[65,65,66,59,58,58,58,23,23,27,25,21,31,32,32,17,82,85,73,33,29,29,66,35,72,72,20,57,51,56,29,71,14,112,76,76,76,73,73,27,34,37,37,37,46,46,76,66,113,100,49,135,163,163,119,55],"gold":405,"neow_bonus":"THREE_RARE_CARDS","is_prod":false,"is_daily":false,"chose_seed":false,"campfire_upgraded":3,"win_rate":0,"timestamp":1551635479,"path_taken":["M","M","M","M","M","E","R","E","T","M","E","M","M","M","R","BOSS","M","M","M","M","?","R","E","R","T","E","R","M","?","E","R","BOSS","M","$","?","M","?","E","$","E","T","R","?","R","E","?","R","BOSS","BOSS","R","$","E","BOSS"],"build_version":"2019-01-23","purchased_purges":2,"victory":true,"max_hp_per_floor":[78,78,81,84,84,84,84,84,84,88,88,92,96,100,100,104,104,112,120,124,124,124,124,124,124,124,124,124,128,136,140,140,144,144,144,144,144,152,152,152,159,159,159,159,159,159,159,159,159,159,163,163,163,163,163,163],"card_choices":[{"not_picked":["Reaper","Limit Break"],"picked":"Feed","floor":0.0},{"not_picked":["Warcry","Searing Blow"],"picked":"Cleave","floor":1.0},{"not_picked":["Perfected Strike","Dual Wield"],"picked":"Shrug It Off","floor":2.0},{"not_picked":["Burning Pact","Dropkick"],"picked":"Iron Wave","floor":3.0},{"not_picked":["Evolve","Sentinel"],"picked":"Thunderclap","floor":4.0},{"not_picked":["Flex","Pommel Strike"],"picked":"Anger","floor":5.0},{"not_picked":["Rage","Seeing Red"],"picked":"Whirlwind","floor":6.0},{"not_picked":["Entrench","Shrug It Off"],"picked":"Whirlwind","floor":8.0},{"not_picked":["Intimidate","Perfected Strike+1"],"picked":"Sword Boomerang+1","floor":10.0},{"not_picked":["True Grit","Thunderclap+1"],"picked":"Shockwave","floor":11.0},{"not_picked":["Warcry","Shockwave"],"picked":"Shrug It Off","floor":12.0},{"not_picked":["Clash+1","Bloodletting"],"picked":"Demon Form+1","floor":13.0},{"not_picked":["Body Slam+1","Warcry"],"picked":"Clothesline+1","floor":14.0},{"not_picked":["Juggernaut+1","Barricade+1"],"picked":"Feed+1","floor":16.0},{"not_picked":["Searing Blow+1","Body Slam+1"],"picked":"Hemokinesis+1","floor":18.0},{"not_picked":["Fire Breathing+1","Bloodletting"],"picked":"Battle Trance","floor":19.0},{"not_picked":["Rampage+1","Burning Pact"],"picked":"Uppercut+1","floor":20.0},{"not_picked":["Wild Strike+1","Pommel Strike+1","Dropkick+1"],"picked":"SKIP","floor":21.0},{"not_picked":["Twin Strike+1","Clothesline+1","Warcry"],"picked":"SKIP","floor":24.0},{"not_picked":["Second Wind+1","Cleave+1","Fire Breathing+1"],"picked":"SKIP","floor":27.0},{"not_picked":["Second Wind+1","Cleave+1","Fire Breathing+1"],"picked":"SKIP","floor":27.0},{"not_picked":["Body Slam+1","Pummel+1"],"picked":"Power Through","floor":29.0},{"not_picked":["Feel No Pain+1","Headbutt+1"],"picked":"Armaments","floor":30.0},{"not_picked":["Demon Form+1","Sever Soul+1"],"picked":"Ghostly Armor","floor":31.0},{"not_picked":["Barricade+1","Demon Form+1"],"picked":"Fiend Fire+1","floor":33.0},{"not_picked":["Dropkick+1","Burning Pact"],"picked":"Iron Wave+1","floor":35.0},{"not_picked":["Carnage+1","Cleave+1","Searing Blow+1"],"picked":"SKIP","floor":38.0},{"not_picked":["Clash+1","Sword Boomerang+1"],"picked":"Power Through+1","floor":40.0},{"not_picked":["Iron Wave+1","Dropkick+1"],"picked":"Shrug It Off+1","floor":42.0},{"not_picked":["True Grit","Flex"],"picked":"Corruption+1","floor":45.0},{"not_picked":["Headbutt+1","Uppercut+1"],"picked":"Iron Wave+1","floor":47.0},{"not_picked":["Jack Of All Trades","Chrysalis"],"picked":"Dark Shackles","floor":48.0},{"not_picked":["Finesse","Purity"],"picked":"Master of Strategy","floor":48.0},{"not_picked":["Twin Strike+1","Body Slam+1"],"picked":"Iron Wave+1","floor":55.0}],"player_experience":658023,"relics_obtained":[{"floor":6.0,"key":"Bronze Scales"},{"floor":8.0,"key":"Molten Egg 2"},{"floor":9.0,"key":"Gambling Chip"},{"floor":11.0,"key":"Frozen Egg 2"},{"floor":24.0,"key":"WingedGreaves"},{"floor":27.0,"key":"Bottled Tornado"},{"floor":31.0,"key":"PreservedInsect"},{"floor":40.0,"key":"Darkstone Periapt"},{"floor":42.0,"key":"Charon\u0027s Ashes"},{"floor":43.0,"key":"Oddly Smooth Stone"},{"floor":47.0,"key":"Ancient Tea Set"},{"floor":55.0,"key":"Happy Flower"}],"event_choices":[{"damage_healed":0.0,"max_hp_gain":0.0,"max_hp_loss":0.0,"gold_gain":100.0,"event_name":"The Joust","player_choice":"Bet on Murderer","floor":22.0,"gold_loss":50.0,"damage_taken":0.0},{"damage_healed":0.0,"max_hp_gain":0.0,"max_hp_loss":0.0,"gold_gain":999.0,"event_name":"MindBloom","player_choice":"Gold","floor":37.0,"gold_loss":0.0,"damage_taken":0.0,"cards_obtained":["Normality","Normality"]},{"damage_healed":0.0,"max_hp_gain":0.0,"max_hp_loss":0.0,"gold_gain":0.0,"event_name":"Upgrade Shrine","player_choice":"Upgraded","floor":39.0,"gold_loss":0.0,"damage_taken":0.0,"cards_upgraded":["Power Through"]},{"damage_healed":0.0,"max_hp_gain":0.0,"max_hp_loss":0.0,"gold_gain":0.0,"event_name":"SensoryStone","player_choice":"Memory 3","floor":48.0,"gold_loss":0.0,"damage_taken":10.0}],"is_beta":false,"boss_relics":[{"not_picked":["Runic Dome","Calling Bell"],"picked":"Runic Cube"},{"not_picked":["Orrery","Runic Pyramid"],"picked":"Lizard Tail"}],"items_purged_floors":[41,54],"is_endless":false,"potions_floor_spawned":[2,4,6,10,11,13,16,21,27,29,30,31,40,47],"ascension_level":20}