{"gold_per_floor":[119,119,134,21,35,35,46,46,46,46,61,71,71,84,84,179,179,197,210,210,223,235,235,269,269,269,269,269,284,303,303,303,407,407,419,74,0,0,0,0,45,62,62,80,80,180,199,216,216,216],"floor_reached":51,"playtime":3641,"items_purged":[],"score":686,"play_id":"44675ad7-c804-487a-bdf7-a5bc7511a24b","local_time":"20190119025740","is_ascension_mode":false,"campfire_choices":[{"data":"Fission","floor":6,"key":"SMITH"},{"data":"White Noise","floor":8,"key":"SMITH"},{"data":"Consume","floor":13,"key":"SMITH"},{"data":"Capacitor","floor":15,"key":"SMITH"},{"data":"Hologram","floor":23,"key":"SMITH"},{"floor":25,"key":"REST"},{"data":"Aggregate","floor":27,"key":"SMITH"},{"floor":32,"key":"REST"},{"data":"Transmutation","floor":40,"key":"SMITH"},{"data":"Capacitor","floor":45,"key":"SMITH"},{"floor":49,"key":"REST"}],"neow_cost":"NONE","seed_source_timestamp":4344135232221064,"circlet_count":0,"master_deck":["Defend_B","Defend_B","Defend_B","Defend_B+1","Zap","Dualcast+1","Fission+1","Consume+1","Double Energy","White Noise+1","FTL","Ball Lightning","Turbo","Capacitor+1","Static Discharge","Aggregate+1","Meteor Strike","Hyperbeam+1","Barrage+1","Machine Learning+1","Hologram+1","Sweeping Beam+1","Hologram","Coolheaded+1","Rebound","Consume+1","Tempest+1","Meteor Strike","Conserve Battery+1","Capacitor+1","Double Energy","Turbo","Transmutation+1","Jack Of All Trades","Sunder","Loop+1","Heatsinks","Coolheaded+1","Cold Snap+1","Loop","Rebound+1","Reinforced Body","Thunder Strike","Capacitor"],"relics":["Cracked Core","Bag of Preparation","Astrolabe","Bottled Lightning","Mango","Nuclear Battery","Red Mask","Prayer Wheel","Centennial Puzzle","Dead Branch"],"potions_floor_usage":[19,24,33,46],"damage_taken":[{"damage":0,"enemies":"2 Louse","floor":1,"turns":2},{"damage":3,"enemies":"Jaw Worm","floor":3,"turns":4},{"damage":0,"enemies":"Small Slimes","floor":5,"turns":3},{"damage":0,"enemies":"Red Slaver","floor":7,"turns":2},{"damage":0,"enemies":"Blue Slaver","floor":11,"turns":2},{"damage":0,"enemies":"3 Louse","floor":12,"turns":3},{"damage":0,"enemies":"2 Fungi Beasts","floor":14,"turns":2},{"damage":11,"enemies":"Slime Boss","floor":16,"turns":6},{"damage":10,"enemies":"Chosen","floor":18,"turns":4},{"damage":7,"enemies":"2 Thieves","floor":19,"turns":2},{"damage":4,"enemies":"3 Cultists","floor":21,"turns":3},{"damage":0,"enemies":"Snecko","floor":22,"turns":3},{"damage":17,"enemies":"Book of Stabbing","floor":24,"turns":7},{"damage":13,"enemies":"Snake Plant","floor":29,"turns":2},{"damage":10,"enemies":"Chosen and Byrds","floor":30,"turns":3},{"damage":48,"enemies":"Collector","floor":33,"turns":6},{"damage":9,"enemies":"3 Darklings","floor":35,"turns":3},{"damage":0,"enemies":"2 Orb Walkers","floor":41,"turns":2},{"damage":0,"enemies":"Orb Walker","floor":42,"turns":2},{"damage":7,"enemies":"4 Shapes","floor":44,"turns":6},{"damage":0,"enemies":"Mind Bloom Boss Battle","floor":46,"turns":5},{"damage":0,"enemies":"Maw","floor":47,"turns":6},{"damage":26,"enemies":"3 Darklings","floor":48,"turns":3},{"damage":28,"enemies":"Donu and Deca","floor":50,"turns":5}],"seed_played":"-380468510514191497","potions_obtained":[{"floor":1,"key":"EssenceOfSteel"},{"floor":5,"key":"AttackPotion"},{"floor":11,"key":"FearPotion"},{"floor":12,"key":"PowerPotion"},{"floor":19,"key":"FairyPotion"},{"floor":21,"key":"Block Potion"},{"floor":30,"key":"Energy Potion"},{"floor":42,"key":"Ancient Potion"},{"floor":46,"key":"SteroidPotion"}],"is_trial":false,"path_per_floor":["M","?","M","$","M","R","M","R","T","?","M","M","R","M","R","B",null,"M","M","?","M","M","R","E","R","T","R","?","M","M","?","R","B",null,"M","$","?","?","?","R","?","M","T","M","R","?","M","M","R","B",null],"character_chosen":"DEFECT","items_purchased":["White Noise","FTL","Capacitor","Double Energy","Turbo","Transmutation"],"campfire_rested":3,"item_purchase_floors":[4,4,36,36,36,36],"current_hp_per_floor":[75,60,57,57,57,57,57,57,57,57,57,57,57,57,57,46,75,65,58,58,54,54,54,37,59,73,73,56,43,33,33,61,13,94,85,85,85,85,85,85,85,85,85,78,78,78,78,52,80,52],"gold":216,"neow_bonus":"ONE_RANDOM_RARE_CARD","is_prod":false,"is_daily":false,"chose_seed":false,"campfire_upgraded":8,"win_rate":0,"timestamp":1547866660,"path_taken":["M","?","M","$","M","R","M","R","T","?","M","M","R","M","R","BOSS","M","M","?","M","M","R","E","R","T","R","?","M","M","?","R","BOSS","M","$","?","?","?","R","?","M","T","M","R","?","M","?","R","BOSS"],"build_version":"2019-01-17v2","purchased_purges":0,"victory":true,"max_hp_per_floor":[75,75,75,75,75,75,75,75,75,75,75,75,75,75,75,75,75,75,75,75,75,75,75,75,75,89,89,94,94,94,94,94,94,94,94,94,94,94,94,94,94,94,94,94,94,94,94,94,94,94],"card_choices":[{"not_picked":["Self Repair","Stack"],"picked":"Consume","floor":1},{"not_picked":["Static Discharge","Self Repair"],"picked":"Double Energy","floor":3},{"not_picked":["Barrage","Steam"],"picked":"Ball Lightning","floor":5},{"not_picked":["Auto Shields","Sweeping Beam"],"picked":"Turbo","floor":7},{"not_picked":["Undo","Streamline"],"picked":"Capacitor","floor":11},{"not_picked":["Blizzard","Compile Driver"],"picked":"Static Discharge","floor":12},{"not_picked":["Compile Driver","Ball Lightning"],"picked":"Aggregate","floor":14},{"not_picked":["Amplify","Rainbow"],"picked":"Meteor Strike","floor":16},{"not_picked":["Streamline+1","Turbo"],"picked":"Hologram","floor":18},{"not_picked":["Auto Shields","Leap"],"picked":"Sweeping Beam+1","floor":19},{"not_picked":["Steam","Gash+1"],"picked":"Hologram","floor":21},{"not_picked":["Compile Driver","Stack"],"picked":"Coolheaded+1","floor":22},{"not_picked":["Gash","Ball Lightning"],"picked":"Rebound","floor":24},{"not_picked":["Beam Cell+1","Coolheaded"],"picked":"Consume+1","floor":29},{"not_picked":["Reprogram+1","Streamline"],"picked":"Tempest","floor":30},{"not_picked":["Machine Learning","Reboot"],"picked":"Meteor Strike","floor":33},{"not_picked":["Cold Snap+1","Rebound"],"picked":"Conserve Battery+1","floor":35},{"not_picked":["Impatience","Madness"],"picked":"Jack Of All Trades","floor":39},{"not_picked":["FTL+1","Gash+1"],"picked":"Sunder","floor":41},{"not_picked":["Blizzard+1","Melter"],"picked":"Loop+1","floor":42},{"not_picked":["Ball Lightning","Steam+1"],"picked":"Heatsinks","floor":42},{"not_picked":["Glacier","Reprogram+1"],"picked":"Coolheaded+1","floor":44},{"not_picked":["Skim","Rebound+1"],"picked":"Cold Snap+1","floor":44},{"not_picked":["Sweeping Beam","Leap"],"picked":"Loop","floor":46},{"not_picked":["Streamline","Leap+1"],"picked":"Rebound+1","floor":47},{"not_picked":["Rebound","Leap+1"],"picked":"Reinforced Body","floor":47},{"not_picked":["Steam","Compile Driver"],"picked":"Thunder Strike","floor":48},{"not_picked":["Loop+1","Glacier"],"picked":"Capacitor","floor":48}],"player_experience":892484,"relics_obtained":[{"floor":9,"key":"Bag of Preparation"},{"floor":24,"key":"Bottled Lightning"},{"floor":26,"key":"Mango"},{"floor":41,"key":"Prayer Wheel"},{"floor":43,"key":"Centennial Puzzle"},{"floor":46,"key":"Dead Branch"}],"event_choices":[{"damage_healed":0,"gold_gain":0,"player_choice":"Entered Light","damage_taken":15,"max_hp_gain":0,"max_hp_loss":0,"event_name":"Shining Light","floor":2,"gold_loss":0,"cards_upgraded":["Dualcast","Defend_B"]},{"damage_healed":0,"gold_gain":0,"player_choice":"Searched \u00271\u0027 times","damage_taken":0,"max_hp_gain":0,"max_hp_loss":0,"event_name":"Dead Adventurer","floor":10,"gold_loss":0},{"damage_healed":0,"gold_gain":0,"player_choice":"Ignored","damage_taken":0,"max_hp_gain":0,"max_hp_loss":0,"event_name":"Ghosts","floor":20,"gold_loss":0},{"damage_healed":0,"gold_gain":0,"player_choice":"Shed Blood","damage_taken":22,"max_hp_gain":5,"max_hp_loss":0,"event_name":"Forgotten Altar","floor":28,"gold_loss":0},{"damage_healed":0,"gold_gain":0,"player_choice":"Upgraded","damage_taken":0,"max_hp_gain":0,"max_hp_loss":0,"event_name":"Upgrade Shrine","floor":31,"gold_loss":0,"cards_upgraded":["Tempest"]},{"damage_healed":0,"gold_gain":0,"player_choice":"Paid","damage_taken":0,"relics_obtained":["Red Mask"],"max_hp_gain":0,"max_hp_loss":0,"event_name":"Tomb of Lord Red Mask","floor":37,"gold_loss":74},{"cards_removed":["Strike_B"],"damage_healed":0,"gold_gain":0,"player_choice":"Removed Attack","damage_taken":0,"max_hp_gain":0,"max_hp_loss":0,"event_name":"Falling","floor":38,"gold_loss":0},{"damage_healed":0,"gold_gain":0,"player_choice":"Memory 1","damage_taken":0,"max_hp_gain":0,"max_hp_loss":0,"event_name":"SensoryStone","floor":39,"gold_loss":0},{"damage_healed":0,"gold_gain":0,"player_choice":"Fight","damage_taken":0,"max_hp_gain":0,"max_hp_loss":0,"event_name":"Mysterious Sphere","floor":41,"gold_loss":0},{"damage_healed":0,"gold_gain":0,"player_choice":"Fight","damage_taken":0,"max_hp_gain":0,"max_hp_loss":0,"event_name":"MindBloom","floor":46,"gold_loss":0}],"is_beta":false,"boss_relics":[{"not_picked":["Runic Dome","Busted Crown"],"picked":"Astrolabe"},{"not_picked":["FrozenCore","Coffee Dripper"],"picked":"Nuclear Battery"}],"items_purged_floors":[],"is_endless":false,"potions_floor_spawned":[1,5,11,12,19,21,30,42,46],"ascension_level":0}