{"gold_per_floor":[366,379,184,184,184,184,209,209,233,244,68,93,93,104,104,209,209,223,242,117,117,117,117,117,117,140,140,152,4,15,28,28,127,127,139,139,214,234,251,251,251,251,251,263,279,290,147,166,166,166],"floor_reached":51,"playtime":1562,"items_purged":["Strike_R","Strike_R","Strike_R"],"score":732,"play_id":"d6a2a9ec-1ea1-4c1d-9437-04bebab64f13","local_time":"20190321232924","is_ascension_mode":false,"campfire_choices":[{"data":"Whirlwind","floor":6.0,"key":"SMITH"},{"data":"True Grit","floor":8.0,"key":"SMITH"},{"data":"Uppercut","floor":13.0,"key":"SMITH"},{"floor":15.0,"key":"REST"},{"data":"Double Tap","floor":23.0,"key":"SMITH"},{"data":"Demon Form","floor":27.0,"key":"SMITH"},{"data":"Shockwave","floor":32.0,"key":"SMITH"},{"data":"Immolate","floor":40,"key":"SMITH"},{"data":"Fiend Fire","floor":42,"key":"SMITH"},{"data":"Limit Break","floor":49,"key":"SMITH"}],"neow_cost":"CURSE","seed_source_timestamp":1666902387068,"circlet_count":0,"master_deck":["Strike_R+1","Defend_R","Defend_R","Defend_R","Bash+1","Clumsy","Flame Barrier","Whirlwind+1","True Grit+1","Fiend Fire+1","Spot Weakness","Uppercut+1","Headbutt","Feed","Double Tap+1","Disarm","Demon Form+1","Carnage","Necronomicurse","True Grit+1","Whirlwind+1","Shockwave+1","Immolate+1","Good Instincts","Parasite","Whirlwind+1","Limit Break+1"],"special_seed":0,"relics":["Burning Blood","Letter Opener","Dream Catcher","Centennial Puzzle","PreservedInsect","Philosopher\u0027s Stone","Paper Frog","Necronomicon","Strawberry","Red Skull","Snecko Eye","Art of War","Whetstone"],"potions_floor_usage":[50,50,50],"damage_taken":[{"damage":8.0,"enemies":"Cultist","floor":1.0,"turns":6.0},{"damage":0.0,"enemies":"Small Slimes","floor":2.0,"turns":3.0},{"damage":52.0,"enemies":"Lagavulin","floor":7.0,"turns":8.0},{"damage":0.0,"enemies":"2 Louse","floor":10.0,"turns":1.0},{"damage":16.0,"enemies":"Gremlin Nob","floor":12.0,"turns":3.0},{"damage":9.0,"enemies":"Gremlin Gang","floor":14.0,"turns":3.0},{"damage":35.0,"enemies":"The Guardian","floor":16.0,"turns":12.0},{"damage":7.0,"enemies":"Shell Parasite","floor":18.0,"turns":6.0},{"damage":2.0,"enemies":"Chosen","floor":19.0,"turns":4.0},{"damage":9.0,"enemies":"3 Cultists","floor":28.0,"turns":3.0},{"damage":0.0,"enemies":"Shelled Parasite and Fungi","floor":30.0,"turns":2.0},{"damage":0.0,"enemies":"Snecko","floor":31.0,"turns":2.0},{"damage":43.0,"enemies":"Champ","floor":33.0,"turns":8.0},{"damage":4.0,"enemies":"3 Darklings","floor":35.0,"turns":2.0},{"damage":0,"enemies":"3 Shapes","floor":38,"turns":1},{"damage":3,"enemies":"Writhing Mass","floor":39,"turns":3},{"damage":6,"enemies":"4 Shapes","floor":44,"turns":1},{"damage":11,"enemies":"Spire Growth","floor":45,"turns":2},{"damage":0,"enemies":"Transient","floor":46,"turns":5},{"damage":3,"enemies":"Maw","floor":48,"turns":5},{"damage":38,"enemies":"Time Eater","floor":50,"turns":10}],"seed_played":"3734785625722741670","potions_obtained":[{"floor":2.0,"key":"SkillPotion"},{"floor":7.0,"key":"Strength Potion"},{"floor":14.0,"key":"SpeedPotion"},{"floor":19.0,"key":"FearPotion"},{"floor":39,"key":"EssenceOfSteel"}],"is_trial":false,"path_per_floor":["M","M","$","?","?","R","E","R","T","M","$","E","R","M","R","B",null,"M","M","$","?","$","R","T","?","T","R","M","$","M","M","R","B",null,"M","?","?","M","M","R","?","R","T","M","M","M","$","M","R","B",null],"character_chosen":"IRONCLAD","items_purchased":["Whirlwind","True Grit","Uppercut","Red Skull","Whetstone"],"campfire_rested":1,"item_purchase_floors":[3,3,11,29,47],"current_hp_per_floor":[78,80,80,85,85,85,39,39,39,45,45,35,35,32,57,28,85,87,88,88,88,88,88,88,72,79,79,76,76,82,88,88,51,95,95,95,86,92,95,95,95,95,95,95,90,95,95,95,95,63],"gold":166,"neow_bonus":"TWO_FIFTY_GOLD","is_prod":false,"is_daily":false,"chose_seed":false,"campfire_upgraded":9,"win_rate":0,"timestamp":1553232564,"path_taken":["M","M","?","?","?","R","E","R","T","M","$","E","R","?","R","BOSS","M","M","$","?","$","R","?","?","T","R","?","?","?","M","R","BOSS","M","?","?","?","M","R","?","R","T","?","M","M","$","M","R","BOSS"],"build_version":"2019-01-23","purchased_purges":3,"victory":true,"max_hp_per_floor":[80,80,80,85,85,85,85,85,85,85,85,85,85,85,85,85,85,88,88,88,88,88,88,88,88,95,95,95,95,95,95,95,95,95,95,95,95,95,95,95,95,95,95,95,95,95,95,95,95,95],"card_choices":[{"not_picked":["Power Through","Fire Breathing","Perfected Strike"],"picked":"SKIP","floor":1.0},{"not_picked":["Seeing Red","True Grit"],"picked":"Flame Barrier","floor":2.0},{"not_picked":["Wild Strike","Twin Strike"],"picked":"Fiend Fire","floor":7.0},{"not_picked":["Sentinel","Armaments"],"picked":"Spot Weakness","floor":10.0},{"not_picked":["Iron Wave","Shrug It Off"],"picked":"Headbutt","floor":12.0},{"not_picked":["Clothesline","Corruption","True Grit"],"picked":"SKIP","floor":14.0},{"not_picked":["Intimidate","Pommel Strike"],"picked":"Feed","floor":15.0},{"not_picked":["Fiend Fire","Barricade"],"picked":"Double Tap","floor":16.0},{"not_picked":["Sword Boomerang","Thunderclap","Hemokinesis+1"],"picked":"SKIP","floor":18.0},{"not_picked":["Clash","Rage"],"picked":"Disarm","floor":19.0},{"not_picked":["Flame Barrier","Shrug It Off"],"picked":"True Grit+1","floor":28.0},{"not_picked":["Warcry","Heavy Blade"],"picked":"Whirlwind+1","floor":30.0},{"not_picked":["Anger","Fire Breathing"],"picked":"Shockwave","floor":31.0},{"not_picked":["Feed","Impervious"],"picked":"Immolate","floor":33.0},{"not_picked":["Thunderclap","Intimidate+1","Anger"],"picked":"SKIP","floor":35.0},{"not_picked":["Blind","Metamorphosis"],"picked":"Good Instincts","floor":36.0},{"not_picked":["Sever Soul+1","Hemokinesis","Feel No Pain"],"picked":"SKIP","floor":38},{"not_picked":["True Grit","Iron Wave","Anger"],"picked":"SKIP","floor":39},{"not_picked":["Pommel Strike","Second Wind","Flex"],"picked":"SKIP","floor":44},{"not_picked":["Twin Strike+1","Perfected Strike+1","Havoc+1"],"picked":"SKIP","floor":45},{"not_picked":["Rupture+1","Warcry","Wild Strike"],"picked":"SKIP","floor":46},{"not_picked":["Heavy Blade","Burning Pact"],"picked":"Limit Break","floor":48}],"player_experience":1111365,"relics_obtained":[{"floor":7.0,"key":"Dream Catcher"},{"floor":9.0,"key":"Centennial Puzzle"},{"floor":12.0,"key":"PreservedInsect"},{"floor":24.0,"key":"Paper Frog"},{"floor":25.0,"key":"Necronomicon"},{"floor":26.0,"key":"Strawberry"},{"floor":43,"key":"Art of War"}],"event_choices":[{"damage_healed":0.0,"max_hp_gain":5.0,"max_hp_loss":0.0,"gold_gain":0.0,"event_name":"Big Fish","player_choice":"Donut","floor":4.0,"gold_loss":0.0,"damage_taken":0.0},{"damage_healed":0.0,"max_hp_gain":0.0,"max_hp_loss":0.0,"gold_gain":0.0,"event_name":"WeMeetAgain","player_choice":"Gave Potion","floor":5.0,"gold_loss":0.0,"damage_taken":0.0,"relics_obtained":["Letter Opener"]},{"damage_healed":0.0,"max_hp_gain":0.0,"max_hp_loss":0.0,"gold_gain":0.0,"cards_transformed":["Strike_R","Defend_R"],"event_name":"Drug Dealer","player_choice":"Became Test Subject","floor":21.0,"gold_loss":0.0,"damage_taken":0.0,"cards_obtained":["Demon Form","Carnage"]},{"damage_healed":0.0,"max_hp_gain":0.0,"max_hp_loss":0.0,"gold_gain":0.0,"event_name":"Cursed Tome","player_choice":"Obtained Book","floor":25.0,"gold_loss":0.0,"damage_taken":16.0},{"damage_healed":0.0,"max_hp_gain":0.0,"max_hp_loss":0.0,"gold_gain":0.0,"event_name":"SensoryStone","player_choice":"Memory 1","floor":36.0,"gold_loss":0.0,"damage_taken":0.0},{"damage_healed":0,"gold_gain":75,"player_choice":"Touch","damage_taken":9,"max_hp_gain":0,"max_hp_loss":0,"event_name":"FaceTrader","floor":37,"gold_loss":0},{"damage_healed":0,"gold_gain":0,"player_choice":"Copied","damage_taken":0,"max_hp_gain":0,"max_hp_loss":0,"event_name":"Duplicator","floor":41,"gold_loss":0,"cards_obtained":["Whirlwind"]}],"is_beta":false,"boss_relics":[{"not_picked":["Eternal Feather","Fusion Hammer"],"picked":"Philosopher\u0027s Stone"},{"not_picked":["Runic Dome","Calling Bell"],"picked":"Snecko Eye"}],"items_purged_floors":[3,11,20],"is_endless":false,"potions_floor_spawned":[2,7,14,19,31,33,38,39,46],"ascension_level":0}