{"gold_per_floor":[99,114,129,144,159,159,189,189,264,264,279,234,249,249,249,249],"floor_reached":16,"playtime":1507,"items_purged":[],"score":129,"play_id":"70942115-ee40-4975-a9c4-d43a03701aea","local_time":"20180723021640","daily_mods":["Brewmaster","Terminal","Vintage"],"is_ascension_mode":false,"campfire_choices":[{"data":"Defend_G","floor":6,"key":"SMITH"},{"data":"Catalyst","floor":8,"key":"SMITH"},{"floor":15,"key":"REST"}],"neow_cost":"","seed_source_timestamp":0,"circlet_count":0,"master_deck":["Defend_G+1","Defend_G","Defend_G","Defend_G","Defend_G","Strike_G","Strike_G","Strike_G","Strike_G","Strike_G","Survivor","Neutralize","Venomology","Venomology","Venomology","Venomology","Venomology","Catalyst+1"],"special_seed":17735,"relics":["Ring of the Snake","White Beast Statue","Bottled Flame","Centennial Puzzle","Ancient Tea Set","Oddly Smooth Stone","Juzu Bracelet","Blue Candle","Molten Egg 2","Matryoshka","Vajra","GremlinMask"],"potions_floor_usage":[1,2,2,3,3,3,4,4,5,5,5,5,5,7,7,7,7,7,11,11,13,13,13,16,16,16,16,16,16],"damage_taken":[{"damage":0,"enemies":"Jaw Worm","floor":1,"turns":1},{"damage":1,"enemies":"2 Louse","floor":2,"turns":5},{"damage":0,"enemies":"Cultist","floor":3,"turns":4},{"damage":0,"enemies":"Blue Slaver","floor":4,"turns":3},{"damage":0,"enemies":"Lots of Slimes","floor":5,"turns":7},{"damage":70,"enemies":"Gremlin Nob","floor":7,"turns":8},{"damage":0,"enemies":"2 Fungi Beasts","floor":11,"turns":3},{"damage":0,"enemies":"Looter","floor":12,"turns":5},{"damage":0,"enemies":"Blue Slaver","floor":13,"turns":6},{"damage":32,"enemies":"The Guardian","floor":16,"turns":16}],"seed_played":"4484180567622836144","potions_obtained":[{"floor":2,"key":"LiquidBronze"},{"floor":3,"key":"Fire Potion"},{"floor":4,"key":"Energy Potion"},{"floor":7,"key":"Ancient Potion"},{"floor":11,"key":"GhostInAJar"},{"floor":13,"key":"FairyPotion"}],"is_trial":false,"path_per_floor":["M","M","M","M","M","R","E","R","T","?","M","M","M","?","R"],"character_chosen":"THE_SILENT","items_purchased":[],"campfire_rested":1,"item_purchase_floors":[],"current_hp_per_floor":[68,67,66,65,64,63,8,8,8,8,8,8,8,8,24,0],"gold":249,"neow_bonus":"","is_prod":false,"is_daily":true,"chose_seed":false,"campfire_upgraded":2,"win_rate":0,"timestamp":1532308600,"path_taken":["M","M","M","M","M","R","E","R","T","?","M","M","M","?","R","BOSS"],"build_version":"2018-07-19v2","purchased_purges":0,"victory":false,"max_hp_per_floor":[68,67,66,65,64,63,62,61,60,59,58,57,56,55,54,54],"card_choices":[{"not_picked":["Prepared","Eviscerate"],"picked":"Catalyst","floor":7}],"player_experience":174883,"relics_obtained":[{"floor":2,"key":"Bottled Flame"},{"floor":3,"key":"Centennial Puzzle"},{"floor":4,"key":"Ancient Tea Set"},{"floor":5,"key":"Oddly Smooth Stone"},{"floor":7,"key":"Juzu Bracelet"},{"floor":9,"key":"Blue Candle"},{"floor":11,"key":"Molten Egg 2"},{"floor":12,"key":"Matryoshka"},{"floor":13,"key":"Vajra"}],"event_choices":[{"event_name":"Liars Game","player_choice":"disagreed","floor":10,"damage_taken":0},{"event_name":"FaceTrader","player_choice":"Trade","floor":14,"damage_taken":0}],"is_beta":false,"boss_relics":[],"items_purged_floors":[],"is_endless":false,"potions_floor_spawned":[1,2,3,4,5,7,11,12,13],"killed_by":"The Guardian","ascension_level":0}