{"gold_per_floor":[114,114,132,207,50,50,69,69,124,124,140,164,176,202,202,277,277,291,22,22,22,22,22,41,73,99,99,113,140,190,208,208,208],"floor_reached":33,"playtime":1204,"items_purged":["Strike_G"],"score":616,"play_id":"7b0ab76e-fef0-4673-b117-915fd5a0599e","local_time":"20190327082323","is_ascension_mode":true,"campfire_choices":[{"data":"Deadly Poison","floor":6.0,"key":"SMITH"},{"data":"Neutralize","floor":8.0,"key":"SMITH"},{"floor":15.0,"key":"REST"},{"data":"A Thousand Cuts","floor":23.0,"key":"SMITH"},{"data":"Ghostly","floor":27.0,"key":"SMITH"},{"data":"Ghostly","floor":32,"key":"SMITH"}],"neow_cost":"NONE","seed_source_timestamp":1223102828513977,"circlet_count":0,"master_deck":["AscendersBane","Defend_G","Defend_G","Defend_G","Defend_G","Defend_G","Survivor","Neutralize+1","PiercingWail","Deadly Poison+1","Infinite Blades","Poisoned Stab","A Thousand Cuts+1","Bullet Time+1","Doppelganger+1","Corpse Explosion+1","Cloak And Dagger","RitualDagger","Ghostly+1","Ghostly","Ghostly+1","Poisoned Stab","Dagger Throw+1","Leg Sweep"],"special_seed":0,"relics":["Busted Crown","Pear","Snake Skull","Blood Vial","Odd Mushroom","Mummified Hand","Astrolabe","Tiny Chest","FaceOfCleric","Mercury Hourglass","Pen Nib","Smiling Mask"],"potions_floor_usage":[29,33],"damage_taken":[{"damage":2.0,"enemies":"Small Slimes","floor":1.0,"turns":5.0},{"damage":0.0,"enemies":"Jaw Worm","floor":3.0,"turns":4.0},{"damage":0.0,"enemies":"Cultist","floor":7.0,"turns":3.0},{"damage":16.0,"enemies":"Large Slime","floor":11.0,"turns":6.0},{"damage":0.0,"enemies":"The Mushroom Lair","floor":12.0,"turns":5.0},{"damage":8.0,"enemies":"Red Slaver","floor":13.0,"turns":4.0},{"damage":13.0,"enemies":"Lagavulin","floor":14.0,"turns":6.0},{"damage":12.0,"enemies":"Hexaghost","floor":16.0,"turns":11.0},{"damage":12.0,"enemies":"2 Thieves","floor":18.0,"turns":3.0},{"damage":12.0,"enemies":"Shell Parasite","floor":24.0,"turns":5.0},{"damage":15.0,"enemies":"Gremlin Leader","floor":25.0,"turns":6.0},{"damage":3.0,"enemies":"3 Cultists","floor":28.0,"turns":5.0},{"damage":21,"enemies":"Book of Stabbing","floor":29,"turns":5},{"damage":0,"enemies":"Snecko","floor":31,"turns":5},{"damage":10,"enemies":"Collector","floor":33,"turns":3}],"seed_played":"-1444608159774150377","potions_obtained":[{"floor":7.0,"key":"Energy Potion"},{"floor":11.0,"key":"Fire Potion"},{"floor":14.0,"key":"Explosive Potion"},{"floor":16.0,"key":"SteroidPotion"},{"floor":25.0,"key":"FairyPotion"},{"floor":28.0,"key":"LiquidBronze"},{"floor":29,"key":"Weak Potion"},{"floor":31,"key":"SteroidPotion"}],"is_trial":false,"path_per_floor":["M","?","M","?","$","R","M","R","T","?","M","?","M","E","R","B",null,"M","$","?","?","?","R","M","E","T","R","M","E","?","M","R","B"],"character_chosen":"THE_SILENT","items_purchased":["Snake Skull","Tiny Chest","Cloak And Dagger"],"campfire_rested":1,"item_purchase_floors":[5,19,19],"current_hp_per_floor":[57,49,49,38,38,38,38,38,38,38,24,26,20,9,31,21,62,52,52,46,38,38,38,27,15,15,15,15,5,5,8,8,0],"gold":208,"neow_bonus":"BOSS_RELIC","is_prod":false,"is_daily":false,"chose_seed":false,"campfire_upgraded":5,"win_rate":0,"timestamp":1553689403,"path_taken":["M","?","M","?","$","R","M","R","T","?","M","?","M","E","R","BOSS","M","$","?","?","?","R","?","E","T","R","M","E","?","?","R","BOSS"],"build_version":"2019-03-15","purchased_purges":1,"victory":false,"max_hp_per_floor":[66,76,76,76,76,76,76,76,76,76,76,76,76,76,76,76,76,76,76,76,38,38,38,39,40,40,40,41,42,42,43,43,43],"card_choices":[{"not_picked":[],"picked":"PiercingWail","floor":1.0},{"not_picked":[],"picked":"Deadly Poison","floor":3.0},{"not_picked":["Deflect"],"picked":"SKIP","floor":7.0},{"not_picked":["Slice"],"picked":"SKIP","floor":11.0},{"not_picked":["Expertise"],"picked":"SKIP","floor":13.0},{"not_picked":[],"picked":"Poisoned Stab","floor":14.0},{"not_picked":[],"picked":"A Thousand Cuts","floor":16.0},{"not_picked":["Slice"],"picked":"SKIP","floor":18.0},{"not_picked":["Outmaneuver"],"picked":"SKIP","floor":24.0},{"not_picked":[],"picked":"Poisoned Stab","floor":25.0},{"not_picked":["Deflect"],"picked":"SKIP","floor":28.0},{"not_picked":[],"picked":"Dagger Throw+1","floor":29},{"not_picked":[],"picked":"Leg Sweep","floor":31}],"player_experience":1314430,"relics_obtained":[{"floor":9.0,"key":"Blood Vial"},{"floor":12.0,"key":"Odd Mushroom"},{"floor":14.0,"key":"Mummified Hand"},{"floor":25.0,"key":"Mercury Hourglass"},{"floor":26.0,"key":"Pen Nib"},{"floor":29,"key":"Smiling Mask"}],"event_choices":[{"damage_healed":0.0,"max_hp_gain":0.0,"max_hp_loss":0.0,"gold_gain":0.0,"event_name":"Scrap Ooze","player_choice":"Success","floor":2.0,"gold_loss":0.0,"damage_taken":18.0,"relics_obtained":["Pear"]},{"damage_healed":0.0,"max_hp_gain":0.0,"max_hp_loss":0.0,"gold_gain":75.0,"event_name":"World of Goop","player_choice":"Gather Gold","floor":4.0,"gold_loss":0.0,"damage_taken":11.0},{"damage_healed":0.0,"max_hp_gain":0.0,"max_hp_loss":0.0,"gold_gain":0.0,"cards_transformed":["Strike_G"],"event_name":"Living Wall","player_choice":"Change","floor":10.0,"gold_loss":0.0,"damage_taken":0.0,"cards_obtained":["Infinite Blades"]},{"damage_healed":0.0,"max_hp_gain":0.0,"max_hp_loss":0.0,"gold_gain":0.0,"event_name":"Mushrooms","player_choice":"Fought Mushrooms","floor":12.0,"gold_loss":0.0,"damage_taken":0.0},{"damage_healed":0.0,"max_hp_gain":0.0,"max_hp_loss":0.0,"gold_gain":0.0,"event_name":"Nest","player_choice":"Joined the Cult","floor":20.0,"gold_loss":0.0,"damage_taken":6.0,"cards_obtained":["RitualDagger"]},{"damage_healed":0.0,"max_hp_gain":0.0,"max_hp_loss":38.0,"gold_gain":0.0,"event_name":"Ghosts","player_choice":"Became a Ghost","floor":21.0,"gold_loss":0.0,"damage_taken":0.0,"cards_obtained":["Ghostly","Ghostly","Ghostly"]},{"damage_healed":0.0,"max_hp_gain":0.0,"max_hp_loss":0.0,"gold_gain":0.0,"event_name":"FaceTrader","player_choice":"Trade","floor":22.0,"gold_loss":0.0,"damage_taken":0.0,"relics_obtained":["FaceOfCleric"]},{"damage_healed":0,"gold_gain":100,"player_choice":"Bet on Murderer","damage_taken":0,"max_hp_gain":0,"max_hp_loss":0,"event_name":"The Joust","floor":30,"gold_loss":50}],"is_beta":true,"boss_relics":[{"not_picked":["HoveringKite","Runic Pyramid"],"picked":"Astrolabe"}],"items_purged_floors":[19],"is_endless":false,"potions_floor_spawned":[7,11,14,16,25,28,29,31],"killed_by":"Collector","ascension_level":20}