{"gold_per_floor":[114,114,76,89,103,103,58,58,105,105,138,151,151],"floor_reached":13,"playtime":508,"items_purged":[],"score":137,"play_id":"94052340-3ddc-4ebc-931d-d91b7c7de16b","local_time":"20190328230106","is_ascension_mode":true,"campfire_choices":[{"data":"Genetic Algorithm","floor":6,"key":"SMITH"},{"data":"Buffer","floor":8,"key":"SMITH"}],"neow_cost":"NONE","seed_source_timestamp":31944671656526,"circlet_count":0,"master_deck":["AscendersBane","Strike_B","Strike_B","Strike_B","Strike_B","Defend_B","Defend_B","Defend_B","Defend_B","Zap","Dualcast","Buffer+1","Conserve Battery","Genetic Algorithm+1","Genetic Algorithm+1","Conserve Battery","Coolheaded"],"relics":["Cracked Core","Art of War","Smiling Mask"],"potions_floor_usage":[11,13],"damage_taken":[{"damage":0,"enemies":"2 Louse","floor":1,"turns":3},{"damage":0,"enemies":"Cultist","floor":4,"turns":4},{"damage":8,"enemies":"Jaw Worm","floor":5,"turns":4},{"damage":52,"enemies":"Gremlin Nob","floor":11,"turns":6},{"damage":0,"enemies":"Exordium Thugs","floor":12,"turns":5},{"damage":16,"enemies":"Exordium Wildlife","floor":13,"turns":3}],"seed_played":"-6017828786292088780","potions_obtained":[{"floor":5,"key":"PowerPotion"},{"floor":11,"key":"SneckoOil"}],"is_trial":false,"path_per_floor":["M","?","$","M","M","R","?","R","T","?","E","M","M"],"character_chosen":"DEFECT","items_purchased":["Genetic Algorithm"],"campfire_rested":0,"item_purchase_floors":[3],"current_hp_per_floor":[68,68,68,68,60,60,60,60,60,60,8,8,0],"gold":151,"neow_bonus":"ONE_RANDOM_RARE_CARD","is_prod":false,"is_daily":false,"chose_seed":false,"campfire_upgraded":2,"win_rate":0,"timestamp":1553810466,"path_taken":["M","?","$","M","M","R","?","R","T","?","E","?","M"],"build_version":"2019-01-23","purchased_purges":0,"victory":false,"max_hp_per_floor":[75,75,75,75,75,75,75,75,75,75,75,75,75],"card_choices":[{"not_picked":["Compile Driver","Chaos"],"picked":"Conserve Battery","floor":1},{"not_picked":["Barrage","Storm"],"picked":"Genetic Algorithm","floor":4},{"not_picked":["Beam Cell","Multi-Cast"],"picked":"Conserve Battery","floor":5},{"not_picked":["Redo","Hologram"],"picked":"Coolheaded","floor":11},{"not_picked":["Leap","Gash","Recycle"],"picked":"SKIP","floor":12}],"player_experience":821714,"relics_obtained":[{"floor":9,"key":"Art of War"},{"floor":11,"key":"Smiling Mask"}],"event_choices":[{"damage_healed":0,"gold_gain":0,"player_choice":"Ignored","damage_taken":0,"max_hp_gain":0,"max_hp_loss":0,"event_name":"Golden Wing","floor":2,"gold_loss":0},{"damage_healed":0,"gold_gain":0,"player_choice":"Left Gold","damage_taken":0,"max_hp_gain":0,"max_hp_loss":0,"event_name":"World of Goop","floor":7,"gold_loss":45},{"damage_healed":0,"gold_gain":0,"player_choice":"Forge","damage_taken":0,"max_hp_gain":0,"max_hp_loss":0,"event_name":"Accursed Blacksmith","floor":10,"gold_loss":0,"cards_upgraded":["Genetic Algorithm"]}],"is_beta":false,"boss_relics":[],"items_purged_floors":[],"is_endless":false,"potions_floor_spawned":[5,11],"killed_by":"Exordium Wildlife","ascension_level":13}