{"gold_per_floor":[117,117,127,5,19,19,32,32,32,32,32,51,51,379,379,479,479,495,251,251,264,275,275,289,289,289,16,32,32,57,82,82,184,184,196,21,121,173,189,189,189,209,236,236,236,236,256,281,281,281],"floor_reached":51,"playtime":2617,"items_purged":["Strike_R","Defend_R","Defend_R","Strike_R"],"score":813,"play_id":"f0a221c2-9594-4316-bbf3-793bbd4ec209","local_time":"20190203172739","is_ascension_mode":false,"campfire_choices":[{"data":"Cleave","floor":6,"key":"SMITH"},{"data":"Pommel Strike","floor":8,"key":"SMITH"},{"data":"Bash","floor":15,"key":"SMITH"},{"data":"Shrug It Off","floor":23,"key":"SMITH"},{"data":"Shrug It Off","floor":25,"key":"SMITH"},{"floor":29,"key":"REST"},{"data":"Strike_R","floor":32,"key":"SMITH"},{"data":"Cleave","floor":40,"key":"SMITH"},{"floor":44,"key":"REST"},{"data":"1","floor":46,"key":"LIFT"},{"floor":49,"key":"REST"}],"neow_cost":"NONE","seed_source_timestamp":1728225862801648,"circlet_count":0,"master_deck":["Strike_R+1","Strike_R","Strike_R","Defend_R","Bash+1","Cleave+1","Shrug It Off+1","Pommel Strike+1","Shrug It Off+1","Headbutt+1","Shrug It Off+1","Clash","Cleave+1"],"relics":["Burning Blood","Singing Bowl","Old Coin","Busted Crown","Orichalcum","Letter Opener","PreservedInsect","WingedGreaves","Mango","White Beast Statue","Peace Pipe","Torii","Potion Belt","Girya","Dream Catcher"],"potions_floor_usage":[14,16,21,24,30,37,38,39,42,48,48,50],"damage_taken":[{"damage":5,"enemies":"Cultist","floor":1,"turns":4},{"damage":5,"enemies":"Jaw Worm","floor":3,"turns":4},{"damage":5,"enemies":"Small Slimes","floor":5,"turns":3},{"damage":0,"enemies":"Gremlin Gang","floor":7,"turns":3},{"damage":8,"enemies":"Lots of Slimes","floor":12,"turns":3},{"damage":22,"enemies":"Gremlin Nob","floor":14,"turns":4},{"damage":63,"enemies":"The Guardian","floor":16,"turns":15},{"damage":7,"enemies":"3 Byrds","floor":18,"turns":5},{"damage":5,"enemies":"Chosen","floor":21,"turns":3},{"damage":31,"enemies":"Centurion and Healer","floor":22,"turns":6},{"damage":4,"enemies":"Cultist and Chosen","floor":24,"turns":4},{"damage":10,"enemies":"Snake Plant","floor":28,"turns":5},{"damage":13,"enemies":"Book of Stabbing","floor":30,"turns":4},{"damage":13,"enemies":"Gremlin Leader","floor":31,"turns":4},{"damage":110,"enemies":"Collector","floor":33,"turns":13},{"damage":5,"enemies":"3 Shapes","floor":35,"turns":6},{"damage":17,"enemies":"Mind Bloom Boss Battle","floor":37,"turns":8},{"damage":55,"enemies":"2 Orb Walkers","floor":38,"turns":5},{"damage":1,"enemies":"Orb Walker","floor":39,"turns":3},{"damage":15,"enemies":"Maw","floor":42,"turns":8},{"damage":8,"enemies":"4 Shapes","floor":47,"turns":3},{"damage":20,"enemies":"Reptomancer","floor":48,"turns":4},{"damage":121,"enemies":"Awakened One","floor":50,"turns":27}],"seed_played":"-9172021488061664621","potions_obtained":[{"floor":12,"key":"BloodPotion"},{"floor":14,"key":"EssenceOfSteel"},{"floor":16,"key":"Energy Potion"},{"floor":22,"key":"SteroidPotion"},{"floor":24,"key":"Regen Potion"},{"floor":35,"key":"Poison Potion"},{"floor":37,"key":"Swift Potion"},{"floor":38,"key":"Fruit Juice"},{"floor":39,"key":"Block Potion"},{"floor":42,"key":"Ancient Potion"},{"floor":47,"key":"Explosive Potion"},{"floor":48,"key":"Poison Potion"}],"is_trial":false,"path_per_floor":["M","?","M","$","M","R","M","R","T","?","?","M","$","E","R","B",null,"M","$","?","M","M","R","M","R","T","$","M","R","E","E","R","B",null,"M","$","?","?","M","R","?","M","T","R","T","R","M","E","R","B",null],"character_chosen":"IRONCLAD","items_purchased":["Shrug It Off","Orichalcum","PreservedInsect","Clash"],"campfire_rested":3,"item_purchase_floors":[4,19,27,36],"current_hp_per_floor":[88,88,88,88,88,88,88,88,88,88,93,93,93,88,88,33,99,98,98,98,99,76,76,80,80,80,80,78,105,105,114,114,12,125,127,127,118,69,81,81,81,74,74,115,115,115,115,103,144,29],"gold":281,"neow_bonus":"TEN_PERCENT_HP_BONUS","is_prod":false,"is_daily":false,"chose_seed":false,"campfire_upgraded":7,"win_rate":0,"timestamp":1549236459,"path_taken":["M","?","?","$","M","R","M","R","T","?","?","M","$","E","R","BOSS","M","$","?","M","?","R","?","R","T","$","M","R","E","E","R","BOSS","M","$","?","?","M","R","?","M","T","R","?","R","?","E","R","BOSS"],"build_version":"2019-01-23","purchased_purges":4,"victory":true,"max_hp_per_floor":[88,88,88,88,88,88,88,88,88,88,93,95,95,97,97,99,99,99,99,99,99,101,101,103,103,103,103,105,105,107,123,123,125,125,127,127,129,129,136,136,136,138,138,138,138,138,140,142,144,144],"card_choices":[{"not_picked":["Heavy Blade","Fire Breathing","Seeing Red"],"picked":"SKIP","floor":1},{"not_picked":["True Grit","Flame Barrier"],"picked":"Cleave","floor":3},{"not_picked":["Perfected Strike","Headbutt"],"picked":"Pommel Strike","floor":5},{"not_picked":["Sword Boomerang","Cleave"],"picked":"Shrug It Off","floor":7},{"not_picked":["Rupture","Carnage","Blood for Blood"],"picked":"Singing Bowl","floor":12},{"not_picked":["Uppercut","Fire Breathing","Feel No Pain"],"picked":"Singing Bowl","floor":14},{"not_picked":["Dark Embrace","Double Tap","Offering"],"picked":"Singing Bowl","floor":16},{"not_picked":[],"picked":"Headbutt+1","floor":18},{"not_picked":[],"picked":"Shrug It Off","floor":21},{"not_picked":["Hemokinesis+1"],"picked":"Singing Bowl","floor":22},{"not_picked":["Burning Pact"],"picked":"Singing Bowl","floor":24},{"not_picked":["Anger"],"picked":"Singing Bowl","floor":28},{"not_picked":["Shrug It Off"],"picked":"Singing Bowl","floor":30},{"not_picked":["Entrench"],"picked":"Singing Bowl","floor":31},{"not_picked":["Offering"],"picked":"Singing Bowl","floor":33},{"not_picked":["Flame Barrier"],"picked":"Singing Bowl","floor":35},{"not_picked":["Sword Boomerang"],"picked":"Singing Bowl","floor":37},{"not_picked":[],"picked":"Cleave","floor":38},{"not_picked":["Pommel Strike"],"picked":"Singing Bowl","floor":39},{"not_picked":["Anger"],"picked":"Singing Bowl","floor":42},{"not_picked":["Headbutt"],"picked":"Singing Bowl","floor":47},{"not_picked":["Feel No Pain+1"],"picked":"Singing Bowl","floor":48},{"not_picked":["Burning Pact"],"picked":"Singing Bowl","floor":49}],"player_experience":700275,"relics_obtained":[{"floor":9,"key":"Singing Bowl"},{"floor":14,"key":"Old Coin"},{"floor":26,"key":"Letter Opener"},{"floor":30,"key":"WingedGreaves"},{"floor":31,"key":"Mango"},{"floor":37,"key":"Peace Pipe"},{"floor":38,"key":"Torii"},{"floor":43,"key":"Potion Belt"},{"floor":45,"key":"Girya"},{"floor":48,"key":"Dream Catcher"}],"event_choices":[{"cards_removed":["Defend_R"],"damage_healed":0,"gold_gain":0,"player_choice":"Purged","damage_taken":0,"max_hp_gain":0,"max_hp_loss":0,"event_name":"Purifier","floor":2,"gold_loss":0},{"damage_healed":0,"gold_gain":0,"player_choice":"Leave","damage_taken":0,"max_hp_gain":0,"max_hp_loss":0,"event_name":"The Cleric","floor":10,"gold_loss":0},{"damage_healed":0,"gold_gain":0,"player_choice":"Donut","damage_taken":0,"max_hp_gain":5,"max_hp_loss":0,"event_name":"Big Fish","floor":11,"gold_loss":0},{"damage_healed":0,"gold_gain":0,"player_choice":"Upgraded","damage_taken":0,"max_hp_gain":0,"max_hp_loss":0,"event_name":"Upgrade Shrine","floor":20,"gold_loss":0,"cards_upgraded":["Shrug It Off"]},{"damage_healed":0,"gold_gain":0,"player_choice":"Fight","damage_taken":0,"max_hp_gain":0,"max_hp_loss":0,"event_name":"MindBloom","floor":37,"gold_loss":0},{"damage_healed":0,"gold_gain":0,"player_choice":"Fight","damage_taken":0,"max_hp_gain":0,"max_hp_loss":0,"event_name":"Mysterious Sphere","floor":38,"gold_loss":0},{"damage_healed":0,"gold_gain":0,"player_choice":"Ignored","damage_taken":0,"max_hp_gain":0,"max_hp_loss":0,"event_name":"Tomb of Lord Red Mask","floor":41,"gold_loss":0}],"is_beta":false,"boss_relics":[{"not_picked":["Eternal Feather","Pandora\u0027s Box"],"picked":"Busted Crown"},{"not_picked":["Fusion Hammer","Empty Cage"],"picked":"White Beast Statue"}],"items_purged_floors":[4,19,27,36],"is_endless":false,"potions_floor_spawned":[12,14,16,22,24,35,37,38,39,42,47,48],"ascension_level":0}