{"gold_per_floor":[110,185,6,6,17,17,45,45,45,45,45,60,115,169,169,273,273,283,283,223,235,2,2,15,31,31,31,31,31,31,47,47,47],"floor_reached":33,"playtime":1753,"items_purged":[],"score":301,"play_id":"3168bf6d-07a2-4183-a7f8-76661514cdb0","local_time":"20180820213324","is_ascension_mode":true,"campfire_choices":[{"floor":6,"key":"REST"},{"floor":8,"key":"REST"},{"floor":11,"key":"REST"},{"data":"Static Discharge","floor":15,"key":"SMITH"},{"floor":23,"key":"REST"},{"floor":30,"key":"REST"},{"floor":32,"key":"REST"}],"neow_cost":"NONE","seed_source_timestamp":4490899702286459,"circlet_count":0,"master_deck":["Strike_B","Strike_B","Strike_B","Strike_B","Defend_B","Defend_B","Defend_B","Defend_B","Zap","Dualcast","Multi-Cast","Sweeping Beam","Static Discharge+1","Mind Blast","Steam","Aggregate","Capacitor","Steam","Core Surge","Amplify","Chaos+1","Barrage+1","Redo+1","Defragment","Capacitor","Conserve Battery+1","Reboot"],"relics":["Cracked Core","Oddly Smooth Stone","Art of War","Tiny Chest","Strawberry","Lizard Tail","Orichalcum","Question Card","Lantern","Gremlin Horn"],"potions_floor_usage":[16,31,33],"damage_taken":[{"damage":13,"enemies":"Jaw Worm","floor":1,"turns":4},{"damage":10,"enemies":"Cultist","floor":5,"turns":4},{"damage":35,"enemies":"3 Sentries","floor":7,"turns":7},{"damage":0,"enemies":"Small Slimes","floor":12,"turns":4},{"damage":30,"enemies":"Lagavulin","floor":13,"turns":7},{"damage":28,"enemies":"Hexaghost","floor":16,"turns":9},{"damage":30,"enemies":"3 Byrds","floor":18,"turns":4},{"damage":31,"enemies":"2 Thieves","floor":20,"turns":4},{"damage":22,"enemies":"Snake Plant","floor":21,"turns":4},{"damage":28,"enemies":"Snecko","floor":24,"turns":5},{"damage":25,"enemies":"Chosen and Byrds","floor":25,"turns":6},{"damage":35,"enemies":"3 Cultists","floor":31,"turns":5},{"damage":33,"enemies":"Automaton","floor":33,"turns":4}],"seed_played":"-5023681810030100167","potions_obtained":[{"floor":7,"key":"Strength Potion"},{"floor":12,"key":"PowerPotion"},{"floor":18,"key":"Ancient Potion"},{"floor":21,"key":"FearPotion"},{"floor":24,"key":"FocusPotion"},{"floor":25,"key":"PowerPotion"}],"is_trial":false,"path_per_floor":["M","?","$","?","M","R","E","R","T","?","R","M","E","T","R","B",null,"M","?","M","M","$","R","M","M","T","T","?","?","R","M","R"],"character_chosen":"DEFECT","items_purchased":["Static Discharge","Mind Blast","Steam","Orichalcum","Defragment"],"campfire_rested":6,"item_purchase_floors":[3,3,3,22,22],"current_hp_per_floor":[62,51,51,51,41,63,28,50,50,50,72,72,42,49,49,21,82,52,52,21,41,41,65,37,12,12,12,12,12,36,8,32,0],"gold":47,"neow_bonus":"ONE_RANDOM_RARE_CARD","is_prod":false,"is_daily":false,"chose_seed":false,"campfire_upgraded":1,"win_rate":0,"timestamp":1534797204,"path_taken":["M","?","$","?","?","R","E","R","T","?","R","M","E","?","R","BOSS","M","?","M","M","$","R","M","M","T","?","?","?","R","M","R","BOSS"],"build_version":"2018-08-16","purchased_purges":0,"victory":false,"max_hp_per_floor":[75,75,75,75,75,75,75,75,75,75,75,75,75,82,82,82,82,82,82,82,82,82,82,82,82,82,82,82,82,82,82,82,82],"card_choices":[{"not_picked":["Leap","Go for the Eyes"],"picked":"Sweeping Beam","floor":1},{"not_picked":["Rebound","Glacier"],"picked":"Aggregate","floor":5},{"not_picked":["Chill","Cold Snap"],"picked":"Capacitor","floor":7},{"not_picked":["Sunder","Sweeping Beam"],"picked":"Steam","floor":12},{"not_picked":["Sweeping Beam","Beam Cell"],"picked":"Core Surge","floor":13},{"not_picked":["Machine Learning","Reboot"],"picked":"Amplify","floor":16},{"not_picked":["Streamline","Leap"],"picked":"Chaos+1","floor":18},{"not_picked":["Rebound+1","Sweeping Beam"],"picked":"Barrage+1","floor":20},{"not_picked":["Sweeping Beam","Gash+1"],"picked":"Redo+1","floor":21},{"not_picked":["Sweeping Beam","Hologram"],"picked":"Capacitor","floor":24},{"not_picked":["Streamline","FTL"],"picked":"Conserve Battery+1","floor":25},{"not_picked":["Heatsinks+1","Beam Cell","Cold Snap"],"picked":"Reboot","floor":31}],"player_experience":420033,"relics_obtained":[{"floor":7,"key":"Oddly Smooth Stone"},{"floor":9,"key":"Art of War"},{"floor":13,"key":"Tiny Chest"},{"floor":14,"key":"Strawberry"},{"floor":26,"key":"Question Card"},{"floor":27,"key":"Lantern"}],"event_choices":[{"event_name":"World of Goop","player_choice":"Gather Gold","floor":2,"damage_taken":0},{"event_name":"Golden Idol","player_choice":"Ignored","floor":4,"damage_taken":0},{"event_name":"Golden Wing","player_choice":"Ignored","floor":10,"damage_taken":0},{"event_name":"Beggar","player_choice":"Ignored","floor":19,"damage_taken":0},{"event_name":"WeMeetAgain","player_choice":"Potion","floor":28,"damage_taken":0},{"event_name":"Cursed Tome","player_choice":"Ignored","floor":29,"damage_taken":0}],"is_beta":false,"boss_relics":[{"not_picked":["Calling Bell","Tiny House"],"picked":"Lizard Tail"}],"items_purged_floors":[],"is_endless":false,"potions_floor_spawned":[7,12,18,21,24,25],"killed_by":"Automaton","ascension_level":4}