{"gold_per_floor":[114,64,78,3,3,3,22,22,49,61,61,61,71,88,88,186,186,198,98,108,128,143,155,155],"floor_reached":24,"playtime":1277,"items_purged":["Strike_B","Defend_B"],"score":192,"play_id":"b33b6d09-6077-41ab-a614-63e91bc2ac49","local_time":"20190124113715","is_ascension_mode":false,"campfire_choices":[{"data":"Dualcast","floor":6,"key":"SMITH"},{"data":"Defend_B","floor":8,"key":"SMITH"},{"data":"Defend_B","floor":12,"key":"SMITH"},{"data":"Defend_B","floor":15,"key":"SMITH"}],"neow_cost":"NONE","seed_source_timestamp":4809681602846010,"circlet_count":0,"master_deck":["Strike_B","Defend_B+1","Defend_B+1","Defend_B+1","Zap+1","Dualcast+1","Iron Wave"],"relics":["Cracked Core","Blood Vial","Fusion Hammer"],"potions_floor_usage":[10,22,22,24],"damage_taken":[{"damage":1,"enemies":"Jaw Worm","floor":1,"turns":2},{"damage":0,"enemies":"Small Slimes","floor":3,"turns":3},{"damage":0,"enemies":"Cultist","floor":7,"turns":3},{"damage":0,"enemies":"Gremlin Gang","floor":10,"turns":3},{"damage":0,"enemies":"3 Louse","floor":13,"turns":3},{"damage":0,"enemies":"Blue Slaver","floor":14,"turns":3},{"damage":17,"enemies":"The Guardian","floor":16,"turns":17},{"damage":7,"enemies":"3 Byrds","floor":18,"turns":6},{"damage":6,"enemies":"Chosen","floor":20,"turns":6},{"damage":22,"enemies":"Shelled Parasite and Fungi","floor":21,"turns":11},{"damage":19,"enemies":"Centurion and Healer","floor":22,"turns":8},{"damage":24,"enemies":"Chosen and Byrds","floor":23,"turns":8},{"damage":12,"enemies":"Snake Plant","floor":24,"turns":3}],"seed_played":"2522955757457394930","potions_obtained":[{"floor":3,"key":"SteroidPotion"},{"floor":7,"key":"Fire Potion"},{"floor":10,"key":"Strength Potion"},{"floor":14,"key":"Poison Potion"},{"floor":20,"key":"Fire Potion"},{"floor":23,"key":"Poison Potion"}],"is_trial":false,"path_per_floor":["M","?","M","$","?","R","M","R","T","M","$","R","M","M","R","B",null,"M","$","M","M","M","M","M"],"character_chosen":"DEFECT","items_purchased":[],"campfire_rested":0,"item_purchase_floors":[],"current_hp_per_floor":[74,74,74,74,74,74,74,74,74,75,75,75,75,75,75,58,75,68,68,64,44,27,5,0],"gold":155,"neow_bonus":"UPGRADE_CARD","is_prod":false,"is_daily":false,"chose_seed":false,"campfire_upgraded":4,"win_rate":0,"timestamp":1548329835,"path_taken":["M","?","M","$","?","R","M","R","T","?","$","R","?","M","R","BOSS","M","$","M","?","M","M","M"],"build_version":"2019-01-23","purchased_purges":2,"victory":false,"max_hp_per_floor":[75,75,75,75,75,75,75,75,75,75,75,75,75,75,75,75,75,75,75,75,75,75,75,75],"card_choices":[{"not_picked":["Beam Cell","Chaos","Chill"],"picked":"SKIP","floor":1},{"not_picked":["Auto Shields","Compile Driver","Barrage"],"picked":"SKIP","floor":3},{"not_picked":["Barrage","Force Field","Go for the Eyes"],"picked":"SKIP","floor":7},{"not_picked":["Defragment","Chill","Chaos"],"picked":"SKIP","floor":10},{"not_picked":["FTL","Heatsinks","Redo"],"picked":"SKIP","floor":13},{"not_picked":["Glacier","Chill","Thunder Strike"],"picked":"SKIP","floor":14},{"not_picked":["Sunder","Recycle","Leap+1"],"picked":"SKIP","floor":18},{"not_picked":["Barrage","Redo","Ball Lightning"],"picked":"SKIP","floor":20},{"not_picked":["Gash+1","Amplify","Rebound+1"],"picked":"SKIP","floor":21},{"not_picked":["Cold Snap","Compile Driver+1","Double Energy"],"picked":"SKIP","floor":22},{"not_picked":["Double Energy","Hologram","Recycle"],"picked":"SKIP","floor":23}],"player_experience":915303,"relics_obtained":[{"floor":9,"key":"Blood Vial"}],"event_choices":[{"cards_removed":["Strike_B"],"damage_healed":0,"gold_gain":0,"player_choice":"Card Removal","damage_taken":0,"max_hp_gain":0,"max_hp_loss":0,"event_name":"The Cleric","floor":2,"gold_loss":50},{"cards_removed":["Strike_B"],"damage_healed":0,"gold_gain":0,"player_choice":"Took Card","damage_taken":0,"max_hp_gain":0,"max_hp_loss":0,"event_name":"NoteForYourself","floor":5,"gold_loss":0,"cards_obtained":["Iron Wave"]}],"is_beta":false,"boss_relics":[{"not_picked":["Cursed Key","Orrery"],"picked":"Fusion Hammer"}],"items_purged_floors":[4,19],"is_endless":false,"potions_floor_spawned":[3,7,10,14,20,23],"killed_by":"Snake Plant","ascension_level":0}