{"gold_per_floor":[110,129,204,218,218,218,252,267,267,290,465,493,493,24,24,123,123,137,137,151,166,0,0,11,11,65,65,99,116,116,132,132,230,230,247,50,65,82,96,129,141,141,216,216,233,248,264,298,298,298,298,298,20,54,54],"floor_reached":55,"playtime":7821,"items_purged":["Doubt","Strike_B"],"score":886,"play_id":"6b94987c-e0a3-48f2-adc7-052e3d4111b4","local_time":"20190323095617","is_ascension_mode":false,"campfire_choices":[{"data":"Zap","floor":6,"key":"SMITH"},{"floor":13,"key":"REST"},{"floor":15,"key":"REST"},{"data":"Chill","floor":23,"key":"SMITH"},{"data":"Trip","floor":25,"key":"SMITH"},{"floor":30,"key":"REST"},{"floor":32,"key":"REST"},{"floor":42,"key":"REST"},{"floor":44,"key":"RECALL"},{"floor":49,"key":"REST"},{"floor":52,"key":"REST"}],"neow_cost":"NONE","seed_source_timestamp":59964727396720,"circlet_count":0,"master_deck":["Strike_B","Strike_B","Strike_B","Defend_B","Defend_B","Defend_B","Defend_B","Zap+1","Ball Lightning","Conserve Battery","Conserve Battery","Ball Lightning","Leap","Loop","Capacitor","Conserve Battery","Creative AI","Chill+1","Coolheaded","Reinforced Body","Go for the Eyes","Go for the Eyes","Seek","Trip+1","Cold Snap","Ball Lightning","Defragment","Chill","Go for the Eyes","Defragment","Biased Cognition","Chaos+1","Go for the Eyes+1","Recycle","Undo+1","BootSequence+1","Cold Snap+1","Cold Snap+1","Barrage","Coolheaded+1","Amplify","Storm+1","Compile Driver+1","Parasite","Buffer","Conserve Battery+1","Coolheaded","Storm+1"],"relics":["Cracked Core","Prayer Wheel","Thread and Needle","Odd Mushroom","Du-Vu Doll","Bird Faced Urn","White Beast Statue","Bag of Marbles","Anchor","Fusion Hammer","ClockworkSouvenir","Ancient Tea Set","Torii","Happy Flower","Blood Vial"],"potions_floor_usage":[16,21,28,28,28,29,31,33,39,39,40,40,48,50,50,55],"damage_taken":[{"damage":8,"enemies":"Jaw Worm","floor":1,"turns":4},{"damage":0,"enemies":"2 Louse","floor":2,"turns":2},{"damage":0,"enemies":"Small Slimes","floor":4,"turns":3},{"damage":20,"enemies":"Gremlin Nob","floor":7,"turns":4},{"damage":0,"enemies":"Blue Slaver","floor":8,"turns":3},{"damage":9,"enemies":"The Mushroom Lair","floor":10,"turns":4},{"damage":2,"enemies":"Lagavulin","floor":12,"turns":6},{"damage":12,"enemies":"Hexaghost","floor":16,"turns":9},{"damage":37,"enemies":"3 Byrds","floor":18,"turns":6},{"damage":16,"enemies":"Colosseum Slavers","floor":19,"turns":8},{"damage":0,"enemies":"Shell Parasite","floor":20,"turns":8},{"damage":7,"enemies":"Snecko","floor":21,"turns":6},{"damage":17,"enemies":"Snake Plant","floor":24,"turns":8},{"damage":43,"enemies":"Book of Stabbing","floor":28,"turns":9},{"damage":16,"enemies":"Cultist and Chosen","floor":29,"turns":6},{"damage":0,"enemies":"Centurion and Healer","floor":31,"turns":5},{"damage":0,"enemies":"Champ","floor":33,"turns":14},{"damage":0,"enemies":"Orb Walker","floor":35,"turns":6},{"damage":0,"enemies":"3 Shapes","floor":37,"turns":6},{"damage":5,"enemies":"Transient","floor":38,"turns":5},{"damage":0,"enemies":"3 Darklings","floor":39,"turns":5},{"damage":27,"enemies":"Reptomancer","floor":40,"turns":8},{"damage":26,"enemies":"4 Shapes","floor":41,"turns":7},{"damage":8,"enemies":"Spire Growth","floor":45,"turns":6},{"damage":17,"enemies":"Transient","floor":46,"turns":5},{"damage":12,"enemies":"Writhing Mass","floor":47,"turns":7},{"damage":0,"enemies":"Nemesis","floor":48,"turns":7},{"damage":55,"enemies":"Awakened One","floor":50,"turns":14},{"damage":47,"enemies":"Shield and Spear","floor":54,"turns":8},{"damage":82,"enemies":"The Heart","floor":55,"turns":8}],"seed_played":"2474373948585930683","potions_obtained":[{"floor":8,"key":"GamblersBrew"},{"floor":12,"key":"LiquidBronze"},{"floor":18,"key":"Swift Potion"},{"floor":20,"key":"EssenceOfSteel"},{"floor":21,"key":"GamblersBrew"},{"floor":24,"key":"Regen Potion"},{"floor":28,"key":"Strength Potion"},{"floor":29,"key":"Explosive Potion"},{"floor":31,"key":"SkillPotion"},{"floor":33,"key":"Explosive Potion"},{"floor":35,"key":"SteroidPotion"},{"floor":37,"key":"GamblersBrew"},{"floor":38,"key":"Dexterity Potion"},{"floor":39,"key":"Strength Potion"},{"floor":40,"key":"GamblersBrew"},{"floor":41,"key":"LiquidBronze"},{"floor":45,"key":"PowerPotion"},{"floor":46,"key":"FairyPotion"},{"floor":48,"key":"GamblersBrew"},{"floor":54,"key":"Ancient Potion"}],"is_trial":false,"path_per_floor":["M","M","?","M","?","R","E","M","T","?","?","E","R","$","R","B",null,"M","?","M","M","$","R","M","R","T","?","E","M","R","M","R","B",null,"M","$","M","M","M","E","M","R","T","R","M","M","M","E","R","B",null,"R","$","E","B"],"character_chosen":"DEFECT","items_purchased":["Bird Faced Urn","Capacitor","Conserve Battery","Seek","Trip","ClockworkSouvenir","Happy Flower","Coolheaded"],"campfire_rested":7,"item_purchase_floors":[14,14,14,22,22,36,53,53],"current_hp_per_floor":[67,67,56,56,49,49,29,29,29,20,20,18,40,40,62,54,75,40,28,36,51,51,51,58,58,58,58,33,33,55,61,75,75,75,75,75,75,74,75,60,49,71,71,71,71,62,66,75,75,42,75,75,75,45,0],"gold":54,"neow_bonus":"THREE_CARDS","is_prod":false,"is_daily":false,"chose_seed":false,"campfire_upgraded":3,"win_rate":0,"timestamp":1553334977,"path_taken":["M","M","?","M","?","R","E","M","T","?","?","E","R","$","R","BOSS","M","?","M","M","$","R","M","R","T","?","E","M","R","M","R","BOSS","M","$","M","M","M","E","M","R","T","R","?","M","M","E","R","BOSS","R","$","E","BOSS"],"build_version":"2019-01-23","purchased_purges":2,"victory":false,"max_hp_per_floor":[75,75,75,75,75,75,75,75,75,75,75,75,75,75,75,75,75,75,75,75,75,75,75,75,75,75,75,75,75,75,75,75,75,75,75,75,75,75,75,75,75,75,75,75,75,75,75,75,75,75,75,75,75,75,75],"card_choices":[{"not_picked":["Redo","Rebound"],"picked":"Ball Lightning","floor":0},{"not_picked":["Leap","Streamline"],"picked":"Conserve Battery","floor":1},{"not_picked":["Rebound","Redo","Steam Power"],"picked":"SKIP","floor":2},{"not_picked":["Lockon","Redo"],"picked":"Conserve Battery","floor":4},{"not_picked":["Melter","Redo","Reprogram"],"picked":"SKIP","floor":7},{"not_picked":["Darkness","Lockon"],"picked":"Ball Lightning","floor":8},{"not_picked":["Sweeping Beam","Turbo"],"picked":"Leap","floor":8},{"not_picked":["Steam","Compile Driver"],"picked":"Loop","floor":10},{"not_picked":["Thunder Strike","Gash","Beam Cell"],"picked":"SKIP","floor":12},{"not_picked":["Reboot","Hyperbeam"],"picked":"Creative AI","floor":16},{"not_picked":["Hologram+1","Ball Lightning"],"picked":"Chill","floor":18},{"not_picked":["Barrage","Redo","Scrape"],"picked":"SKIP","floor":18},{"not_picked":["Beam Cell","Barrage"],"picked":"Coolheaded","floor":20},{"not_picked":["Go for the Eyes","Stack"],"picked":"Reinforced Body","floor":20},{"not_picked":["Loop","Steam"],"picked":"Go for the Eyes","floor":21},{"not_picked":["Gash","Doom and Gloom"],"picked":"Go for the Eyes","floor":21},{"not_picked":["Stack","Creative AI"],"picked":"Cold Snap","floor":24},{"not_picked":["Go for the Eyes","Compile Driver"],"picked":"Ball Lightning","floor":24},{"not_picked":["Genetic Algorithm+1","Self Repair"],"picked":"Defragment","floor":28},{"not_picked":["Redo","Barrage"],"picked":"Chill","floor":29},{"not_picked":["Force Field","Turbo+1","Rebound+1"],"picked":"SKIP","floor":29},{"not_picked":["Barrage","Redo+1"],"picked":"Go for the Eyes","floor":31},{"not_picked":["BootSequence","Blizzard"],"picked":"Defragment","floor":31},{"not_picked":["Reboot","Creative AI"],"picked":"Biased Cognition","floor":33},{"not_picked":["Tempest+1","Skim"],"picked":"Chaos+1","floor":35},{"not_picked":["Genetic Algorithm","Auto Shields","Turbo+1"],"picked":"SKIP","floor":35},{"not_picked":["Auto Shields","Steam+1"],"picked":"Go for the Eyes+1","floor":37},{"not_picked":["Gash+1","Steam","Redo"],"picked":"SKIP","floor":37},{"not_picked":["Sunder+1","Hologram+1"],"picked":"Recycle","floor":38},{"not_picked":["Melter","Force Field"],"picked":"Undo+1","floor":38},{"not_picked":["Conserve Battery+1","Genetic Algorithm"],"picked":"BootSequence+1","floor":39},{"not_picked":["Rainbow","Capacitor+1"],"picked":"Cold Snap+1","floor":39},{"not_picked":["Conserve Battery+1","Hologram"],"picked":"Cold Snap+1","floor":40},{"not_picked":["Go for the Eyes+1","Redo+1"],"picked":"Barrage","floor":41},{"not_picked":["Cold Snap","Beam Cell","Melter"],"picked":"SKIP","floor":41},{"not_picked":["Barrage","Steam"],"picked":"Coolheaded+1","floor":45},{"not_picked":["Streamline+1","Barrage+1"],"picked":"Amplify","floor":45},{"not_picked":["Tempest+1","Stack"],"picked":"Storm+1","floor":46},{"not_picked":["Ball Lightning","Go for the Eyes+1"],"picked":"Compile Driver+1","floor":46},{"not_picked":["Consume+1","Streamline"],"picked":"Buffer","floor":47},{"not_picked":["Turbo","Steam","Beam Cell+1"],"picked":"SKIP","floor":47},{"not_picked":["Turbo","Compile Driver"],"picked":"Conserve Battery+1","floor":48},{"not_picked":["Rebound","Barrage+1"],"picked":"Storm+1","floor":54}],"player_experience":140229,"relics_obtained":[{"floor":7,"key":"Prayer Wheel"},{"floor":9,"key":"Thread and Needle"},{"floor":10,"key":"Odd Mushroom"},{"floor":12,"key":"Du-Vu Doll"},{"floor":26,"key":"Bag of Marbles"},{"floor":28,"key":"Anchor"},{"floor":40,"key":"Ancient Tea Set"},{"floor":48,"key":"Torii"},{"floor":54,"key":"Blood Vial"}],"event_choices":[{"damage_healed":0,"gold_gain":75,"player_choice":"Gather Gold","damage_taken":11,"max_hp_gain":0,"max_hp_loss":0,"event_name":"World of Goop","floor":3,"gold_loss":0},{"cards_removed":["Dualcast"],"damage_healed":0,"gold_gain":0,"player_choice":"Card Removal","damage_taken":7,"max_hp_gain":0,"max_hp_loss":0,"event_name":"Golden Wing","floor":5,"gold_loss":0},{"damage_healed":0,"gold_gain":0,"player_choice":"Fought Mushrooms","damage_taken":0,"max_hp_gain":0,"max_hp_loss":0,"event_name":"Mushrooms","floor":10,"gold_loss":0},{"damage_healed":0,"gold_gain":175,"player_choice":"AGREE","damage_taken":0,"max_hp_gain":0,"max_hp_loss":0,"event_name":"Liars Game","floor":11,"gold_loss":0,"cards_obtained":["Doubt"]},{"damage_healed":0,"gold_gain":0,"player_choice":"Fight","damage_taken":0,"max_hp_gain":0,"max_hp_loss":0,"event_name":"Colosseum","floor":19,"gold_loss":0},{"damage_healed":0,"gold_gain":0,"player_choice":"Fled From Nobs","damage_taken":0,"max_hp_gain":0,"max_hp_loss":0,"event_name":"Colosseum","floor":19,"gold_loss":0},{"damage_healed":0,"gold_gain":0,"player_choice":"Ignored","damage_taken":0,"max_hp_gain":0,"max_hp_loss":0,"event_name":"N\u0027loth","floor":27,"gold_loss":0}],"is_beta":false,"boss_relics":[{"not_picked":["Orrery","Eternal Feather"],"picked":"White Beast Statue"},{"not_picked":["Coffee Dripper","Pandora\u0027s Box"],"picked":"Fusion Hammer"}],"items_purged_floors":[14,53],"is_endless":false,"potions_floor_spawned":[8,12,18,19,20,21,24,28,29,31,33,35,37,38,39,40,41,45,46,47,48,54],"killed_by":"The Heart","ascension_level":0}