{"gold_per_floor":[111,111,111,130,188,188,205,205,281,39,39,51,126,142,142,243,243,254,254,254,254,268,298,298,328,384,384,398,398,413,439,439,544,544,558,558,633,643,653,653,653,32,80,106,106,121,17,17,17,17],"floor_reached":50,"playtime":9776,"items_purged":[],"score":661,"play_id":"dec3e80b-9e8d-40a0-bd12-fa879d464f84","local_time":"20180816200742","is_ascension_mode":true,"campfire_choices":[{"data":"Core Surge","floor":6,"key":"SMITH"},{"data":"Go for the Eyes","floor":8,"key":"SMITH"},{"data":"Zap","floor":11,"key":"SMITH"},{"data":"Hello World","floor":15,"key":"SMITH"},{"floor":24,"key":"REST"},{"floor":29,"key":"REST"},{"floor":32,"key":"REST"},{"floor":40,"key":"REST"},{"floor":45,"key":"REST"},{"floor":49,"key":"REST"}],"neow_cost":"NONE","seed_source_timestamp":4132143938047609,"circlet_count":0,"master_deck":["Strike_B+1","Strike_B+1","Strike_B+1","Strike_B+1","Defend_B+1","Defend_B+1","Defend_B+1","Defend_B+1","Zap+1","Dualcast","Gash+1","Core Surge+1","Go for the Eyes+1","Hello World+1","Gash+1","Electrodynamics","Self Repair","Aggregate","Aggregate+1","Redo","Capacitor","Gash","Gash","Conserve Battery","Creative AI","Consume+1","Madness","Madness","Self Repair+1","Stack+1","Magnetism","Echo Form","Mind Blast","Conserve Battery","Static Discharge","Beam Cell"],"relics":["Cracked Core","Pear","Mercury Hourglass","White Beast Statue","Nunchaku","Art of War","Darkstone Periapt","Tiny Chest","Whetstone","Fusion Hammer","DataDisk","Potion Belt","Omamori","Pen Nib"],"potions_floor_usage":[20,22,23,25,33,33,33,38,39,46,50,50,50],"damage_taken":[{"damage":2,"enemies":"2 Louse","floor":1,"turns":2},{"damage":1,"enemies":"Cultist","floor":4,"turns":3},{"damage":2,"enemies":"Jaw Worm","floor":7,"turns":3},{"damage":3,"enemies":"Looter","floor":12,"turns":3},{"damage":0,"enemies":"2 Fungi Beasts","floor":14,"turns":2},{"damage":31,"enemies":"The Guardian","floor":16,"turns":13},{"damage":8,"enemies":"3 Byrds","floor":18,"turns":3},{"damage":0,"enemies":"2 Thieves","floor":20,"turns":1},{"damage":14,"enemies":"3 Cultists","floor":22,"turns":5},{"damage":27,"enemies":"Gremlin Leader","floor":23,"turns":6},{"damage":26,"enemies":"Slavers","floor":25,"turns":4},{"damage":18,"enemies":"Snecko","floor":28,"turns":6},{"damage":22,"enemies":"Centurion and Healer","floor":30,"turns":5},{"damage":55,"enemies":"Book of Stabbing","floor":31,"turns":5},{"damage":41,"enemies":"Collector","floor":33,"turns":8},{"damage":39,"enemies":"3 Darklings","floor":35,"turns":5},{"damage":22,"enemies":"3 Shapes","floor":38,"turns":6},{"damage":20,"enemies":"Maw","floor":39,"turns":8},{"damage":34,"enemies":"Spire Growth","floor":46,"turns":5},{"damage":86,"enemies":"Awakened One","floor":50,"turns":7}],"seed_played":"-8806861216193427843","potions_obtained":[{"floor":0,"key":"SmokeBomb"},{"floor":0,"key":"Swift Potion"},{"floor":0,"key":"Energy Potion"},{"floor":14,"key":"SkillPotion"},{"floor":22,"key":"PowerPotion"},{"floor":23,"key":"SteroidPotion"},{"floor":25,"key":"GamblersBrew"},{"floor":28,"key":"FearPotion"},{"floor":30,"key":"AttackPotion"},{"floor":33,"key":"Weak Potion"},{"floor":35,"key":"FocusPotion"},{"floor":38,"key":"SteroidPotion"},{"floor":39,"key":"Block Potion"},{"floor":46,"key":"Explosive Potion"}],"is_trial":false,"path_per_floor":["M","?","?","M","?","R","M","R","T","$","R","M","?","M","R","B",null,"M","?","M","?","M","E","R","E","T","?","M","R","M","E","R","B",null,"M","?","?","M","M","R","?","$","T","T","R","M","$","?","R"],"character_chosen":"DEFECT","items_purchased":["Mercury Hourglass","Echo Form","DataDisk","Mind Blast","Potion Belt","Fire Potion","Fire Potion","SteroidPotion","Static Discharge","Beam Cell"],"campfire_rested":6,"item_purchase_floors":[10,42,42,42,42,42,42,42,47,47],"current_hp_per_floor":[73,73,78,77,77,77,75,75,85,85,85,82,71,71,71,40,90,82,82,82,82,75,55,82,63,63,63,52,79,64,16,43,9,90,58,47,38,23,20,47,47,47,47,47,74,54,54,54,81,0],"gold":17,"neow_bonus":"THREE_SMALL_POTIONS","is_prod":false,"is_daily":false,"chose_seed":false,"campfire_upgraded":4,"win_rate":0,"timestamp":1534446462,"path_taken":["M","?","?","M","?","R","?","R","T","?","R","M","?","M","R","BOSS","M","?","?","?","M","E","R","E","T","?","M","R","?","E","R","BOSS","M","?","?","M","M","R","?","$","T","?","R","M","$","?","R","BOSS"],"build_version":"2018-08-09","purchased_purges":0,"victory":false,"max_hp_per_floor":[75,75,80,80,80,80,80,80,90,90,90,90,90,90,90,90,90,90,90,90,90,90,90,90,90,90,90,90,90,90,90,90,90,90,90,90,90,90,90,90,90,90,90,90,90,90,90,90,90,90],"card_choices":[{"not_picked":["Recycle","Redo"],"picked":"Gash","floor":1},{"not_picked":["Tempest","Turbo"],"picked":"Core Surge","floor":4},{"not_picked":["Streamline","Stack"],"picked":"Go for the Eyes","floor":7},{"not_picked":["Conserve Battery","Skim"],"picked":"Hello World","floor":12},{"not_picked":["Steam","Force Field"],"picked":"Gash","floor":14},{"not_picked":["Thunder Strike","Reboot"],"picked":"Electrodynamics","floor":16},{"not_picked":["Stack","Leap"],"picked":"Self Repair","floor":18},{"not_picked":["Beam Cell+1","Gash"],"picked":"Aggregate","floor":22},{"not_picked":["Cold Snap","Sweeping Beam"],"picked":"Aggregate+1","floor":23},{"not_picked":["Recycle","Cold Snap"],"picked":"Redo","floor":25},{"not_picked":["Lockon","FTL"],"picked":"Gash","floor":28},{"not_picked":["Lockon","Leap"],"picked":"Gash","floor":30},{"not_picked":["Sweeping Beam","Leap+1"],"picked":"Conserve Battery","floor":31},{"not_picked":["Multi-Cast","All For One"],"picked":"Creative AI","floor":33},{"not_picked":["Rebound","Cold Snap"],"picked":"Consume+1","floor":35},{"not_picked":["Conserve Battery+1","Leap"],"picked":"Self Repair+1","floor":38},{"not_picked":["Streamline","Rip and Tear"],"picked":"Stack+1","floor":39},{"not_picked":["Secret Technique","Panacea"],"picked":"Magnetism","floor":41},{"not_picked":["Steam+1","Rip and Tear+1"],"picked":"Conserve Battery","floor":46}],"player_experience":381881,"relics_obtained":[{"floor":9,"key":"Pear"},{"floor":23,"key":"Art of War"},{"floor":25,"key":"Darkstone Periapt"},{"floor":26,"key":"Tiny Chest"},{"floor":31,"key":"Whetstone"},{"floor":43,"key":"Omamori"},{"floor":44,"key":"Pen Nib"}],"event_choices":[{"event_name":"The Lab","player_choice":"Got Potions","floor":2,"damage_taken":0},{"event_name":"Big Fish","player_choice":"Donut","floor":3,"damage_taken":0},{"event_name":"Golden Wing","player_choice":"Gained Gold","floor":5,"damage_taken":0},{"event_name":"World of Goop","player_choice":"Gather Gold","floor":13,"damage_taken":0},{"event_name":"Wheel of Change","player_choice":"Relic","floor":19,"damage_taken":0},{"event_name":"Back to Basics","player_choice":"Simplicity","floor":21,"damage_taken":0},{"event_name":"The Library","player_choice":"Read","floor":27,"damage_taken":0},{"event_name":"Winding Halls","player_choice":"Embrace Madness","floor":36,"damage_taken":0},{"event_name":"FaceTrader","player_choice":"Touch","floor":37,"damage_taken":0},{"event_name":"SensoryStone","player_choice":"Memory 1","floor":41,"damage_taken":0},{"event_name":"Mysterious Sphere","player_choice":"Ignore","floor":48,"damage_taken":0}],"is_beta":false,"boss_relics":[{"not_picked":["Empty Cage","Velvet Choker"],"picked":"White Beast Statue"},{"not_picked":["Philosopher\u0027s Stone","Runic Pyramid"],"picked":"Fusion Hammer"}],"items_purged_floors":[],"is_endless":false,"potions_floor_spawned":[7,12,14,18,20,22,23,25,28,30,31,33,35,38,39,46],"killed_by":"Awakened One","ascension_level":3}