{"gold_per_floor":[117,117,131,146,215,249,249,299,299,313,313,330,362,436,436,541,541,561,22,41,91,107,107,225,235,259,276,303,303,54,67,67,167,167,179,197,212,112,130,130,142,142,189,206,237,237,20,31,31,31],"floor_reached":51,"playtime":6424,"items_purged":["Strike_G","Strike_G"],"score":919,"play_id":"d007026d-bb8e-48c3-b71d-c58ea518fa2f","local_time":"20190328191128","is_ascension_mode":true,"campfire_choices":[{"floor":7.0,"key":"REST"},{"data":"Leg Sweep","floor":11.0,"key":"SMITH"},{"floor":15.0,"key":"REST"},{"data":"Wraith Form v2","floor":23.0,"key":"SMITH"},{"floor":29.0,"key":"REST"},{"data":"Calculated Gamble","floor":32.0,"key":"SMITH"},{"floor":40.0,"key":"REST"},{"data":"Catalyst","floor":42.0,"key":"SMITH"},{"data":"Footwork","floor":46.0,"key":"SMITH"},{"floor":49,"key":"REST"}],"neow_cost":"NONE","seed_source_timestamp":0,"circlet_count":0,"master_deck":["Defend_G","Defend_G","Defend_G","Defend_G","Defend_G","Strike_G+1","Strike_G","Strike_G","Survivor","Neutralize+1","Outmaneuver","Unload+1","Cloak And Dagger","Blur","Leg Sweep+1","Wraith Form v2+1","Noxious Fumes","Heel Hook","After Image","Noxious Fumes","Catalyst+1","Calculated Gamble+1","Footwork+1","Adrenaline","Well Laid Plans","Backflip","Distraction+1","Escape Plan+1","Cloak And Dagger+1","Caltrops"],"special_seed":0,"relics":["Ring of the Serpent","SsserpentHead","Regal Pillow","Nunchaku","Paper Crane","Juzu Bracelet","Odd Mushroom","Snake Skull","ClockworkSouvenir","Art of War","Nilry\u0027s Codex","Shuriken","Pen Nib","Incense Burner","Ancient Tea Set","Sozu","Bronze Scales","Oddly Smooth Stone","Whetstone"],"potions_floor_usage":[50],"damage_taken":[{"damage":1.0,"enemies":"Jaw Worm","floor":1.0,"turns":6.0},{"damage":6.0,"enemies":"Cultist","floor":3.0,"turns":5.0},{"damage":0.0,"enemies":"2 Louse","floor":4.0,"turns":5.0},{"damage":36.0,"enemies":"Gremlin Gang","floor":5.0,"turns":8.0},{"damage":33.0,"enemies":"Lagavulin","floor":6.0,"turns":8.0},{"damage":0.0,"enemies":"Looter","floor":10.0,"turns":4.0},{"damage":3.0,"enemies":"Exordium Thugs","floor":12.0,"turns":6.0},{"damage":15.0,"enemies":"3 Sentries","floor":13.0,"turns":12.0},{"damage":15.0,"enemies":"The Mushroom Lair","floor":14.0,"turns":6.0},{"damage":25.0,"enemies":"Slime Boss","floor":16.0,"turns":14.0},{"damage":3.0,"enemies":"Chosen","floor":18.0,"turns":6.0},{"damage":0.0,"enemies":"Spheric Guardian","floor":20.0,"turns":6.0},{"damage":10.0,"enemies":"Snake Plant","floor":22.0,"turns":6.0},{"damage":0.0,"enemies":"Chosen and Byrds","floor":25.0,"turns":8.0},{"damage":4.0,"enemies":"Centurion and Healer","floor":27.0,"turns":9.0},{"damage":16.0,"enemies":"Gremlin Leader","floor":28.0,"turns":8.0},{"damage":5.0,"enemies":"Shelled Parasite and Fungi","floor":31.0,"turns":5.0},{"damage":10.0,"enemies":"Automaton","floor":33.0,"turns":12.0},{"damage":9.0,"enemies":"3 Shapes","floor":35.0,"turns":8.0},{"damage":2.0,"enemies":"3 Darklings","floor":36.0,"turns":5.0},{"damage":8.0,"enemies":"Transient","floor":37.0,"turns":5.0},{"damage":15.0,"enemies":"Jaw Worm Horde","floor":39.0,"turns":6.0},{"damage":5.0,"enemies":"3 Darklings","floor":41.0,"turns":6.0},{"damage":0.0,"enemies":"4 Shapes","floor":44.0,"turns":4.0},{"damage":2.0,"enemies":"Giant Head","floor":45.0,"turns":11.0},{"damage":0.0,"enemies":"Maw","floor":48.0,"turns":8.0},{"damage":4,"enemies":"Time Eater","floor":50,"turns":13}],"seed_played":"-273878268747228120","potions_obtained":[{"floor":3.0,"key":"Ancient Potion"},{"floor":4.0,"key":"FairyPotion"},{"floor":12.0,"key":"Dexterity Potion"},{"floor":13.0,"key":"SkillPotion"},{"floor":22.0,"key":"SkillPotion"},{"floor":27.0,"key":"Weak Potion"},{"floor":28.0,"key":"FearPotion"}],"is_trial":false,"path_per_floor":["M","?","M","M","M","E","R","?","T","M","R","M","E","?","R","B",null,"M","$","M","?","M","R","T","M","T","M","E","R","$","M","R","B",null,"M","M","M","$","M","R","M","R","T","M","E","R","$","M","R","B",null],"character_chosen":"THE_SILENT","items_purchased":["Snake Skull","Catalyst","ClockworkSouvenir","Art of War","Ancient Tea Set","Footwork","Whetstone","Caltrops"],"campfire_rested":5,"item_purchase_floors":[19,19,19,19,30,30,47,47],"current_hp_per_floor":[62,62,56,56,20,7,43,43,43,43,43,40,25,10,46,21,58,55,55,55,39,29,29,29,29,29,25,9,45,45,40,40,30,60,51,49,41,41,26,62,57,57,57,57,55,55,55,55,70,66],"gold":31,"neow_bonus":"UPGRADE_CARD","is_prod":false,"is_daily":false,"chose_seed":false,"campfire_upgraded":5,"win_rate":0,"timestamp":1553825488,"path_taken":["M","?","M","M","?","E","R","?","T","M","R","M","E","?","R","BOSS","M","$","M","?","M","R","?","M","T","M","E","R","?","M","R","BOSS","M","M","M","$","M","R","M","R","T","M","E","R","$","M","R","BOSS"],"build_version":"2019-01-23","purchased_purges":2,"victory":true,"max_hp_per_floor":[70,70,70,70,70,70,70,70,70,70,70,70,70,70,70,70,70,70,70,70,70,70,70,70,70,70,70,70,70,70,70,70,70,70,70,70,70,70,70,70,70,70,70,70,70,70,70,70,70,70],"card_choices":[{"not_picked":["Underhanded Strike","Setup"],"picked":"Outmaneuver","floor":1.0},{"not_picked":["Eviscerate","Poisoned Stab","Slice"],"picked":"SKIP","floor":3.0},{"not_picked":["Bouncing Flask","Dodge and Roll"],"picked":"Unload","floor":4.0},{"not_picked":["Catalyst","Prepared"],"picked":"Cloak And Dagger","floor":5.0},{"not_picked":["Dagger Spray","Slice"],"picked":"Blur","floor":6.0},{"not_picked":["Dagger Throw","Bane"],"picked":"Leg Sweep","floor":10.0},{"not_picked":["Acrobatics","Bouncing Flask"],"picked":"Wraith Form v2","floor":12.0},{"not_picked":["Predator","Underhanded Strike"],"picked":"Noxious Fumes","floor":13.0},{"not_picked":["Sucker Punch","Deflect"],"picked":"Heel Hook","floor":14.0},{"not_picked":["Grand Finale","Die Die Die"],"picked":"After Image","floor":16.0},{"not_picked":["Poisoned Stab+1","Outmaneuver"],"picked":"Noxious Fumes","floor":18.0},{"not_picked":["Sucker Punch","Slice"],"picked":"Calculated Gamble","floor":20.0},{"not_picked":["Concentrate","Heel Hook","Prepared"],"picked":"SKIP","floor":22.0},{"not_picked":["Poisoned Stab+1","Blur","Terror+1"],"picked":"SKIP","floor":25.0},{"not_picked":["Acrobatics","Noxious Fumes","PiercingWail+1"],"picked":"SKIP","floor":27.0},{"not_picked":["All Out Attack","A Thousand Cuts","Underhanded Strike"],"picked":"SKIP","floor":28.0},{"not_picked":["Bane","Blade Dance+1","Dagger Spray"],"picked":"SKIP","floor":31.0},{"not_picked":["Venomology","Envenom"],"picked":"Adrenaline","floor":33.0},{"not_picked":["Underhanded Strike","Dagger Spray+1","Setup"],"picked":"SKIP","floor":35.0},{"not_picked":["Deadly Poison+1","Bouncing Flask"],"picked":"Well Laid Plans","floor":36.0},{"not_picked":["Blade Dance+1","Tactician+1"],"picked":"Backflip","floor":37.0},{"not_picked":["Deflect+1","Sucker Punch+1","Dagger Throw"],"picked":"SKIP","floor":39.0},{"not_picked":["Quick Slash","Underhanded Strike"],"picked":"Distraction+1","floor":41.0},{"not_picked":["Riddle With Holes+1","Backflip+1"],"picked":"Escape Plan+1","floor":44.0},{"not_picked":["Acrobatics+1","Poisoned Stab"],"picked":"Cloak And Dagger+1","floor":45.0},{"not_picked":["Underhanded Strike","Endless Agony+1","Unload"],"picked":"SKIP","floor":48.0}],"player_experience":212040,"relics_obtained":[{"floor":6.0,"key":"Regal Pillow"},{"floor":9.0,"key":"Paper Crane"},{"floor":13.0,"key":"Juzu Bracelet"},{"floor":14.0,"key":"Odd Mushroom"},{"floor":21.0,"key":"Nilry\u0027s Codex"},{"floor":24.0,"key":"Shuriken"},{"floor":26.0,"key":"Pen Nib"},{"floor":28.0,"key":"Incense Burner"},{"floor":43.0,"key":"Bronze Scales"},{"floor":45.0,"key":"Oddly Smooth Stone"}],"event_choices":[{"damage_healed":0.0,"max_hp_gain":0.0,"max_hp_loss":0.0,"gold_gain":0.0,"event_name":"FaceTrader","player_choice":"Trade","floor":2.0,"gold_loss":0.0,"damage_taken":0.0,"relics_obtained":["SsserpentHead"]},{"damage_healed":0.0,"max_hp_gain":0.0,"max_hp_loss":0.0,"gold_gain":0.0,"event_name":"WeMeetAgain","player_choice":"Gave Potion","floor":8.0,"gold_loss":0.0,"damage_taken":0.0,"relics_obtained":["Nunchaku"]},{"damage_healed":0.0,"max_hp_gain":0.0,"max_hp_loss":0.0,"gold_gain":0.0,"event_name":"Mushrooms","player_choice":"Fought Mushrooms","floor":14.0,"gold_loss":0.0,"damage_taken":0.0},{"damage_healed":0.0,"max_hp_gain":0.0,"max_hp_loss":0.0,"gold_gain":0.0,"event_name":"Cursed Tome","player_choice":"Obtained Book","floor":21.0,"gold_loss":0.0,"damage_taken":16.0}],"is_beta":false,"boss_relics":[{"not_picked":["Cursed Key","Fusion Hammer"],"picked":"Ring of the Serpent"},{"not_picked":["Philosopher\u0027s Stone","HoveringKite"],"picked":"Sozu"}],"items_purged_floors":[30,38],"is_endless":false,"potions_floor_spawned":[3,4,12,13,22,27,28,36,39,41],"ascension_level":6}