{"gold_per_floor":[112,112,128,146,146,146,177,177,177,196,196,230,230,245,245,341,341,356,376,393,353,353,353,7,7,7,23,48,48,68,79,79,179,179,189,234,234,247,177,177,192,192,192,192,206,216,234,234],"floor_reached":48,"playtime":2940,"items_purged":[],"score":489,"play_id":"52fff1a8-4ec6-4742-a8ab-d4f2a87613e9","local_time":"20181031041022","is_ascension_mode":false,"campfire_choices":[{"floor":6,"key":"REST"},{"data":"Echo Form","floor":8,"key":"SMITH"},{"data":"Zap","floor":11,"key":"SMITH"},{"floor":13,"key":"REST"},{"floor":15,"key":"REST"},{"floor":23,"key":"REST"},{"floor":25,"key":"REST"},{"data":"White Noise","floor":29,"key":"SMITH"},{"floor":32,"key":"REST"},{"floor":40,"key":"REST"},{"floor":42,"key":"REST"},{"data":"Coolheaded","floor":44,"key":"SMITH"}],"neow_cost":"NONE","seed_source_timestamp":3061381764987330,"circlet_count":0,"master_deck":["Zap+1","Dualcast","Rebound","Defragment+1","Sweeping Beam","Conserve Battery+1","Echo Form+1","Coolheaded+1","White Noise+1","Ball Lightning","Electrodynamics","Lockon","Chaos","Loop+1","Skim","Reprogram","Rebound","Streamline","Ball Lightning","Defragment+1","Gash","Force Field","Chill","Melter","Conserve Battery+1","Aggregate+1","Coolheaded","Leap","Creative AI+1","Beam Cell","Hologram","Redo","Aggregate","Turbo+1","Glacier+1","Static Discharge+1","Sweeping Beam+1","Storm+1","Fusion","Barrage+1","Go for the Eyes+1","Storm+1","Leap","Conserve Battery+1","Multi-Cast"],"relics":["Cracked Core","Pear","Ornamental Fan","Bronze Scales","Pandora\u0027s Box","Ancient Tea Set","Frozen Egg 2","Smiling Mask","Orrery","Du-Vu Doll","Prayer Wheel"],"potions_floor_usage":[28,31,36,45,47],"damage_taken":[{"damage":9,"enemies":"Small Slimes","floor":1,"turns":3},{"damage":6,"enemies":"2 Louse","floor":3,"turns":2},{"damage":3,"enemies":"Jaw Worm","floor":4,"turns":3},{"damage":10,"enemies":"3 Sentries","floor":7,"turns":7},{"damage":5,"enemies":"Red Slaver","floor":10,"turns":4},{"damage":27,"enemies":"Gremlin Nob","floor":12,"turns":4},{"damage":24,"enemies":"Gremlin Gang","floor":14,"turns":4},{"damage":22,"enemies":"Slime Boss","floor":16,"turns":7},{"damage":19,"enemies":"Shell Parasite","floor":18,"turns":4},{"damage":30,"enemies":"Spheric Guardian","floor":19,"turns":4},{"damage":13,"enemies":"Centurion and Healer","floor":20,"turns":3},{"damage":15,"enemies":"Snake Plant","floor":27,"turns":3},{"damage":10,"enemies":"Book of Stabbing","floor":28,"turns":4},{"damage":2,"enemies":"3 Cultists","floor":30,"turns":4},{"damage":23,"enemies":"Centurion and Healer","floor":31,"turns":3},{"damage":20,"enemies":"Champ","floor":33,"turns":8},{"damage":14,"enemies":"3 Darklings","floor":35,"turns":4},{"damage":37,"enemies":"2 Orb Walkers","floor":36,"turns":4},{"damage":6,"enemies":"3 Shapes","floor":38,"turns":5},{"damage":29,"enemies":"Sphere and 2 Shapes","floor":41,"turns":4},{"damage":26,"enemies":"Jaw Worm Horde","floor":45,"turns":3},{"damage":2,"enemies":"Maw","floor":46,"turns":6},{"damage":15,"enemies":"Transient","floor":47,"turns":5},{"damage":13,"enemies":"Giant Head","floor":48,"turns":1}],"seed_played":"-1804335927378301160","potions_obtained":[{"floor":3,"key":"Poison Potion"},{"floor":4,"key":"GamblersBrew"},{"floor":10,"key":"PowerPotion"},{"floor":27,"key":"PowerPotion"},{"floor":31,"key":"SpeedPotion"},{"floor":33,"key":"AttackPotion"},{"floor":36,"key":"Block Potion"}],"is_trial":false,"path_per_floor":["M","?","M","M","?","R","E","R","T","M","R","E","R","M","R","B",null,"M","M","M","?","?","R","$","R","T","M","E","R","M","M","R","B",null,"M","?","?","M","$","R","M","R","T","R","M","M","M"],"character_chosen":"DEFECT","items_purchased":["Force Field","Chill","Ancient Tea Set","Melter","Storm+1"],"campfire_rested":8,"item_purchase_floors":[24,24,24,24,39],"current_hp_per_floor":[66,66,60,57,42,64,64,64,64,59,59,32,57,33,58,36,85,66,36,23,23,23,48,48,73,73,58,48,48,46,23,48,28,85,71,34,34,28,28,53,24,49,49,49,23,21,6,0],"gold":234,"neow_bonus":"TRANSFORM_CARD","is_prod":false,"is_daily":false,"chose_seed":false,"campfire_upgraded":4,"win_rate":0,"timestamp":1540959022,"path_taken":["M","?","M","M","?","R","E","R","T","?","R","E","R","?","R","BOSS","M","M","M","?","?","R","$","R","T","M","E","R","?","M","R","BOSS","M","?","?","M","$","R","M","R","T","R","M","?","M","E"],"build_version":"2018-10-25v2","purchased_purges":0,"victory":false,"max_hp_per_floor":[75,75,75,75,75,75,85,85,85,85,85,85,85,85,85,85,85,85,85,85,85,85,85,85,85,85,85,85,85,85,85,85,85,85,85,85,85,85,85,85,85,85,85,85,85,85,85,85],"card_choices":[{"not_picked":["Hologram","Hello World"],"picked":"Defragment","floor":1},{"not_picked":["Gash","Chill"],"picked":"Sweeping Beam","floor":3},{"not_picked":["Barrage","Leap"],"picked":"Conserve Battery","floor":4},{"not_picked":["Coolheaded","Leap"],"picked":"Echo Form","floor":7},{"not_picked":["Go for the Eyes","Compile Driver"],"picked":"Coolheaded","floor":10},{"not_picked":["Steam","Consume"],"picked":"White Noise","floor":12},{"not_picked":["Consume","Darkness"],"picked":"Ball Lightning","floor":14},{"not_picked":["Multi-Cast","Rainbow"],"picked":"Electrodynamics","floor":16},{"not_picked":["Go for the Eyes","Redo"],"picked":"Ball Lightning","floor":18},{"not_picked":["Hello World","Static Discharge"],"picked":"Defragment+1","floor":19},{"not_picked":["Beam Cell","Rebound"],"picked":"Gash","floor":20},{"not_picked":["Turbo","Beam Cell"],"picked":"Conserve Battery+1","floor":27},{"not_picked":["Barrage","Hologram"],"picked":"Aggregate+1","floor":28},{"not_picked":["Sunder","Chaos"],"picked":"Coolheaded","floor":30},{"not_picked":["Ball Lightning","Rebound"],"picked":"Leap","floor":31},{"not_picked":["Reboot","Amplify"],"picked":"Creative AI+1","floor":33},{"not_picked":["Ball Lightning","FTL"],"picked":"Beam Cell","floor":34},{"not_picked":["Beam Cell","Compile Driver"],"picked":"Hologram","floor":34},{"not_picked":["Genetic Algorithm","Skim"],"picked":"Redo","floor":34},{"not_picked":["Coolheaded","Rebound"],"picked":"Aggregate","floor":34},{"not_picked":["Rip and Tear","Compile Driver"],"picked":"Turbo+1","floor":34},{"not_picked":["Leap+1","Barrage"],"picked":"Glacier+1","floor":35},{"not_picked":["Heatsinks+1","Streamline"],"picked":"Static Discharge+1","floor":36},{"not_picked":["Hyperbeam","Steam"],"picked":"Sweeping Beam+1","floor":38},{"not_picked":["Auto Shields","Compile Driver+1"],"picked":"Fusion","floor":41},{"not_picked":["Heatsinks+1","Reprogram+1"],"picked":"Barrage+1","floor":45},{"not_picked":["Hologram+1","Glacier"],"picked":"Go for the Eyes+1","floor":45},{"not_picked":["Doom and Gloom+1","Rebound"],"picked":"Storm+1","floor":46},{"not_picked":["Streamline+1","Fusion"],"picked":"Leap","floor":46},{"not_picked":["Force Field","Stack"],"picked":"Conserve Battery+1","floor":47},{"not_picked":["Ball Lightning+1","Barrage+1"],"picked":"Multi-Cast","floor":47}],"player_experience":655235,"relics_obtained":[{"floor":7,"key":"Pear"},{"floor":9,"key":"Ornamental Fan"},{"floor":12,"key":"Bronze Scales"},{"floor":26,"key":"Frozen Egg 2"},{"floor":28,"key":"Smiling Mask"},{"floor":36,"key":"Du-Vu Doll"},{"floor":43,"key":"Prayer Wheel"}],"event_choices":[{"damage_healed":0,"gold_gain":0,"player_choice":"Grow","damage_taken":0,"max_hp_gain":0,"max_hp_loss":0,"event_name":"Living Wall","floor":2,"gold_loss":0,"cards_upgraded":["Defragment"]},{"damage_healed":0,"gold_gain":0,"player_choice":"Entered Light","damage_taken":15,"max_hp_gain":0,"max_hp_loss":0,"event_name":"Shining Light","floor":5,"gold_loss":0,"cards_upgraded":["Defend_B","Defend_B"]},{"damage_healed":0,"gold_gain":0,"player_choice":"Upgraded Two","damage_taken":0,"max_hp_gain":0,"max_hp_loss":0,"event_name":"Designer","floor":21,"gold_loss":40,"cards_upgraded":["Conserve Battery","Loop"]},{"damage_healed":0,"gold_gain":0,"player_choice":"Ignored","damage_taken":0,"max_hp_gain":0,"max_hp_loss":0,"event_name":"Vampires","floor":22,"gold_loss":0},{"damage_healed":0,"gold_gain":0,"player_choice":"Fight","damage_taken":0,"max_hp_gain":0,"max_hp_loss":0,"event_name":"Mysterious Sphere","floor":36,"gold_loss":0},{"damage_healed":0,"gold_gain":0,"player_choice":"Ignored","damage_taken":0,"max_hp_gain":0,"max_hp_loss":0,"event_name":"SecretPortal","floor":37,"gold_loss":0}],"is_beta":false,"boss_relics":[{"not_picked":["Tiny House","Black Star"],"picked":"Pandora\u0027s Box"},{"not_picked":["Philosopher\u0027s Stone","White Beast Statue"],"picked":"Orrery"}],"items_purged_floors":[],"is_endless":false,"potions_floor_spawned":[3,4,10,16,27,31,33,35,36,41],"killed_by":"Giant Head","ascension_level":0}