{"gold_per_floor":[113,83,100,118,131,131,144,111,136,136,136,148,148,148,160,273,285,313,336,362,374,386],"floor_reached":22,"playtime":1146,"items_purged":[],"score":214,"play_id":"dd754a7b-548b-466b-ba90-ddafbe410c1d","local_time":"20180831161858","is_ascension_mode":true,"campfire_choices":[{"data":"Fiend Fire","floor":6,"key":"SMITH"},{"data":"Bash","floor":13,"key":"SMITH"},{"data":"Pummel","floor":15,"key":"SMITH"}],"neow_cost":"NONE","seed_source_timestamp":25997029967537,"circlet_count":0,"master_deck":["Strike_R","Strike_R","Strike_R","Strike_R+1","Strike_R","Defend_R","Defend_R","Defend_R","Defend_R","Bash+1","Fiend Fire+1","Iron Wave+1","Sword Boomerang","Clothesline","Dual Wield","Anger","Fire Breathing+1","Pummel+1","Double Tap","Seeing Red","Anger","Clothesline"],"relics":["Burning Blood","Whetstone","MawBank","Eternal Feather"],"potions_floor_usage":[5,7,16,19,20],"damage_taken":[{"damage":3,"enemies":"2 Louse","floor":1,"turns":2},{"damage":0,"enemies":"Cultist","floor":3,"turns":2},{"damage":5,"enemies":"Small Slimes","floor":4,"turns":3},{"damage":0,"enemies":"Gremlin Gang","floor":5,"turns":3},{"damage":12,"enemies":"Exordium Thugs","floor":7,"turns":3},{"damage":4,"enemies":"3 Louse","floor":12,"turns":3},{"damage":54,"enemies":"Hexaghost","floor":16,"turns":8},{"damage":11,"enemies":"3 Byrds","floor":18,"turns":6},{"damage":26,"enemies":"Shell Parasite","floor":19,"turns":4},{"damage":43,"enemies":"Centurion and Healer","floor":20,"turns":7},{"damage":33,"enemies":"Sentry and Sphere","floor":22,"turns":4}],"seed_played":"6294037723266070776","potions_obtained":[{"floor":1,"key":"BloodPotion"},{"floor":2,"key":"AttackPotion"},{"floor":2,"key":"SneckoOil"},{"floor":12,"key":"LiquidBronze"},{"floor":16,"key":"Fire Potion"}],"is_trial":false,"path_per_floor":["M","?","M","M","M","R","M","$","T","$","?","M","R","?","R","B",null,"M","M","M","?"],"character_chosen":"IRONCLAD","items_purchased":["Fire Breathing"],"campfire_rested":0,"item_purchase_floors":[8],"current_hp_per_floor":[80,80,80,80,80,80,74,74,74,74,74,76,76,76,76,28,80,75,55,26,26,0],"gold":386,"neow_bonus":"ONE_RANDOM_RARE_CARD","is_prod":false,"is_daily":false,"chose_seed":false,"campfire_upgraded":3,"win_rate":0,"timestamp":1535728738,"path_taken":["M","?","M","M","M","R","M","$","T","$","?","M","R","?","R","BOSS","M","?","M","?","?"],"build_version":"2018-08-30","purchased_purges":0,"victory":false,"max_hp_per_floor":[80,80,80,80,80,80,80,80,80,80,80,80,80,80,80,80,80,80,80,80,80,80],"card_choices":[{"not_picked":["Warcry","Sentinel"],"picked":"Iron Wave","floor":1},{"not_picked":["Warcry","Reckless Charge"],"picked":"Sword Boomerang","floor":3},{"not_picked":["Evolve","Warcry"],"picked":"Clothesline","floor":4},{"not_picked":["Seeing Red","Pommel Strike"],"picked":"Dual Wield","floor":5},{"not_picked":["Rampage","Clash"],"picked":"Anger","floor":7},{"not_picked":["Headbutt","Heavy Blade"],"picked":"Pummel","floor":12},{"not_picked":["Brutality","Bludgeon"],"picked":"Double Tap","floor":16},{"not_picked":["Havoc","Ghostly Armor"],"picked":"Seeing Red","floor":18},{"not_picked":["Pommel Strike","Twin Strike"],"picked":"Anger","floor":19},{"not_picked":["Perfected Strike","Body Slam"],"picked":"Clothesline","floor":20}],"player_experience":471831,"relics_obtained":[{"floor":9,"key":"Whetstone"}],"event_choices":[{"event_name":"The Woman in Blue","player_choice":"Bought 2 Potions","floor":2,"damage_taken":0},{"event_name":"Upgrade Shrine","player_choice":"Upgraded","floor":11,"damage_taken":0},{"event_name":"Dead Adventurer","player_choice":"Searched \u00271\u0027 times","floor":14,"damage_taken":0},{"event_name":"Vampires","player_choice":"Ignored","floor":21,"damage_taken":0}],"is_beta":false,"boss_relics":[{"not_picked":["Runic Dome","Cursed Key"],"picked":"Eternal Feather"}],"items_purged_floors":[],"is_endless":false,"potions_floor_spawned":[1,12,16],"killed_by":"Sentry and Sphere","ascension_level":4}