{"gold_per_floor":[119,129,140,140,159,159,179,179,179,214,232,232,232,244,244,339,339,358,326,10,10,24,24,38,38,88,88,123,136,136,82,82,82],"floor_reached":33,"playtime":2695,"items_purged":[],"score":294,"play_id":"de20b451-fc4e-4f1c-8835-8e6510bdf8ed","local_time":"20180723224221","is_ascension_mode":false,"campfire_choices":[{"data":"Armaments","floor":6,"key":"SMITH"},{"data":"Fire Breathing","floor":8,"key":"SMITH"},{"data":"Reaper","floor":12,"key":"SMITH"},{"data":"Armaments","floor":15,"key":"SMITH"},{"data":"Spot Weakness","floor":23,"key":"SMITH"},{"data":"Reaper","floor":25,"key":"SMITH"},{"data":"Inflame","floor":27,"key":"SMITH"},{"data":"Infernal Blade","floor":30,"key":"SMITH"},{"floor":32,"key":"REST"}],"neow_cost":"NONE","seed_source_timestamp":2074894908846624,"circlet_count":0,"master_deck":["Strike_R","Strike_R","Strike_R","Strike_R","Defend_R","Defend_R","Defend_R","Defend_R","Bash","Intimidate","Thunderclap","Seeing Red","Armaments+1","Sword Boomerang","Fire Breathing+1","Reaper+1","Armaments+1","Infernal Blade+1","Reaper+1","Heavy Blade+1","Anger","Cleave","Spot Weakness+1","Inflame+1","Shockwave+1","Pommel Strike","Shrug It Off","Infernal Blade","Twin Strike"],"relics":["Burning Blood","Shuriken","Ancient Tea Set","Mark of Pain","Pen Nib","Bag of Preparation","Sundial"],"potions_floor_usage":[16,22,28,33],"damage_taken":[{"damage":3,"enemies":"Jaw Worm","floor":1,"turns":3},{"damage":1,"enemies":"2 Louse","floor":2,"turns":3},{"damage":4,"enemies":"Cultist","floor":3,"turns":3},{"damage":6,"enemies":"Lots of Slimes","floor":5,"turns":5},{"damage":2,"enemies":"Exordium Wildlife","floor":7,"turns":3},{"damage":19,"enemies":"3 Sentries","floor":10,"turns":6},{"damage":10,"enemies":"Looter","floor":11,"turns":3},{"damage":1,"enemies":"2 Fungi Beasts","floor":14,"turns":4},{"damage":39,"enemies":"Hexaghost","floor":16,"turns":9},{"damage":22,"enemies":"Shell Parasite","floor":18,"turns":9},{"damage":30,"enemies":"2 Thieves","floor":19,"turns":5},{"damage":27,"enemies":"3 Cultists","floor":22,"turns":5},{"damage":25,"enemies":"Centurion and Healer","floor":24,"turns":6},{"damage":20,"enemies":"Gremlin Leader","floor":28,"turns":4},{"damage":31,"enemies":"Sentry and Sphere","floor":29,"turns":5},{"damage":63,"enemies":"Collector","floor":33,"turns":8}],"seed_played":"3520966568286925766","potions_obtained":[{"floor":5,"key":"PowerPotion"},{"floor":7,"key":"SteroidPotion"},{"floor":10,"key":"Poison Potion"},{"floor":14,"key":"PowerPotion"},{"floor":16,"key":"BloodPotion"},{"floor":24,"key":"Explosive Potion"}],"is_trial":false,"path_per_floor":["M","M","M","?","M","R","M","R","T","E","M","R","?","M","R","B",null,"M","M","$","?","M","R","M","R","T","R","E","M","R","$","R"],"character_chosen":"IRONCLAD","items_purchased":["Cleave","Pen Nib","Spot Weakness","Inflame","Twin Strike"],"campfire_rested":1,"item_purchase_floors":[20,20,20,20,31],"current_hp_per_floor":[80,80,80,80,80,80,80,80,80,67,70,70,70,80,80,47,80,65,47,47,39,59,59,68,68,68,68,54,29,29,29,53,0],"gold":82,"neow_bonus":"TRANSFORM_CARD","is_prod":false,"is_daily":false,"chose_seed":false,"campfire_upgraded":8,"win_rate":0,"timestamp":1532382141,"path_taken":["M","M","M","?","M","R","M","R","T","E","?","R","?","M","R","BOSS","M","M","$","?","M","R","M","R","T","R","E","M","R","?","R","BOSS"],"build_version":"2018-07-19v2","purchased_purges":0,"victory":false,"max_hp_per_floor":[80,80,80,80,80,80,80,80,80,80,80,80,80,80,80,80,80,80,80,80,80,80,80,80,80,80,80,80,80,80,80,80,80],"card_choices":[{"not_picked":["Headbutt","True Grit"],"picked":"Thunderclap","floor":1},{"not_picked":["True Grit","Uppercut"],"picked":"Seeing Red","floor":2},{"not_picked":["Evolve","Warcry"],"picked":"Armaments","floor":3},{"not_picked":["Wild Strike","Sever Soul"],"picked":"Sword Boomerang","floor":5},{"not_picked":["Searing Blow","Armaments"],"picked":"Fire Breathing","floor":7},{"not_picked":["Rampage","Iron Wave"],"picked":"Reaper","floor":10},{"not_picked":["Iron Wave","Battle Trance"],"picked":"Armaments","floor":11},{"not_picked":["Evolve","Body Slam"],"picked":"Infernal Blade","floor":14},{"not_picked":["Impervious","Dark Embrace"],"picked":"Reaper","floor":16},{"not_picked":["Shrug It Off","Evolve"],"picked":"Heavy Blade+1","floor":18},{"not_picked":["Disarm","Shrug It Off+1"],"picked":"Anger","floor":19},{"not_picked":["Bloodletting+1","Clash+1"],"picked":"Shockwave+1","floor":22},{"not_picked":["Power Through+1","Uppercut"],"picked":"Pommel Strike","floor":24},{"not_picked":["Clothesline","Evolve"],"picked":"Shrug It Off","floor":28},{"not_picked":["Searing Blow","Feel No Pain+1"],"picked":"Infernal Blade","floor":29}],"player_experience":187921,"relics_obtained":[{"floor":9,"key":"Shuriken"},{"floor":10,"key":"Ancient Tea Set"},{"floor":26,"key":"Bag of Preparation"},{"floor":28,"key":"Sundial"}],"event_choices":[{"event_name":"The Cleric","player_choice":"Leave","floor":4,"damage_taken":0},{"event_name":"Liars Game","player_choice":"disagreed","floor":13,"damage_taken":0},{"event_name":"Wheel of Change","player_choice":"Damage","floor":21,"damage_taken":0}],"is_beta":false,"boss_relics":[{"not_picked":["Runic Cube","Calling Bell"],"picked":"Mark of Pain"}],"items_purged_floors":[],"is_endless":false,"potions_floor_spawned":[5,7,10,14,16,19,24],"killed_by":"Collector","ascension_level":0}