{"gold_per_floor":[114,114,126,139,154,154,167,178,201,218,24,24,24,24,24,121,121,139,159,175,175,175],"floor_reached":22,"playtime":1840,"items_purged":[],"score":180,"play_id":"9e241243-b49b-474a-9693-bd69c3ca1a5f","local_time":"20180805211655","is_ascension_mode":false,"campfire_choices":[{"data":"Catalyst","floor":6,"key":"SMITH"},{"floor":13,"key":"REST"},{"data":"Dagger Spray","floor":15,"key":"SMITH"}],"neow_cost":"NONE","seed_source_timestamp":3193823401592322,"circlet_count":0,"master_deck":["Defend_G","Defend_G","Defend_G","Defend_G","Defend_G","Strike_G","Strike_G","Strike_G","Strike_G","Survivor","Neutralize","Bouncing Flask","Deadly Poison","Catalyst+1","Accuracy","Dagger Spray+1","Dagger Throw","Backflip","Panache","Envenom+1","Crippling Poison","Catalyst+1","Deadly Poison"],"relics":["Ring of the Snake","Oddly Smooth Stone","Bottled Flame","Runic Pyramid"],"potions_floor_usage":[7,19],"damage_taken":[{"damage":0,"enemies":"Small Slimes","floor":1,"turns":4},{"damage":0,"enemies":"Jaw Worm","floor":3,"turns":3},{"damage":0,"enemies":"2 Louse","floor":4,"turns":3},{"damage":0,"enemies":"Blue Slaver","floor":5,"turns":4},{"damage":7,"enemies":"2 Fungi Beasts","floor":7,"turns":3},{"damage":5,"enemies":"Lots of Slimes","floor":8,"turns":3},{"damage":11,"enemies":"Exordium Wildlife","floor":10,"turns":6},{"damage":30,"enemies":"Hexaghost","floor":16,"turns":6},{"damage":5,"enemies":"Shell Parasite","floor":18,"turns":6},{"damage":20,"enemies":"2 Thieves","floor":19,"turns":5},{"damage":35,"enemies":"Cultist and Chosen","floor":20,"turns":6},{"damage":12,"enemies":"Snake Plant","floor":22,"turns":2}],"seed_played":"-1823952347015857185","potions_obtained":[{"floor":1,"key":"Ancient Potion"},{"floor":3,"key":"SteroidPotion"},{"floor":4,"key":"Regen Potion"},{"floor":7,"key":"Swift Potion"},{"floor":18,"key":"Fire Potion"}],"is_trial":false,"path_per_floor":["M","?","M","M","M","R","M","M","T","M","$","?","R","T","R","B",null,"M","M","M","?"],"character_chosen":"THE_SILENT","items_purchased":["Panache"],"campfire_rested":1,"item_purchase_floors":[11],"current_hp_per_floor":[70,70,70,70,70,70,63,58,58,47,47,47,68,68,68,38,70,65,45,10,10,0],"gold":175,"neow_bonus":"REMOVE_CARD","is_prod":false,"is_daily":false,"chose_seed":false,"campfire_upgraded":2,"win_rate":0,"timestamp":1533500215,"path_taken":["M","?","M","M","M","R","M","M","T","M","$","?","R","?","R","BOSS","M","M","M","?","M"],"build_version":"2018-08-02","purchased_purges":0,"victory":false,"max_hp_per_floor":[70,70,70,70,70,70,70,70,70,70,70,70,70,70,70,70,70,70,70,70,70,70],"card_choices":[{"not_picked":["Dodge and Roll","Acrobatics"],"picked":"Bouncing Flask","floor":1},{"not_picked":["Prepared","Heel Hook"],"picked":"Deadly Poison","floor":3},{"not_picked":["Bouncing Flask","Prepared"],"picked":"Catalyst","floor":4},{"not_picked":["Setup","PiercingWail"],"picked":"Accuracy","floor":5},{"not_picked":["Dagger Throw","PiercingWail"],"picked":"Dagger Spray","floor":7},{"not_picked":["Doppelganger","Slice"],"picked":"Dagger Throw","floor":8},{"not_picked":["Heel Hook","Dagger Throw"],"picked":"Backflip","floor":10},{"not_picked":["Bullet Time","Phantasmal Killer"],"picked":"Envenom","floor":16},{"not_picked":["Flechettes","All Out Attack"],"picked":"Crippling Poison","floor":18},{"not_picked":["Cloak And Dagger","Flechettes"],"picked":"Catalyst+1","floor":19},{"not_picked":["Well Laid Plans","PiercingWail"],"picked":"Deadly Poison","floor":20}],"player_experience":292756,"relics_obtained":[{"floor":9,"key":"Oddly Smooth Stone"},{"floor":14,"key":"Bottled Flame"}],"event_choices":[{"event_name":"Golden Idol","player_choice":"Ignored","floor":2,"damage_taken":0},{"event_name":"The Cleric","player_choice":"Leave","floor":12,"damage_taken":0},{"event_name":"Upgrade Shrine","player_choice":"Upgraded","floor":21,"damage_taken":0}],"is_beta":false,"boss_relics":[{"not_picked":["Ectoplasm","Velvet Choker"],"picked":"Runic Pyramid"}],"items_purged_floors":[],"is_endless":false,"potions_floor_spawned":[1,3,4,7,8,18],"killed_by":"Snake Plant","ascension_level":0}