{"gold_per_floor":[144,144,144,219,264,354,354,399,449,494,7,52,97,142,154,466,478,535,592,676,988,1000,1012,424,424,424,469,514,514,14,59,59,359,359,404,449,524,524,524,614,659,704,729,11,11,11,86,131,131,131],"floor_reached":51,"playtime":3149,"items_purged":["Shame"],"score":854,"play_id":"f7a32837-e6d9-4a9f-8f57-73bd860795ad","local_time":"20180825014521","daily_mods":["Specialized","Midas","Vintage"],"is_ascension_mode":false,"campfire_choices":[{"floor":7,"key":"REST"},{"floor":15,"key":"DIG"},{"floor":23,"key":"DIG"},{"floor":32,"key":"DIG"},{"floor":45,"key":"DIG"},{"data":"Pain","floor":49,"key":"PURGE"}],"neow_cost":"","seed_source_timestamp":0,"circlet_count":0,"master_deck":["Strike_R","Strike_R+1","Strike_R+1","Strike_R","Strike_R","Defend_R","Defend_R","Defend_R+1","Defend_R+1","Bash+1","Reaper","Reaper","Reaper","Reaper","Iron Wave","Inflame","Feed","Armaments","Thunderclap+1","Exhume","Limit Break+1","Clothesline+1","Uppercut+1","Apotheosis","Carnage+1","Chrysalis","Secret Technique","Panache"],"special_seed":17767,"relics":["Burning Blood","Bronze Scales","Unceasing Top","Orichalcum","Strawberry","Omamori","Shovel","Ginger","Oddly Smooth Stone","Whetstone","Self Forming Clay","MawBank","Matryoshka","Red Skull","Cursed Key","Torii","War Paint","Red Mask","Peace Pipe","Ornamental Fan","Necronomicon","Bag of Preparation","Mercury Hourglass","Centennial Puzzle","Medical Kit","Gremlin Horn","Pen Nib","Dream Catcher","Juzu Bracelet","Potion Belt","Dodecahedron","Bottled Flame","Vajra","Blood Vial","Molten Egg 2","Runic Pyramid","Anchor","Boot","Meat on the Bone","Bottled Tornado","Mummified Hand","Ancient Tea Set","Bag of Marbles","Lantern","Kunai","Regal Pillow","Toxic Egg 2","Art of War"],"potions_floor_usage":[21,21,21],"damage_taken":[{"damage":16,"enemies":"Cultist","floor":1,"turns":5},{"damage":9,"enemies":"Small Slimes","floor":5,"turns":5},{"damage":62,"enemies":"3 Sentries","floor":6,"turns":8},{"damage":3,"enemies":"Jaw Worm","floor":8,"turns":3},{"damage":5,"enemies":"Looter","floor":10,"turns":3},{"damage":10,"enemies":"3 Louse","floor":12,"turns":3},{"damage":16,"enemies":"Exordium Wildlife","floor":13,"turns":3},{"damage":22,"enemies":"Exordium Thugs","floor":14,"turns":4},{"damage":42,"enemies":"The Guardian","floor":16,"turns":14},{"damage":21,"enemies":"Spheric Guardian","floor":18,"turns":4},{"damage":26,"enemies":"2 Thieves","floor":19,"turns":4},{"damage":26,"enemies":"Masked Bandits","floor":20,"turns":5},{"damage":17,"enemies":"Colosseum Slavers","floor":21,"turns":4},{"damage":32,"enemies":"Colosseum Nobs","floor":21,"turns":5},{"damage":1,"enemies":"Centurion and Healer","floor":27,"turns":6},{"damage":2,"enemies":"Shelled Parasite and Fungi","floor":28,"turns":5},{"damage":0,"enemies":"Chosen and Byrds","floor":31,"turns":4},{"damage":73,"enemies":"Champ","floor":33,"turns":10},{"damage":0,"enemies":"Orb Walker","floor":35,"turns":2},{"damage":0,"enemies":"Flame Bruiser 1 Orb","floor":36,"turns":3},{"damage":26,"enemies":"2 Orb Walkers","floor":40,"turns":4},{"damage":31,"enemies":"Spire Growth","floor":41,"turns":4},{"damage":0,"enemies":"Sphere and 2 Shapes","floor":42,"turns":4},{"damage":0,"enemies":"Maw","floor":48,"turns":4},{"damage":27,"enemies":"Donu and Deca","floor":50,"turns":6}],"seed_played":"-2736081404112847193","potions_obtained":[{"floor":5,"key":"Block Potion"},{"floor":6,"key":"Strength Potion"},{"floor":12,"key":"EssenceOfSteel"},{"floor":33,"key":"Dexterity Potion"},{"floor":35,"key":"Dexterity Potion"},{"floor":41,"key":"Fire Potion"}],"is_trial":false,"path_per_floor":["M","?","?","?","M","E","R","M","T","M","$","M","M","M","R","B",null,"M","M","?","?","?","R","$","?","T","M","M","?","$","M","R","B",null,"M","M","?","?","?","E","M","M","T","$","R","?","T","M","R","B"],"character_chosen":"IRONCLAD","items_purchased":["Inflame","Ginger","Oddly Smooth Stone","Mercury Hourglass","Centennial Puzzle","Medical Kit","Dodecahedron","Bottled Flame","Uppercut+1","Kunai","Apotheosis","Carnage+1","Strength Potion","FearPotion"],"campfire_rested":1,"item_purchase_floors":[11,11,11,24,24,24,30,30,44,44,44,44,44,44],"current_hp_per_floor":[76,90,90,79,87,67,90,97,97,97,97,97,97,97,97,78,97,85,80,84,100,84,84,84,84,84,106,109,109,109,109,109,95,109,109,113,102,102,102,101,113,130,130,130,130,120,120,130,130,134],"gold":131,"neow_bonus":"","is_prod":false,"is_daily":true,"chose_seed":false,"campfire_upgraded":0,"win_rate":0,"timestamp":1535157921,"path_taken":["M","?","?","?","M","E","R","M","T","M","$","M","M","M","R","BOSS","M","M","?","?","?","R","$","?","T","?","?","?","$","M","R","BOSS","M","M","?","?","?","E","M","M","T","$","R","?","?","M","R","BOSS"],"build_version":"2018-08-23v2","purchased_purges":1,"victory":true,"max_hp_per_floor":[80,90,90,90,90,90,90,97,97,97,97,97,97,97,97,97,97,97,100,103,106,106,106,106,106,106,106,109,109,109,109,109,109,109,109,113,113,113,113,121,124,130,130,130,130,130,130,130,130,134],"card_choices":[{"not_picked":["Intimidate","Reckless Charge"],"picked":"Iron Wave","floor":6},{"not_picked":["Offering","Reaper"],"picked":"Feed","floor":16},{"not_picked":["Sword Boomerang","Wild Strike"],"picked":"Armaments","floor":20},{"not_picked":["Pommel Strike","Perfected Strike"],"picked":"Thunderclap+1","floor":21},{"not_picked":["Barricade","Immolate"],"picked":"Limit Break","floor":33},{"not_picked":["Anger+1","Havoc+1"],"picked":"Clothesline+1","floor":40},{"not_picked":["Master of Strategy","Apotheosis"],"picked":"Chrysalis","floor":46},{"not_picked":["Forethought","Jack Of All Trades"],"picked":"Secret Technique","floor":46},{"not_picked":["Mayhem","Panacea"],"picked":"Panache","floor":46}],"player_experience":440555,"relics_obtained":[{"floor":1,"key":"Bronze Scales"},{"floor":5,"key":"Unceasing Top"},{"floor":6,"key":"Orichalcum"},{"floor":8,"key":"Strawberry"},{"floor":9,"key":"Omamori"},{"floor":10,"key":"Shovel"},{"floor":12,"key":"Whetstone"},{"floor":13,"key":"Self Forming Clay"},{"floor":14,"key":"MawBank"},{"floor":15,"key":"Matryoshka"},{"floor":16,"key":"Red Skull"},{"floor":18,"key":"Torii"},{"floor":19,"key":"War Paint"},{"floor":20,"key":"Red Mask"},{"floor":21,"key":"Peace Pipe"},{"floor":21,"key":"Ornamental Fan"},{"floor":22,"key":"Necronomicon"},{"floor":23,"key":"Bag of Preparation"},{"floor":26,"key":"Gremlin Horn"},{"floor":26,"key":"Pen Nib"},{"floor":27,"key":"Dream Catcher"},{"floor":28,"key":"Juzu Bracelet"},{"floor":31,"key":"Vajra"},{"floor":32,"key":"Blood Vial"},{"floor":33,"key":"Molten Egg 2"},{"floor":35,"key":"Anchor"},{"floor":36,"key":"Boot"},{"floor":40,"key":"Bottled Tornado"},{"floor":41,"key":"Mummified Hand"},{"floor":42,"key":"Ancient Tea Set"},{"floor":43,"key":"Bag of Marbles"},{"floor":43,"key":"Lantern"},{"floor":45,"key":"Regal Pillow"},{"floor":47,"key":"Toxic Egg 2"},{"floor":48,"key":"Art of War"}],"event_choices":[{"event_name":"Bonfire Elementals","player_choice":"RARE","floor":2,"damage_taken":0},{"event_name":"Living Wall","player_choice":"Grow","floor":3,"damage_taken":0},{"event_name":"World of Goop","player_choice":"Gather Gold","floor":4,"damage_taken":0},{"event_name":"Masked Bandits","player_choice":"Fought Bandits","floor":20,"damage_taken":0},{"event_name":"Colosseum","player_choice":"Fight","floor":21,"damage_taken":0},{"event_name":"Colosseum","player_choice":"Fought Nobs","floor":21,"damage_taken":0},{"event_name":"Cursed Tome","player_choice":"Obtained Book","floor":22,"damage_taken":0},{"event_name":"The Library","player_choice":"Read","floor":25,"damage_taken":0},{"event_name":"The Mausoleum","player_choice":"Yes","floor":29,"damage_taken":0},{"event_name":"FaceTrader","player_choice":"Touch","floor":37,"damage_taken":0},{"event_name":"Accursed Blacksmith","player_choice":"Forge","floor":38,"damage_taken":0},{"event_name":"WeMeetAgain","player_choice":"Potion","floor":39,"damage_taken":0},{"event_name":"SensoryStone","player_choice":"Memory 3","floor":46,"damage_taken":0}],"is_beta":false,"boss_relics":[{"not_picked":["Astrolabe","White Beast Statue"],"picked":"Cursed Key"},{"not_picked":["Orrery","Runic Cube"],"picked":"Runic Pyramid"}],"items_purged_floors":[44],"is_endless":false,"potions_floor_spawned":[5,6,12,13,19,20,21,33,35,41],"ascension_level":0}