{"gold_per_floor":[119,294,394,412,423,423,438,438,438,70,82,95,95,95,95,196,246,259,259,272,222,242,242,258,258,282,282,300,69,69,82,82,187,187,202,113,63,163,189,189,204,204,204,216,226,226,236,253,253,253],"floor_reached":51,"playtime":2866,"items_purged":["Strike_B"],"score":755,"play_id":"8efc45ed-eaf3-4687-a5e6-251006155a0e","local_time":"20190319235448","is_ascension_mode":true,"campfire_choices":[{"data":"Zap","floor":6.0,"key":"SMITH"},{"data":"Go for the Eyes","floor":8.0,"key":"SMITH"},{"data":"Beam Cell","floor":13.0,"key":"SMITH"},{"floor":15.0,"key":"REST"},{"data":"Genetic Algorithm","floor":23.0,"key":"SMITH"},{"data":"Dualcast","floor":25.0,"key":"SMITH"},{"data":"Go for the Eyes","floor":27.0,"key":"SMITH"},{"floor":30.0,"key":"REST"},{"floor":32.0,"key":"REST"},{"data":"Hologram","floor":40,"key":"SMITH"},{"floor":46,"key":"REST"},{"floor":49,"key":"REST"}],"neow_cost":"NONE","seed_source_timestamp":0,"circlet_count":0,"master_deck":["Strike_B","Strike_B","Strike_B","Defend_B","Defend_B","Defend_B","Defend_B","Zap+1","Dualcast+1","Coolheaded","Doubt","Go for the Eyes+1","BootSequence","Turbo","Gash","Ball Lightning+1","Capacitor+1","Beam Cell+1","All For One","Genetic Algorithm+1","Gash","Steam","Blizzard","Go for the Eyes+1","Steam+1","Hologram+1","Gash","Coolheaded","Stack+1","Seek","Beam Cell+1","Coolheaded","Conserve Battery","Panache+1","Flash of Steel","Defragment+1","Parasite","Aggregate","Gash+1","Stack+1","Consume","Glacier"],"special_seed":0,"relics":["Cracked Core","Frozen Egg 2","Toy Ornithopter","Meat on the Bone","Tiny House","Happy Flower","White Beast Statue","Juzu Bracelet","Dream Catcher","Singing Bowl"],"potions_floor_usage":[44,44,45,45,45,47,48,48,48,50],"damage_taken":[{"damage":7.0,"enemies":"Jaw Worm","floor":1.0,"turns":3.0},{"damage":1.0,"enemies":"Cultist","floor":4.0,"turns":4.0},{"damage":0.0,"enemies":"2 Louse","floor":5.0,"turns":2.0},{"damage":4.0,"enemies":"Looter","floor":7.0,"turns":3.0},{"damage":12.0,"enemies":"Lots of Slimes","floor":11.0,"turns":4.0},{"damage":6.0,"enemies":"Blue Slaver","floor":12.0,"turns":3.0},{"damage":36.0,"enemies":"The Guardian","floor":16.0,"turns":12.0},{"damage":12.0,"enemies":"Chosen","floor":18.0,"turns":5.0},{"damage":22.0,"enemies":"Shell Parasite","floor":20.0,"turns":5.0},{"damage":7.0,"enemies":"Cultist and Chosen","floor":22.0,"turns":5.0},{"damage":0.0,"enemies":"Centurion and Healer","floor":24.0,"turns":6.0},{"damage":56.0,"enemies":"Sentry and Sphere","floor":28.0,"turns":8.0},{"damage":24.0,"enemies":"Cultist and Chosen","floor":31.0,"turns":6.0},{"damage":45.0,"enemies":"Champ","floor":33.0,"turns":11.0},{"damage":21.0,"enemies":"Orb Walker","floor":35.0,"turns":5.0},{"damage":12,"enemies":"3 Darklings","floor":41,"turns":8},{"damage":62,"enemies":"Jaw Worm Horde","floor":44,"turns":8},{"damage":25,"enemies":"Writhing Mass","floor":45,"turns":6},{"damage":37,"enemies":"Transient","floor":47,"turns":5},{"damage":35,"enemies":"Spire Growth","floor":48,"turns":4},{"damage":3,"enemies":"Awakened One","floor":50,"turns":17}],"seed_played":"-1042177149223646002","potions_obtained":[{"floor":0.0,"key":"FairyPotion"},{"floor":0.0,"key":"GamblersBrew"},{"floor":0.0,"key":"Dexterity Potion"},{"floor":7.0,"key":"Energy Potion"},{"floor":11.0,"key":"FairyPotion"},{"floor":17.0,"key":"AttackPotion"},{"floor":20.0,"key":"Weak Potion"},{"floor":33.0,"key":"Regen Potion"},{"floor":35,"key":"Dexterity Potion"},{"floor":41,"key":"LiquidBronze"},{"floor":44,"key":"EntropicBrew"},{"floor":45,"key":"Explosive Potion"},{"floor":47,"key":"Dexterity Potion"},{"floor":48,"key":"GamblersBrew"}],"is_trial":false,"path_per_floor":["M","?","?","M","M","R","M","R","T","$","M","M","R","?","R","B",null,"M","?","M","?","M","R","M","R","T","R","M","$","R","M","R","B",null,"M","?","$","?","T","R","M","?","T","M","M","R","M","M","R","B",null],"character_chosen":"DEFECT","items_purchased":["Toy Ornithopter","Gash","Ball Lightning","Hologram","Gash","EssenceOfSteel","Coolheaded","Coolheaded"],"campfire_rested":5,"item_purchase_floors":[10,10,10,29,29,29,29,37],"current_hp_per_floor":[68,68,68,67,67,67,63,63,63,63,51,45,45,45,67,43,80,68,53,43,43,53,53,53,53,53,53,14,14,39,27,52,29,85,64,64,64,64,64,64,52,47,47,21,23,48,28,20,45,47],"gold":253,"neow_bonus":"THREE_SMALL_POTIONS","is_prod":false,"is_daily":false,"chose_seed":false,"campfire_upgraded":7,"win_rate":0,"timestamp":1553054088,"path_taken":["M","?","?","?","M","R","M","R","T","$","M","M","R","?","R","BOSS","M","?","M","?","M","R","M","R","T","R","?","$","R","M","R","BOSS","M","?","?","?","?","R","M","?","T","M","M","R","M","M","R","BOSS"],"build_version":"2019-01-23","purchased_purges":1,"victory":true,"max_hp_per_floor":[75,75,75,75,75,75,75,75,75,75,75,75,75,75,75,75,80,80,85,85,85,85,85,85,85,85,85,85,85,85,85,85,85,85,85,85,85,85,85,85,85,85,85,85,85,85,85,85,85,85],"card_choices":[{"not_picked":["Gash","Hologram"],"picked":"Coolheaded","floor":1.0},{"not_picked":["Leap","Steam"],"picked":"Go for the Eyes","floor":4.0},{"not_picked":["Hologram","Fission"],"picked":"BootSequence","floor":5.0},{"not_picked":["Barrage","Recycle"],"picked":"Turbo","floor":7.0},{"not_picked":["Chill","Beam Cell"],"picked":"Capacitor+1","floor":11.0},{"not_picked":["Scrape","Hologram"],"picked":"Beam Cell","floor":12.0},{"not_picked":["Thunder Strike","Seek"],"picked":"All For One","floor":16.0},{"not_picked":["Darkness","Barrage"],"picked":"Genetic Algorithm","floor":17.0},{"not_picked":["Blizzard+1","FTL+1"],"picked":"Gash","floor":18.0},{"not_picked":["Self Repair+1","Chaos+1"],"picked":"Steam","floor":20.0},{"not_picked":["Lockon","Scrape"],"picked":"Blizzard","floor":22.0},{"not_picked":["Sweeping Beam","Storm+1"],"picked":"Go for the Eyes","floor":24.0},{"not_picked":["Beam Cell","Turbo"],"picked":"Steam+1","floor":28.0},{"not_picked":["Doom and Gloom+1","Skim"],"picked":"Stack+1","floor":31.0},{"not_picked":["Biased Cognition+1","Thunder Strike"],"picked":"Seek","floor":33.0},{"not_picked":["Darkness","Steam+1"],"picked":"Beam Cell+1","floor":35},{"not_picked":["Capacitor+1","Turbo+1"],"picked":"Conserve Battery","floor":41},{"not_picked":["Sadistic Nature+1","Discovery"],"picked":"Panache+1","floor":42},{"not_picked":["Blind","Panacea"],"picked":"Flash of Steel","floor":42},{"not_picked":["Sweeping Beam","Undo"],"picked":"Defragment+1","floor":44},{"not_picked":["Darkness+1","Skim+1"],"picked":"Aggregate","floor":45},{"not_picked":["Doom and Gloom","Blizzard+1"],"picked":"Gash+1","floor":46},{"not_picked":["Turbo+1","Heatsinks+1"],"picked":"Stack+1","floor":47},{"not_picked":["Melter+1","Fusion"],"picked":"Consume","floor":48},{"not_picked":["Ball Lightning+1","Stack+1"],"picked":"Glacier","floor":49}],"player_experience":1269740,"relics_obtained":[{"floor":9.0,"key":"Frozen Egg 2"},{"floor":26.0,"key":"Happy Flower"},{"floor":39,"key":"Dream Catcher"},{"floor":43,"key":"Singing Bowl"}],"event_choices":[{"damage_healed":0.0,"max_hp_gain":0.0,"max_hp_loss":0.0,"gold_gain":175.0,"event_name":"Liars Game","player_choice":"AGREE","floor":2.0,"gold_loss":0.0,"damage_taken":0.0,"cards_obtained":["Doubt"]},{"damage_healed":0.0,"max_hp_gain":0.0,"max_hp_loss":0.0,"gold_gain":100.0,"event_name":"Golden Shrine","player_choice":"Pray","floor":3.0,"gold_loss":0.0,"damage_taken":0.0},{"damage_healed":0.0,"max_hp_gain":0.0,"max_hp_loss":0.0,"gold_gain":0.0,"event_name":"Dead Adventurer","player_choice":"Searched \u00272\u0027 times","floor":14.0,"gold_loss":0.0,"damage_taken":0.0,"relics_obtained":["Meat on the Bone"]},{"damage_healed":0.0,"max_hp_gain":5.0,"max_hp_loss":0.0,"gold_gain":0.0,"event_name":"Forgotten Altar","player_choice":"Shed Blood","floor":19.0,"gold_loss":0.0,"damage_taken":20.0},{"damage_healed":0.0,"max_hp_gain":0.0,"max_hp_loss":0.0,"gold_gain":0.0,"event_name":"The Joust","player_choice":"Bet on Murderer","floor":21.0,"gold_loss":50.0,"damage_taken":0.0},{"damage_healed":0,"gold_gain":0,"player_choice":"Paid Gold","damage_taken":0,"relics_obtained":["Juzu Bracelet"],"max_hp_gain":0,"max_hp_loss":0,"event_name":"WeMeetAgain","floor":36,"gold_loss":89},{"damage_healed":0,"gold_gain":100,"player_choice":"Pray","damage_taken":0,"max_hp_gain":0,"max_hp_loss":0,"event_name":"Golden Shrine","floor":38,"gold_loss":0},{"damage_healed":0,"gold_gain":0,"player_choice":"Memory 2","damage_taken":5,"max_hp_gain":0,"max_hp_loss":0,"event_name":"SensoryStone","floor":42,"gold_loss":0}],"is_beta":false,"boss_relics":[{"not_picked":["Sozu","Calling Bell"],"picked":"Tiny House"},{"not_picked":["Velvet Choker","Empty Cage"],"picked":"White Beast Statue"}],"items_purged_floors":[10],"is_endless":false,"potions_floor_spawned":[7,11,16,18,20,33,35,41,44,45,47,48],"ascension_level":3}