{"gold_per_floor":[114,128,141,32,46,46,59,59,59,10,40,40,40,69,69,172,172,159,159,179,179,198,198,212,246,269,14,33,33,45,45],"floor_reached":31,"playtime":3444,"items_purged":[],"score":317,"play_id":"5c2fb00f-0111-4ed1-8969-551212003082","local_time":"20190321192224","is_ascension_mode":false,"campfire_choices":[{"data":"Neutralize","floor":6,"key":"SMITH"},{"data":"Terror","floor":8,"key":"SMITH"},{"floor":12,"key":"REST"},{"data":"Noxious Fumes","floor":15,"key":"SMITH"},{"data":"Noxious Fumes","floor":23,"key":"SMITH"},{"data":"Tactician","floor":29,"key":"SMITH"}],"neow_cost":"NONE","seed_source_timestamp":331641446124269,"circlet_count":0,"master_deck":["Survivor","Neutralize+1","Dagger Throw","Prepared","Terror+1","Blur","Footwork","Leg Sweep","Blur","Tactician+1","PiercingWail","Noxious Fumes+1","Wraith Form v2","Unload+1","Wraith Form v2","Accuracy","Predator+1","Prepared","Noxious Fumes+1","Choke+1","Dagger Throw+1","Bite+1","Bite+1","Bite+1","Bite+1","Bite+1","Leg Sweep","Acrobatics+1","Corpse Explosion","Noxious Fumes","Dodge and Roll","Backflip+1","Infinite Blades"],"relics":["Ring of the Snake","Bag of Marbles","PreservedInsect","Molten Egg 2","Pandora\u0027s Box","Meat on the Bone","Blood Vial","Centennial Puzzle"],"potions_floor_usage":[11,16,22,25,25],"damage_taken":[{"damage":0,"enemies":"Cultist","floor":1,"turns":4},{"damage":0,"enemies":"2 Louse","floor":2,"turns":3},{"damage":0,"enemies":"Jaw Worm","floor":3,"turns":3},{"damage":9,"enemies":"Large Slime","floor":5,"turns":12},{"damage":11,"enemies":"Exordium Wildlife","floor":7,"turns":10},{"damage":10,"enemies":"Gremlin Nob","floor":11,"turns":5},{"damage":0,"enemies":"Lagavulin","floor":14,"turns":7},{"damage":11,"enemies":"The Guardian","floor":16,"turns":13},{"damage":12,"enemies":"2 Thieves","floor":18,"turns":4},{"damage":12,"enemies":"Chosen","floor":20,"turns":5},{"damage":21,"enemies":"Snecko","floor":22,"turns":6},{"damage":28,"enemies":"Shelled Parasite and Fungi","floor":24,"turns":6},{"damage":11,"enemies":"Gremlin Leader","floor":25,"turns":5},{"damage":8,"enemies":"Centurion and Healer","floor":28,"turns":5},{"damage":10,"enemies":"Sentry and Sphere","floor":30,"turns":6},{"damage":52,"enemies":"Slavers","floor":31,"turns":2}],"seed_played":"-613163186509686279","potions_obtained":[{"floor":3,"key":"Block Potion"},{"floor":5,"key":"GamblersBrew"},{"floor":7,"key":"Regen Potion"},{"floor":14,"key":"Poison Potion"},{"floor":16,"key":"Block Potion"},{"floor":18,"key":"PowerPotion"},{"floor":25,"key":"SpeedPotion"}],"is_trial":false,"path_per_floor":["M","M","M","$","M","R","M","R","T","$","E","R","?","E","R","B",null,"M","?","M","?","M","R","M","E","T","$","M","R","M","E"],"character_chosen":"THE_SILENT","items_purchased":["Footwork","Leg Sweep","PiercingWail","Centennial Puzzle","Noxious Fumes","Dodge and Roll"],"campfire_rested":1,"item_purchase_floors":[4,4,10,27,27,27],"current_hp_per_floor":[70,70,70,70,61,61,50,50,50,50,40,61,54,54,54,58,70,58,58,46,46,37,37,33,37,37,37,46,46,44,0],"gold":45,"neow_bonus":"TRANSFORM_CARD","is_prod":false,"is_daily":false,"chose_seed":false,"campfire_upgraded":5,"win_rate":0,"timestamp":1553196144,"path_taken":["M","M","?","$","M","R","M","R","T","$","E","R","?","E","R","BOSS","M","?","M","?","M","R","M","E","T","$","M","R","?","E"],"build_version":"2019-01-23","purchased_purges":0,"victory":false,"max_hp_per_floor":[70,70,70,70,70,70,70,70,70,70,70,70,70,70,70,70,70,70,70,70,49,49,49,49,49,49,49,49,49,49,49],"card_choices":[{"not_picked":["Blade Dance","PiercingWail"],"picked":"Prepared","floor":1},{"not_picked":["Masterful Stab","Flying Knee"],"picked":"Terror","floor":2},{"not_picked":["Crippling Poison","PiercingWail"],"picked":"Blur","floor":3},{"not_picked":["Outmaneuver","Eviscerate"],"picked":"Blur","floor":5},{"not_picked":["Bullet Time","Distraction"],"picked":"Tactician","floor":7},{"not_picked":["Prepared","Predator"],"picked":"Noxious Fumes","floor":11},{"not_picked":["Deadly Poison","Heel Hook","Poisoned Stab"],"picked":"SKIP","floor":14},{"not_picked":["Bullet Time","Storm of Steel"],"picked":"Wraith Form v2","floor":16},{"not_picked":["Quick Slash+1","Outmaneuver","Skewer+1"],"picked":"SKIP","floor":18},{"not_picked":["Underhanded Strike+1","Poisoned Stab+1"],"picked":"Dagger Throw+1","floor":20},{"not_picked":["Heel Hook+1","Poisoned Stab+1"],"picked":"Leg Sweep","floor":22},{"not_picked":["Calculated Gamble","Poisoned Stab+1"],"picked":"Acrobatics+1","floor":24},{"not_picked":["Underhanded Strike+1","Blur+1"],"picked":"Corpse Explosion","floor":25},{"not_picked":["Riddle With Holes+1","Blade Dance"],"picked":"Backflip+1","floor":28},{"not_picked":["Malaise","PiercingWail"],"picked":"Infinite Blades","floor":30}],"player_experience":130218,"relics_obtained":[{"floor":9,"key":"Bag of Marbles"},{"floor":11,"key":"PreservedInsect"},{"floor":14,"key":"Molten Egg 2"},{"floor":25,"key":"Meat on the Bone"},{"floor":26,"key":"Blood Vial"}],"event_choices":[{"cards_removed":["Strike_G"],"damage_healed":0,"gold_gain":0,"player_choice":"Card Removal","damage_taken":7,"max_hp_gain":0,"max_hp_loss":0,"event_name":"Golden Wing","floor":13,"gold_loss":0},{"cards_removed":["Terror"],"damage_healed":0,"gold_gain":0,"player_choice":"Elegance","damage_taken":0,"max_hp_gain":0,"max_hp_loss":0,"event_name":"Back to Basics","floor":19,"gold_loss":0},{"damage_healed":0,"gold_gain":0,"player_choice":"Became a vampire","damage_taken":0,"max_hp_gain":0,"max_hp_loss":21,"event_name":"Vampires","floor":21,"gold_loss":0,"cards_obtained":["Bite","Bite","Bite","Bite","Bite"]}],"is_beta":false,"boss_relics":[{"not_picked":["Black Star","Calling Bell"],"picked":"Pandora\u0027s Box"}],"items_purged_floors":[],"is_endless":false,"potions_floor_spawned":[3,5,7,14,16,18,20,25],"killed_by":"Slavers","ascension_level":0}