{"gold_per_floor":[114,114,44,44,57,57,82,82,108,108,122,134,153,171,171,275,275,295,309,309],"floor_reached":20,"playtime":877,"items_purged":[],"score":241,"play_id":"094095eb-a48b-4a05-a6b2-92ea07ffa55c","local_time":"20180819010609","is_ascension_mode":true,"campfire_choices":[{"data":"Rampage","floor":6,"key":"SMITH"},{"data":"Inflame","floor":8,"key":"SMITH"},{"data":"Inflame","floor":10,"key":"SMITH"},{"data":"Demon Form","floor":15,"key":"SMITH"}],"neow_cost":"NONE","seed_source_timestamp":4331741274205524,"circlet_count":0,"master_deck":["Strike_R","Strike_R","Strike_R","Strike_R","Strike_R","Defend_R","Defend_R","Defend_R","Defend_R","Bash","Inflame+1","Fire Breathing","Rampage+1","Inflame+1","Metallicize","Iron Wave","Demon Form+1","Feed","Seeing Red+1","Shrug It Off"],"relics":["Burning Blood","NeowsBlessing","Letter Opener","Pen Nib","Philosopher\u0027s Stone"],"potions_floor_usage":[13,18,19,19],"damage_taken":[{"damage":0,"enemies":"Cultist","floor":1,"turns":1},{"damage":0,"enemies":"Jaw Worm","floor":5,"turns":1},{"damage":0,"enemies":"3 Sentries","floor":7,"turns":2},{"damage":13,"enemies":"2 Louse","floor":11,"turns":2},{"damage":12,"enemies":"Looter","floor":12,"turns":3},{"damage":12,"enemies":"Exordium Wildlife","floor":13,"turns":4},{"damage":6,"enemies":"3 Louse","floor":14,"turns":5},{"damage":38,"enemies":"Slime Boss","floor":16,"turns":7},{"damage":11,"enemies":"Chosen","floor":18,"turns":3},{"damage":33,"enemies":"3 Byrds","floor":19,"turns":3},{"damage":54,"enemies":"3 Cultists","floor":20,"turns":4}],"seed_played":"-8869661133469557936","potions_obtained":[{"floor":1,"key":"LiquidBronze"},{"floor":5,"key":"LiquidBronze"},{"floor":12,"key":"AttackPotion"},{"floor":14,"key":"Fire Potion"},{"floor":19,"key":"AttackPotion"}],"is_trial":false,"path_per_floor":["M","?","$","?","M","R","E","R","T","R","M","M","M","M","R","B",null,"M","M"],"character_chosen":"IRONCLAD","items_purchased":["Fire Breathing"],"campfire_rested":0,"item_purchase_floors":[3],"current_hp_per_floor":[80,80,80,80,80,80,80,80,80,80,73,67,61,61,61,29,80,78,51,0],"gold":309,"neow_bonus":"THREE_ENEMY_KILL","is_prod":false,"is_daily":false,"chose_seed":false,"campfire_upgraded":4,"win_rate":0,"timestamp":1534637169,"path_taken":["M","?","?","?","?","R","E","R","T","R","M","M","M","M","R","BOSS","M","M","M"],"build_version":"2018-08-16","purchased_purges":0,"victory":false,"max_hp_per_floor":[80,80,80,80,80,80,80,80,80,80,80,80,80,80,80,80,80,83,83,83],"card_choices":[{"not_picked":["Pommel Strike","Ghostly Armor"],"picked":"Inflame","floor":1},{"not_picked":["Twin Strike","Sentinel"],"picked":"Rampage","floor":5},{"not_picked":["Warcry","Second Wind"],"picked":"Inflame","floor":7},{"not_picked":["Twin Strike","Havoc","Clash"],"picked":"SKIP","floor":11},{"not_picked":["Bloodletting","Sword Boomerang"],"picked":"Metallicize","floor":12},{"not_picked":["Entrench","Searing Blow"],"picked":"Iron Wave","floor":13},{"not_picked":["Sentinel","Clothesline"],"picked":"Demon Form","floor":14},{"not_picked":["Berserk","Dark Embrace"],"picked":"Feed","floor":16},{"not_picked":["Iron Wave+1","Havoc"],"picked":"Seeing Red+1","floor":18},{"not_picked":["Bloodletting","Power Through"],"picked":"Shrug It Off","floor":19}],"player_experience":404481,"relics_obtained":[{"floor":7,"key":"Letter Opener"},{"floor":9,"key":"Pen Nib"}],"event_choices":[{"event_name":"Golden Wing","player_choice":"Ignored","floor":2,"damage_taken":0},{"event_name":"Liars Game","player_choice":"disagreed","floor":4,"damage_taken":0}],"is_beta":false,"boss_relics":[{"not_picked":["Astrolabe","Empty Cage"],"picked":"Philosopher\u0027s Stone"}],"items_purged_floors":[],"is_endless":false,"potions_floor_spawned":[1,5,12,14,19],"killed_by":"3 Cultists","ascension_level":4}