{"gold_per_floor":[112,126,137,81,81,111,111,144,193,209,209,220,220,230,230,302,302,312,322,322,7,20,20,46,46,71,99,110,123,137,172,172,248,298,315,327,338,356,371,371,403,403,403,428,428,428,428,438,438,438,438],"floor_reached":51,"playtime":4569,"items_purged":[],"score":1537,"play_id":"7221ce3a-4bad-4382-9bdf-363275d0c93b","local_time":"20190312090212","is_ascension_mode":true,"campfire_choices":[{"data":"Self Repair","floor":7.0,"key":"SMITH"},{"data":"Defragment","floor":11.0,"key":"SMITH"},{"data":"Streamline","floor":13.0,"key":"SMITH"},{"data":"Rebound","floor":15.0,"key":"SMITH"},{"data":"Sunder","floor":23.0,"key":"SMITH"},{"floor":25.0,"key":"REST"},{"floor":32.0,"key":"RECALL"},{"floor":40.0,"key":"REST"},{"data":"Capacitor","floor":42.0,"key":"SMITH"},{"floor":45.0,"key":"REST"},{"data":"Biased Cognition","floor":46.0,"key":"SMITH"},{"floor":49.0,"key":"REST"}],"neow_cost":"NONE","seed_source_timestamp":0,"circlet_count":0,"master_deck":["AscendersBane","Zap+1","Dualcast","Streamline+1","Self Repair+1","Ball Lightning","Rebound+1","Defragment+1","Coolheaded+1","Coolheaded+1","Biased Cognition","Undo","All For One","Auto Shields","Hyperbeam","Rebound","Beam Cell+1","Auto Shields","Sunder+1","Sweeping Beam","Fusion+1","Doom and Gloom","Steam","Biased Cognition+1","Leap","Go for the Eyes","Creative AI","Redo","Capacitor+1","Coolheaded","Aggregate","Go for the Eyes","Madness","Madness","Capacitor"],"special_seed":0,"relics":["Cracked Core","Mummified Hand","Vajra","Orichalcum","Pandora\u0027s Box","Pocketwatch","Regal Pillow","War Paint","WingedGreaves","Tiny House","Juzu Bracelet","Thread and Needle","Sundial"],"potions_floor_usage":[51],"damage_taken":[{"damage":7.0,"enemies":"Small Slimes","floor":1.0,"turns":4.0},{"damage":7.0,"enemies":"Jaw Worm","floor":2.0,"turns":4.0},{"damage":0.0,"enemies":"Cultist","floor":3.0,"turns":3.0},{"damage":15.0,"enemies":"Lagavulin","floor":6.0,"turns":6.0},{"damage":20.0,"enemies":"3 Sentries","floor":8.0,"turns":5.0},{"damage":11.0,"enemies":"Gremlin Gang","floor":10.0,"turns":3.0},{"damage":7.0,"enemies":"3 Louse","floor":12.0,"turns":3.0},{"damage":5.0,"enemies":"Looter","floor":14.0,"turns":2.0},{"damage":8.0,"enemies":"Slime Boss","floor":16.0,"turns":7.0},{"damage":8.0,"enemies":"2 Thieves","floor":18.0,"turns":3.0},{"damage":2.0,"enemies":"Spheric Guardian","floor":19.0,"turns":4.0},{"damage":0.0,"enemies":"Snecko","floor":22.0,"turns":3.0},{"damage":23.0,"enemies":"Slavers","floor":24.0,"turns":2.0},{"damage":14.0,"enemies":"Gremlin Leader","floor":27.0,"turns":5.0},{"damage":11.0,"enemies":"Snake Plant","floor":28.0,"turns":3.0},{"damage":6.0,"enemies":"Centurion and Healer","floor":29.0,"turns":4.0},{"damage":6.0,"enemies":"Cultist and Chosen","floor":30.0,"turns":3.0},{"damage":22.0,"enemies":"Slavers","floor":31.0,"turns":4.0},{"damage":46.0,"enemies":"Automaton","floor":33.0,"turns":11.0},{"damage":19.0,"enemies":"3 Shapes","floor":35.0,"turns":4.0},{"damage":8.0,"enemies":"Orb Walker","floor":36.0,"turns":4.0},{"damage":10.0,"enemies":"Maw","floor":37.0,"turns":8.0},{"damage":31.0,"enemies":"Spire Growth","floor":38.0,"turns":3.0},{"damage":0.0,"enemies":"Transient","floor":39.0,"turns":6.0},{"damage":37.0,"enemies":"Giant Head","floor":41.0,"turns":7.0},{"damage":39.0,"enemies":"Reptomancer","floor":44.0,"turns":6.0},{"damage":14.0,"enemies":"4 Shapes","floor":48.0,"turns":2.0},{"damage":44,"enemies":"Time Eater","floor":50,"turns":14},{"damage":37,"enemies":"Awakened One","floor":51,"turns":5}],"seed_played":"-5995726231584780802","potions_obtained":[{"floor":2.0,"key":"SpeedPotion"},{"floor":6.0,"key":"Fire Potion"},{"floor":12.0,"key":"SkillPotion"},{"floor":20.0,"key":"Poison Potion"},{"floor":20.0,"key":"EntropicBrew"},{"floor":27.0,"key":"SkillPotion"},{"floor":28.0,"key":"Energy Potion"},{"floor":29.0,"key":"FearPotion"},{"floor":31.0,"key":"FearPotion"},{"floor":33.0,"key":"Explosive Potion"},{"floor":34.0,"key":"EssenceOfSteel"},{"floor":37.0,"key":"Energy Potion"},{"floor":38.0,"key":"Dexterity Potion"},{"floor":41.0,"key":"FocusPotion"}],"is_trial":false,"path_per_floor":["M","M","M","$","?","E","R","E","T","M","R","M","R","M","R","B",null,"M","M","?","$","M","R","E","R","T","E","M","M","M","E","R","B",null,"M","M","M","M","M","R","E","R","T","E","R","R","?","M","R","B","B"],"character_chosen":"DEFECT","items_purchased":["Poison Potion","Pocketwatch"],"campfire_rested":4,"item_purchase_floors":[4,21],"current_hp_per_floor":[57,50,50,50,50,42,42,32,32,31,31,34,34,29,29,31,61,53,61,61,61,61,61,38,71,71,67,66,70,71,59,59,23,64,55,57,57,36,46,76,49,49,49,20,57,57,43,29,66,32,0],"gold":438,"neow_bonus":"UPGRADE_CARD","is_prod":false,"is_daily":false,"chose_seed":false,"campfire_upgraded":7,"win_rate":0,"timestamp":1552399332,"path_taken":["M","M","M","$","?","E","R","E","T","M","R","M","R","M","R","BOSS","M","M","?","$","M","R","E","R","T","E","M","M","M","E","R","BOSS","M","?","M","M","M","R","E","R","T","E","R","R","?","M","R","BOSS","BOSS"],"build_version":"2019-01-23","purchased_purges":0,"victory":false,"max_hp_per_floor":[71,71,71,71,71,71,71,71,71,71,71,71,71,71,71,71,71,71,71,71,71,71,71,71,71,71,71,71,71,71,71,71,71,76,76,76,76,76,76,76,76,76,76,76,76,76,76,76,76,76,76],"card_choices":[{"not_picked":["Stack","Reprogram","Steam"],"picked":"SKIP","floor":1.0},{"not_picked":["Turbo","Stack"],"picked":"Streamline","floor":2.0},{"not_picked":["Leap","Heatsinks"],"picked":"Self Repair","floor":3.0},{"not_picked":["Tempest","Turbo"],"picked":"Ball Lightning","floor":6.0},{"not_picked":["Coolheaded","Skim"],"picked":"Rebound","floor":8.0},{"not_picked":["Reboot","Leap"],"picked":"Defragment","floor":10.0},{"not_picked":["Steam","Skim"],"picked":"Coolheaded","floor":12.0},{"not_picked":["Storm","Beam Cell"],"picked":"Coolheaded","floor":14.0},{"not_picked":["Core Surge","Creative AI"],"picked":"Biased Cognition","floor":16.0},{"not_picked":["Scrape","Compile Driver"],"picked":"Sweeping Beam","floor":18.0},{"not_picked":["Storm","Ball Lightning"],"picked":"Fusion+1","floor":19.0},{"not_picked":["Force Field+1","Barrage"],"picked":"Doom and Gloom","floor":22.0},{"not_picked":["FTL","Consume","Gash"],"picked":"SKIP","floor":24.0},{"not_picked":["Cold Snap","Chaos"],"picked":"Steam","floor":27.0},{"not_picked":["Ball Lightning","Gash+1"],"picked":"Biased Cognition","floor":28.0},{"not_picked":["Hologram+1","Chaos"],"picked":"Leap","floor":29.0},{"not_picked":["Gash","Reprogram","Rip and Tear"],"picked":"SKIP","floor":30.0},{"not_picked":["Gash","Reprogram","Rip and Tear"],"picked":"SKIP","floor":30.0},{"not_picked":["Barrage","Turbo"],"picked":"Go for the Eyes","floor":31.0},{"not_picked":["All For One","Meteor Strike"],"picked":"Creative AI","floor":33.0},{"not_picked":["BootSequence","Ball Lightning"],"picked":"Redo","floor":34.0},{"not_picked":["Tempest","Rebound","Doom and Gloom"],"picked":"SKIP","floor":35.0},{"not_picked":["Tempest","Rebound","Doom and Gloom"],"picked":"SKIP","floor":35.0},{"not_picked":["Turbo","Steam"],"picked":"Capacitor","floor":36.0},{"not_picked":["Barrage","Go for the Eyes"],"picked":"Coolheaded","floor":37.0},{"not_picked":["Ball Lightning","Sweeping Beam"],"picked":"Aggregate","floor":38.0},{"not_picked":["Steam","Redo","Cold Snap"],"picked":"SKIP","floor":39.0},{"not_picked":["Beam Cell+1","Conserve Battery"],"picked":"Go for the Eyes","floor":41.0},{"not_picked":["Barrage","Streamline","Thunder Strike"],"picked":"SKIP","floor":44.0},{"not_picked":["Redo","Sweeping Beam"],"picked":"Capacitor","floor":48.0}],"player_experience":751400,"relics_obtained":[{"floor":6.0,"key":"Mummified Hand"},{"floor":8.0,"key":"Vajra"},{"floor":9.0,"key":"Orichalcum"},{"floor":24.0,"key":"Regal Pillow"},{"floor":27.0,"key":"War Paint"},{"floor":31.0,"key":"WingedGreaves"},{"floor":41.0,"key":"Juzu Bracelet"},{"floor":43.0,"key":"Thread and Needle"},{"floor":44.0,"key":"Sundial"}],"event_choices":[{"damage_healed":0.0,"max_hp_gain":0.0,"max_hp_loss":0.0,"gold_gain":0.0,"event_name":"Liars Game","player_choice":"Ignored","floor":5.0,"gold_loss":0.0,"damage_taken":0.0},{"damage_healed":0.0,"max_hp_gain":0.0,"max_hp_loss":0.0,"gold_gain":0.0,"event_name":"Lab","player_choice":"Got Potions","floor":20.0,"gold_loss":0.0,"damage_taken":0.0},{"damage_healed":0.0,"max_hp_gain":0.0,"max_hp_loss":0.0,"gold_gain":0.0,"event_name":"Winding Halls","player_choice":"Embrace Madness","floor":47.0,"gold_loss":0.0,"damage_taken":14.0,"cards_obtained":["Madness","Madness"]}],"is_beta":false,"boss_relics":[{"not_picked":["Nuclear Battery","Fusion Hammer"],"picked":"Pandora\u0027s Box"},{"not_picked":["FrozenCore","Calling Bell"],"picked":"Tiny House"}],"items_purged_floors":[],"is_endless":false,"potions_floor_spawned":[2,6,12,27,28,29,31,33,37,38,41],"killed_by":"Awakened One","ascension_level":20}