{"gold_per_floor":[116,126,146,163,238,238,254,283,283,283,17,35,50,50,50,154,154,170,24,37,51,63,63,75,94,94,193,193,20,20,39,39,39],"floor_reached":33,"playtime":1375,"items_purged":[],"score":253,"play_id":"3b40be64-cf2e-47dc-a3a0-111f52ff47df","local_time":"20181206025518","is_ascension_mode":false,"campfire_choices":[{"data":"Whirlwind","floor":6,"key":"SMITH"},{"data":"Enlightenment","floor":15,"key":"SMITH"},{"data":"Perfected Strike","floor":23,"key":"SMITH"},{"data":"Berserk","floor":30,"key":"SMITH"},{"floor":32,"key":"REST"}],"neow_cost":"NONE","seed_source_timestamp":544646218856282,"circlet_count":0,"master_deck":["Strike_R+1","Strike_R+1","Strike_R+1","Strike_R+1","Strike_R+1","Defend_R+1","Defend_R+1","Defend_R+1","Defend_R+1","Bash","Seeing Red+1","Whirlwind+1","Cleave","Perfected Strike+1","Headbutt","Immolate+1","Panache+1","Enlightenment+1","Heavy Blade+1","Perfected Strike+1","Berserk+1","Cleave+1","Cleave+1","Spot Weakness","Anger+1","Infernal Blade+1","Evolve+1","Whirlwind+1","Mind Blast+1","Perfected Strike+1"],"relics":["Black Blood","Molten Egg 2","Bottled Lightning","Anchor"],"potions_floor_usage":[22,24,24,33],"damage_taken":[{"damage":6,"enemies":"Jaw Worm","floor":1,"turns":5},{"damage":5,"enemies":"Small Slimes","floor":2,"turns":3},{"damage":1,"enemies":"Cultist","floor":3,"turns":3},{"damage":17,"enemies":"Large Slime","floor":4,"turns":4},{"damage":0,"enemies":"Looter","floor":7,"turns":3},{"damage":29,"enemies":"3 Sentries","floor":8,"turns":5},{"damage":11,"enemies":"Exordium Wildlife","floor":12,"turns":3},{"damage":0,"enemies":"2 Fungi Beasts","floor":13,"turns":2},{"damage":35,"enemies":"Slime Boss","floor":16,"turns":5},{"damage":10,"enemies":"Spheric Guardian","floor":18,"turns":3},{"damage":15,"enemies":"2 Thieves","floor":20,"turns":3},{"damage":24,"enemies":"Chosen and Byrds","floor":21,"turns":6},{"damage":9,"enemies":"Centurion and Healer","floor":22,"turns":3},{"damage":0,"enemies":"Snake Plant","floor":24,"turns":2},{"damage":22,"enemies":"Cultist and Chosen","floor":25,"turns":5},{"damage":27,"enemies":"Shelled Parasite and Fungi","floor":31,"turns":4},{"damage":84,"enemies":"Champ","floor":33,"turns":6}],"seed_played":"3798828712968956375","potions_obtained":[{"floor":3,"key":"Dexterity Potion"},{"floor":8,"key":"FearPotion"},{"floor":16,"key":"FearPotion"},{"floor":22,"key":"SteroidPotion"},{"floor":25,"key":"FearPotion"}],"is_trial":false,"path_per_floor":["M","M","M","M","?","R","M","E","T","?","$","M","M","?","R","B",null,"M","$","M","M","M","R","M","M","T","?","?","$","R","M","R","B"],"character_chosen":"IRONCLAD","items_purchased":["Panache","Enlightenment","Anchor","Whirlwind+1","Mind Blast+1"],"campfire_rested":1,"item_purchase_floors":[11,11,19,29,29],"current_hp_per_floor":[88,88,88,77,66,66,72,49,49,49,49,44,50,50,50,21,88,88,88,83,69,70,70,80,68,68,68,68,68,68,51,77,0],"gold":39,"neow_bonus":"TEN_PERCENT_HP_BONUS","is_prod":false,"is_daily":false,"chose_seed":false,"campfire_upgraded":4,"win_rate":0,"timestamp":1544064918,"path_taken":["M","M","M","M","?","R","M","E","T","?","$","M","?","?","R","BOSS","M","$","M","M","M","R","M","M","T","?","?","?","R","M","R","BOSS"],"build_version":"2018-11-15","purchased_purges":0,"victory":false,"max_hp_per_floor":[88,88,88,88,88,88,88,88,88,88,88,88,88,88,88,88,88,88,88,88,88,88,88,88,88,88,88,88,88,88,88,88,88],"card_choices":[{"not_picked":["Clothesline","Sentinel"],"picked":"Seeing Red","floor":1},{"not_picked":["Iron Wave","Entrench"],"picked":"Whirlwind","floor":2},{"not_picked":["Thunderclap","Battle Trance"],"picked":"Cleave","floor":3},{"not_picked":["Entrench","Pummel"],"picked":"Perfected Strike","floor":4},{"not_picked":["Havoc","Iron Wave"],"picked":"Headbutt","floor":7},{"not_picked":["Warcry","Rupture"],"picked":"Immolate","floor":8},{"not_picked":["Rage","Ghostly Armor"],"picked":"Heavy Blade+1","floor":12},{"not_picked":["Clothesline+1","Sword Boomerang+1"],"picked":"Perfected Strike+1","floor":13},{"not_picked":["Immolate+1","Double Tap"],"picked":"Berserk","floor":16},{"not_picked":["Headbutt+1","Wild Strike+1"],"picked":"Cleave+1","floor":18},{"not_picked":["Iron Wave+1","Shrug It Off"],"picked":"Cleave+1","floor":20},{"not_picked":["Pommel Strike+1","Second Wind"],"picked":"Spot Weakness","floor":21},{"not_picked":["Warcry","Ghostly Armor"],"picked":"Anger+1","floor":22},{"not_picked":["Wild Strike+1","Reckless Charge+1"],"picked":"Infernal Blade+1","floor":24},{"not_picked":["Iron Wave+1","Havoc+1"],"picked":"Evolve+1","floor":25},{"not_picked":["Twin Strike+1","Rupture"],"picked":"Perfected Strike+1","floor":31}],"player_experience":789089,"relics_obtained":[{"floor":8,"key":"Molten Egg 2"},{"floor":9,"key":"Bottled Lightning"}],"event_choices":[{"damage_healed":0,"gold_gain":75,"player_choice":"Gather Gold","damage_taken":11,"max_hp_gain":0,"max_hp_loss":0,"event_name":"World of Goop","floor":5,"gold_loss":0},{"damage_healed":0,"gold_gain":0,"player_choice":"Forge","damage_taken":0,"max_hp_gain":0,"max_hp_loss":0,"event_name":"Accursed Blacksmith","floor":10,"gold_loss":0,"cards_upgraded":["Seeing Red"]},{"damage_healed":0,"gold_gain":0,"player_choice":"Grow","damage_taken":0,"max_hp_gain":0,"max_hp_loss":0,"event_name":"Living Wall","floor":14,"gold_loss":0,"cards_upgraded":["Panache"]},{"damage_healed":0,"gold_gain":99,"player_choice":"Stole From Cult","damage_taken":0,"max_hp_gain":0,"max_hp_loss":0,"event_name":"Nest","floor":27,"gold_loss":0},{"damage_healed":0,"gold_gain":0,"player_choice":"Simplicity","damage_taken":0,"max_hp_gain":0,"max_hp_loss":0,"event_name":"Back to Basics","floor":28,"gold_loss":0,"cards_upgraded":["Strike_R","Strike_R","Strike_R","Strike_R","Strike_R","Defend_R","Defend_R","Defend_R","Defend_R"]}],"is_beta":false,"boss_relics":[{"not_picked":["Philosopher\u0027s Stone","Runic Dome"],"picked":"Black Blood"}],"items_purged_floors":[],"is_endless":false,"potions_floor_spawned":[3,8,16,18,22,25],"killed_by":"Champ","ascension_level":0}