{"gold_per_floor":[115,134,148,148,98,98,123,123,123,50,125,24,24,37,37,37],"floor_reached":16,"playtime":1995,"items_purged":["Dualcast"],"score":98,"play_id":"a8795de1-59ee-4c1f-bdcc-4f204634c1c8","local_time":"20190320123511","is_ascension_mode":false,"campfire_choices":[{"data":"Conserve Battery","floor":6,"key":"SMITH"},{"data":"Zap","floor":13,"key":"SMITH"},{"data":"Stack","floor":15,"key":"SMITH"}],"neow_cost":"NONE","seed_source_timestamp":212967451523179,"circlet_count":0,"master_deck":["Strike_B","Strike_B","Strike_B","Strike_B","Defend_B","Defend_B","Defend_B","Defend_B","Zap+1","Storm","Conserve Battery+1","Reinforced Body+1","Cold Snap","Ball Lightning","Glacier","Conserve Battery","Stack+1"],"relics":["Cracked Core","Matryoshka","Bag of Preparation","Smiling Mask","Boot"],"potions_floor_usage":[16,16],"damage_taken":[{"damage":0,"enemies":"Cultist","floor":1,"turns":3},{"damage":0,"enemies":"Small Slimes","floor":2,"turns":3},{"damage":1,"enemies":"2 Louse","floor":3,"turns":2},{"damage":15,"enemies":"Lagavulin","floor":7,"turns":11},{"damage":0,"enemies":"Large Slime","floor":14,"turns":5},{"damage":64,"enemies":"Hexaghost","floor":16,"turns":21}],"seed_played":"7234920007430415241","potions_obtained":[{"floor":3,"key":"Energy Potion"},{"floor":7,"key":"Dexterity Potion"},{"floor":14,"key":"Explosive Potion"}],"is_trial":false,"path_per_floor":["M","M","M","?","?","R","E","?","T","$","?","$","R","M","R","B"],"character_chosen":"DEFECT","items_purchased":["Ball Lightning","Glacier","Conserve Battery"],"campfire_rested":0,"item_purchase_floors":[10,12,12],"current_hp_per_floor":[82,82,81,81,81,81,66,66,66,66,55,55,55,55,55,0],"gold":37,"neow_bonus":"TEN_PERCENT_HP_BONUS","is_prod":false,"is_daily":false,"chose_seed":false,"campfire_upgraded":3,"win_rate":0.0,"timestamp":1553085311,"path_taken":["M","M","M","?","?","R","E","?","T","$","?","$","R","M","R","BOSS"],"build_version":"2019-01-23","purchased_purges":1,"victory":false,"max_hp_per_floor":[82,82,82,82,82,82,82,82,82,82,82,82,82,82,82,82],"card_choices":[{"not_picked":["Stack","Skim"],"picked":"Storm","floor":1},{"not_picked":["Stack","Melter"],"picked":"Conserve Battery","floor":2},{"not_picked":["Compile Driver","White Noise"],"picked":"Reinforced Body","floor":3},{"not_picked":["Skim","Melter"],"picked":"Cold Snap","floor":7},{"not_picked":["Chaos","Sweeping Beam"],"picked":"Stack","floor":14}],"player_experience":93726,"relics_obtained":[{"floor":7,"key":"Bag of Preparation"},{"floor":9,"key":"Smiling Mask"},{"floor":9,"key":"Boot"}],"event_choices":[{"damage_healed":0,"gold_gain":0,"player_choice":"Box","damage_taken":0,"relics_obtained":["Matryoshka"],"max_hp_gain":0,"max_hp_loss":0,"event_name":"Big Fish","floor":4,"gold_loss":0,"cards_obtained":["Regret"]},{"cards_removed":["Regret"],"damage_healed":0,"gold_gain":0,"player_choice":"Card Removal","damage_taken":0,"max_hp_gain":0,"max_hp_loss":0,"event_name":"The Cleric","floor":5,"gold_loss":50},{"damage_healed":0,"gold_gain":0,"player_choice":"Grow","damage_taken":0,"max_hp_gain":0,"max_hp_loss":0,"event_name":"Living Wall","floor":8,"gold_loss":0,"cards_upgraded":["Reinforced Body"]},{"damage_healed":0,"gold_gain":75,"player_choice":"Gather Gold","damage_taken":11,"max_hp_gain":0,"max_hp_loss":0,"event_name":"World of Goop","floor":11,"gold_loss":0}],"is_beta":false,"boss_relics":[],"items_purged_floors":[10],"is_endless":false,"potions_floor_spawned":[3,7,14],"killed_by":"Hexaghost","ascension_level":0}