{"gold_per_floor":[109,109,129,52,52,52,67,80,380,415,0,0,16,27,27,106,106,126,151,66,23,42,42,42,60,60,60,70,70,70,13,13,91,91,105,105,105,122,47,47,65,65,65,65,65,77,92,92,92,92],"floor_reached":50,"playtime":3515,"items_purged":["Strike_G"],"score":909,"play_id":"60a1b9d1-3328-492a-8663-d284f8b38f33","local_time":"20190328164834","is_ascension_mode":true,"campfire_choices":[{"data":"Dash","floor":6.0,"key":"SMITH"},{"data":"Noxious Fumes","floor":12.0,"key":"SMITH"},{"data":"Crippling Poison","floor":15.0,"key":"SMITH"},{"floor":23.0,"key":"REST"},{"data":"Deadly Poison","floor":30.0,"key":"SMITH"},{"floor":32.0,"key":"REST"},{"floor":40.0,"key":"REST"},{"floor":42.0,"key":"REST"},{"floor":49.0,"key":"REST"}],"neow_cost":"NONE","seed_source_timestamp":436252182240710,"circlet_count":0,"master_deck":["AscendersBane","Defend_G","Defend_G","Defend_G","Defend_G","Defend_G","Strike_G","Strike_G","Strike_G","Survivor+1","Neutralize+1","Dash+1","Well Laid Plans","Endless Agony","Crippling Poison+1","Deadly Poison+1","Dodge and Roll","Noxious Fumes+1","PiercingWail","Adrenaline","Deadly Poison","Dagger Throw","Blur","Neutralize","Corpse Explosion","Leg Sweep","Noxious Fumes+1"],"special_seed":0,"relics":["Ring of the Snake","NeowsBlessing","Old Coin","Meat on the Bone","Unceasing Top","Busted Crown","Red Mask","The Specimen","Ninja Scroll","Black Star","Singing Bowl"],"potions_floor_usage":[50],"damage_taken":[{"damage":0.0,"enemies":"Small Slimes","floor":1.0,"turns":1.0},{"damage":0.0,"enemies":"Cultist","floor":3.0,"turns":1.0},{"damage":0.0,"enemies":"Jaw Worm","floor":7.0,"turns":1.0},{"damage":13.0,"enemies":"Large Slime","floor":8.0,"turns":6.0},{"damage":14.0,"enemies":"Gremlin Nob","floor":10.0,"turns":4.0},{"damage":0.0,"enemies":"Exordium Thugs","floor":13.0,"turns":4.0},{"damage":0.0,"enemies":"Red Slaver","floor":14.0,"turns":4.0},{"damage":11.0,"enemies":"Hexaghost","floor":16.0,"turns":11.0},{"damage":7.0,"enemies":"Chosen","floor":18.0,"turns":6.0},{"damage":50.0,"enemies":"Masked Bandits","floor":19.0,"turns":6.0},{"damage":13.0,"enemies":"2 Thieves","floor":22.0,"turns":4.0},{"damage":18.0,"enemies":"Shelled Parasite and Fungi","floor":25.0,"turns":5.0},{"damage":0.0,"enemies":"3 Cultists","floor":28.0,"turns":5.0},{"damage":28.0,"enemies":"Collector","floor":33.0,"turns":8.0},{"damage":0.0,"enemies":"3 Shapes","floor":35.0,"turns":3.0},{"damage":30.0,"enemies":"3 Darklings","floor":38.0,"turns":5.0},{"damage":19.0,"enemies":"Spire Growth","floor":41.0,"turns":6.0},{"damage":0.0,"enemies":"Maw","floor":44.0,"turns":1.0},{"damage":54.0,"enemies":"Transient","floor":46.0,"turns":6.0},{"damage":0.0,"enemies":"4 Shapes","floor":47.0,"turns":3.0},{"damage":61,"enemies":"Donu and Deca","floor":50,"turns":7}],"seed_played":"4916456620694586507","potions_obtained":[{"floor":7.0,"key":"FearPotion"},{"floor":10.0,"key":"EssenceOfSteel"},{"floor":13.0,"key":"Explosive Potion"},{"floor":28.0,"key":"Swift Potion"},{"floor":35.0,"key":"Fruit Juice"},{"floor":38.0,"key":"EntropicBrew"},{"floor":41.0,"key":"SmokeBomb"}],"is_trial":false,"path_per_floor":["M","?","M","$","?","R","M","M","T","E","$","R","M","M","R","B",null,"M","?","?","$","M","R","?","M","T","$","M","?","R","$","R","B",null,"M","?","?","M","$","R","M","R","T","M","$","M","M","?","R","B"],"character_chosen":"THE_SILENT","items_purchased":["Well Laid Plans","Unceasing Top","Noxious Fumes","Blur","Block Potion"],"campfire_rested":5,"item_purchase_floors":[4,11,11,21,31],"current_hp_per_floor":[59,59,59,59,59,59,59,46,46,32,32,32,44,44,44,45,61,54,16,16,16,15,34,34,28,28,28,40,40,40,40,59,43,60,65,65,65,35,35,55,36,56,56,56,56,16,30,30,51,0],"gold":92,"neow_bonus":"THREE_ENEMY_KILL","is_prod":false,"is_daily":false,"chose_seed":false,"campfire_upgraded":4,"win_rate":0,"timestamp":1553809714,"path_taken":["M","?","M","$","?","R","?","?","T","E","?","R","M","M","R","BOSS","M","?","?","$","M","R","?","M","T","$","?","?","R","?","R","BOSS","M","?","?","M","$","R","M","R","T","M","$","?","M","?","R","BOSS"],"build_version":"2019-01-23","purchased_purges":1,"victory":false,"max_hp_per_floor":[66,66,66,66,66,66,66,66,66,66,66,66,66,66,66,66,66,66,66,66,66,66,66,66,66,66,66,66,66,66,66,66,66,66,71,67,67,67,67,67,67,67,67,67,67,69,71,71,71,71],"card_choices":[{"not_picked":["Deflect","Finisher","Flying Knee"],"picked":"SKIP","floor":1.0},{"not_picked":["Dagger Throw","Bane"],"picked":"Dash","floor":3.0},{"not_picked":["Masterful Stab","Tactician"],"picked":"Crippling Poison","floor":7.0},{"not_picked":["Dash","Poisoned Stab"],"picked":"Deadly Poison","floor":8.0},{"not_picked":["Quick Slash","Finisher"],"picked":"Dodge and Roll","floor":10.0},{"not_picked":["Concentrate","Outmaneuver"],"picked":"PiercingWail","floor":13.0},{"not_picked":["Eviscerate","Infinite Blades","Outmaneuver"],"picked":"SKIP","floor":14.0},{"not_picked":["Glass Knife","Burst"],"picked":"Adrenaline","floor":16.0},{"not_picked":[],"picked":"Deadly Poison","floor":18.0},{"not_picked":[],"picked":"Dagger Throw","floor":19.0},{"not_picked":["Flying Knee"],"picked":"SKIP","floor":22.0},{"not_picked":["Eviscerate"],"picked":"SKIP","floor":25.0},{"not_picked":["Caltrops"],"picked":"SKIP","floor":28.0},{"not_picked":[],"picked":"Corpse Explosion","floor":33.0},{"not_picked":["Dagger Throw"],"picked":"SKIP","floor":35.0},{"not_picked":[],"picked":"Leg Sweep","floor":38.0},{"not_picked":["Crippling Poison"],"picked":"SKIP","floor":41.0},{"not_picked":["Underhanded Strike"],"picked":"Singing Bowl","floor":46.0},{"not_picked":["Poisoned Stab"],"picked":"Singing Bowl","floor":47.0}],"player_experience":794223,"relics_obtained":[{"floor":9.0,"key":"Old Coin"},{"floor":10.0,"key":"Meat on the Bone"},{"floor":19.0,"key":"Red Mask"},{"floor":26.0,"key":"Ninja Scroll"},{"floor":43.0,"key":"Singing Bowl"}],"event_choices":[{"damage_healed":0.0,"max_hp_gain":0.0,"max_hp_loss":0.0,"gold_gain":0.0,"event_name":"Living Wall","player_choice":"Grow","floor":2.0,"gold_loss":0.0,"damage_taken":0.0,"cards_upgraded":["Neutralize"]},{"damage_healed":0.0,"max_hp_gain":0.0,"max_hp_loss":0.0,"gold_gain":0.0,"cards_transformed":["Strike_G"],"event_name":"Transmorgrifier","player_choice":"Transformed","floor":5.0,"gold_loss":0.0,"damage_taken":0.0,"cards_obtained":["Endless Agony"]},{"damage_healed":0.0,"max_hp_gain":0.0,"max_hp_loss":0.0,"gold_gain":0.0,"event_name":"Masked Bandits","player_choice":"Fought Bandits","floor":19.0,"gold_loss":0.0,"damage_taken":0.0},{"damage_healed":0.0,"max_hp_gain":0.0,"max_hp_loss":0.0,"gold_gain":0.0,"event_name":"Addict","player_choice":"Obtained Relic","floor":20.0,"gold_loss":85.0,"damage_taken":0.0,"relics_obtained":["The Specimen"]},{"damage_healed":0.0,"max_hp_gain":0.0,"max_hp_loss":0.0,"gold_gain":0.0,"event_name":"Vampires","player_choice":"Ignored","floor":24.0,"gold_loss":0.0,"damage_taken":0.0},{"damage_healed":0.0,"max_hp_gain":0.0,"max_hp_loss":0.0,"gold_gain":0.0,"event_name":"Match and Keep!","player_choice":"1 cards matched","floor":29.0,"gold_loss":0.0,"damage_taken":0.0,"cards_obtained":["Neutralize"]},{"damage_healed":0.0,"max_hp_gain":0.0,"max_hp_loss":4.0,"gold_gain":0.0,"event_name":"Winding Halls","player_choice":"Max HP","floor":36.0,"gold_loss":0.0,"damage_taken":0.0},{"damage_healed":0.0,"max_hp_gain":0.0,"max_hp_loss":0.0,"gold_gain":0.0,"event_name":"Accursed Blacksmith","player_choice":"Forge","floor":37.0,"gold_loss":0.0,"damage_taken":0.0,"cards_upgraded":["Survivor"]},{"damage_healed":0.0,"max_hp_gain":0.0,"max_hp_loss":0.0,"gold_gain":0.0,"event_name":"Duplicator","player_choice":"Copied","floor":48.0,"gold_loss":0.0,"damage_taken":0.0,"cards_obtained":["Noxious Fumes"]}],"is_beta":false,"boss_relics":[{"not_picked":["Pandora\u0027s Box","Ectoplasm"],"picked":"Busted Crown"},{"not_picked":["Runic Pyramid","Snecko Eye"],"picked":"Black Star"}],"items_purged_floors":[39],"is_endless":false,"potions_floor_spawned":[7,10,13,14,18,28,35,38,41],"killed_by":"Donu and Deca","ascension_level":20}