{"gold_per_floor":[118,136,42,57,57,57,57,57,57,57,71,71,71,82,82,183,233,249,224,43,142,142,142,158,158],"floor_reached":25,"playtime":1646,"items_purged":[],"score":191,"play_id":"1f1e2056-75ee-4438-ac68-7b317ebc36a9","local_time":"20190326001710","is_ascension_mode":false,"campfire_choices":[{"data":"Backflip","floor":6,"key":"SMITH"},{"floor":8,"key":"RECALL"},{"data":"Noxious Fumes","floor":12,"key":"SMITH"},{"floor":15,"key":"REST"},{"floor":23,"key":"REST"}],"neow_cost":"NONE","seed_source_timestamp":84675949351852,"circlet_count":0,"master_deck":["Defend_G+1","Defend_G","Defend_G","Defend_G","Defend_G","Strike_G","Strike_G","Strike_G","Strike_G+1","Strike_G","Survivor","Neutralize","Backflip+1","Noxious Fumes+1","Discovery+1","Dagger Spray","Dagger Throw","A Thousand Cuts","Outmaneuver","Slice","Flying Knee","Deflect+1"],"relics":["NeowsBlessing","Sundial","Tiny House","Orichalcum","Nloth\u0027s Gift"],"potions_floor_usage":[14,16,18,19],"damage_taken":[{"damage":0,"enemies":"Cultist","floor":1,"turns":1},{"damage":0,"enemies":"Small Slimes","floor":2,"turns":1},{"damage":0,"enemies":"2 Louse","floor":4,"turns":1},{"damage":0,"enemies":"Lots of Slimes","floor":11,"turns":1},{"damage":5,"enemies":"Exordium Wildlife","floor":14,"turns":5},{"damage":23,"enemies":"The Guardian","floor":16,"turns":12},{"damage":32,"enemies":"3 Byrds","floor":18,"turns":4},{"damage":12,"enemies":"2 Thieves","floor":19,"turns":5},{"damage":24,"enemies":"Cultist and Chosen","floor":24,"turns":7},{"damage":40,"enemies":"Book of Stabbing","floor":25,"turns":6}],"seed_played":"-3367066964502228012","potions_obtained":[{"floor":4,"key":"GamblersBrew"},{"floor":11,"key":"Weak Potion"},{"floor":17,"key":"Fruit Juice"},{"floor":18,"key":"Swift Potion"}],"is_trial":false,"path_per_floor":["M","M","$","M","?","R","?","R","T","$","M","R","$","M","R","B",null,"M","M","$","?","?","R","M","E"],"character_chosen":"THE_SILENT","items_purchased":["Discovery","Orichalcum","Flying Knee"],"campfire_rested":2,"item_purchase_floors":[3,20,20],"current_hp_per_floor":[70,70,70,70,56,56,56,56,56,56,56,56,56,51,70,47,75,48,36,36,36,36,60,36,0],"gold":158,"neow_bonus":"THREE_ENEMY_KILL","is_prod":false,"is_daily":false,"chose_seed":false,"campfire_upgraded":2,"win_rate":0,"timestamp":1553568430,"path_taken":["M","?","$","M","?","R","?","R","T","$","?","R","?","M","R","BOSS","M","M","$","?","?","R","?","E"],"build_version":"2019-03-15","purchased_purges":0,"victory":false,"max_hp_per_floor":[70,70,70,70,70,70,70,70,70,70,70,70,70,70,70,70,75,80,80,80,80,80,80,80,80],"card_choices":[{"not_picked":["Acrobatics","PiercingWail"],"picked":"Backflip","floor":1},{"not_picked":["Deadly Poison","Slice"],"picked":"Noxious Fumes","floor":2},{"not_picked":["Choke","Setup"],"picked":"Dagger Spray","floor":4},{"not_picked":["Bane","Outmaneuver"],"picked":"Dagger Throw","floor":11},{"not_picked":["Dash","Sucker Punch","Terror"],"picked":"SKIP","floor":14},{"not_picked":["Unload","Burst"],"picked":"A Thousand Cuts","floor":16},{"not_picked":["Dagger Throw","Deflect"],"picked":"Outmaneuver","floor":17},{"not_picked":["Cloak And Dagger","Dodge and Roll"],"picked":"Slice","floor":18},{"not_picked":["Accuracy","Dodge and Roll","Flechettes+1"],"picked":"SKIP","floor":19},{"not_picked":["Malaise","Acrobatics"],"picked":"Deflect+1","floor":24}],"player_experience":771889,"relics_obtained":[{"floor":9,"key":"Sundial"}],"event_choices":[{"damage_healed":0,"gold_gain":0,"player_choice":"Entered Light","damage_taken":14,"max_hp_gain":0,"max_hp_loss":0,"event_name":"Shining Light","floor":5,"gold_loss":0,"cards_upgraded":["Defend_G","Discovery"]},{"damage_healed":0,"gold_gain":0,"player_choice":"Bought 0 Potions","damage_taken":0,"max_hp_gain":0,"max_hp_loss":0,"event_name":"The Woman in Blue","floor":7,"gold_loss":0},{"damage_healed":0,"gold_gain":99,"player_choice":"Stole From Cult","damage_taken":0,"max_hp_gain":0,"max_hp_loss":0,"event_name":"Nest","floor":21,"gold_loss":0},{"damage_healed":0,"gold_gain":0,"player_choice":"Traded Relic","damage_taken":0,"relics_obtained":["Nloth\u0027s Gift"],"max_hp_gain":0,"max_hp_loss":0,"event_name":"N\u0027loth","floor":22,"relics_lost":["Ring of the Snake"],"gold_loss":0}],"is_beta":true,"boss_relics":[{"not_picked":["Velvet Choker","Runic Dome"],"picked":"Tiny House"}],"items_purged_floors":[],"is_endless":false,"potions_floor_spawned":[4,11,18],"killed_by":"Book of Stabbing","ascension_level":0}