{"gold_per_floor":[20,20,37,112,131,151,171,346,428,428,441,476,121,396,396,499,499,517,530,530,541,224,224,224,224,224,224,224],"floor_reached":28,"playtime":1389,"items_purged":["Regret"],"score":238,"play_id":"5c17a40e-6cc3-4535-a791-b33da520b719","local_time":"20190225004148","is_ascension_mode":false,"campfire_choices":[{"data":"Genetic Algorithm","floor":10,"key":"SMITH"},{"data":"Coolheaded","floor":15,"key":"SMITH"},{"data":"Machine Learning","floor":23,"key":"SMITH"},{"floor":25,"key":"REST"},{"data":"Gash","floor":27,"key":"SMITH"}],"neow_cost":"NO_GOLD","seed_source_timestamp":41398064196854,"circlet_count":0,"master_deck":["Strike_B","Strike_B","Strike_B","Strike_B","Defend_B","Defend_B","Defend_B","Defend_B+1","Zap","Dualcast","Genetic Algorithm+1","Coolheaded+1","Gash+1","Doubt","Ball Lightning","Gash","Conserve Battery","Steam+1","Streamline+1","Machine Learning+1","Rebound+1","Leap","Genetic Algorithm+1","Dramatic Entrance+1"],"relics":["Cracked Core","Ginger","Calipers","Molten Egg 2","Black Star","War Paint","Pantograph"],"potions_floor_usage":[16,16,16,16,19,21,24],"damage_taken":[{"damage":0,"enemies":"Cultist","floor":1,"turns":3},{"damage":0,"enemies":"2 Louse","floor":3,"turns":2},{"damage":11,"enemies":"Jaw Worm","floor":5,"turns":4},{"damage":2,"enemies":"3 Louse","floor":6,"turns":3},{"damage":6,"enemies":"Red Slaver","floor":7,"turns":4},{"damage":0,"enemies":"Blue Slaver","floor":11,"turns":3},{"damage":29,"enemies":"Gremlin Nob","floor":12,"turns":5},{"damage":5,"enemies":"Hexaghost","floor":16,"turns":9},{"damage":17,"enemies":"Spheric Guardian","floor":18,"turns":5},{"damage":18,"enemies":"3 Byrds","floor":19,"turns":7},{"damage":0,"enemies":"Snake Plant","floor":21,"turns":4},{"damage":22,"enemies":"Book of Stabbing","floor":24,"turns":7},{"damage":42,"enemies":"Slavers","floor":28,"turns":3}],"seed_played":"-2112705531673233181","potions_obtained":[{"floor":1,"key":"EntropicBrew"},{"floor":11,"key":"EssenceOfSteel"},{"floor":12,"key":"Swift Potion"},{"floor":19,"key":"SmokeBomb"}],"is_trial":false,"path_per_floor":["M","$","M","?","M","M","M","?","T","R","M","E","$","?","R","B",null,"M","M","?","M","$","R","E","R","T","R","E"],"character_chosen":"DEFECT","items_purchased":["Molten Egg 2","Conserve Battery","Steam","Streamline+1","War Paint","Dramatic Entrance+1"],"campfire_rested":1,"item_purchase_floors":[13,13,13,13,22,22],"current_hp_per_floor":[75,75,75,64,53,51,45,45,45,45,45,16,16,16,16,11,75,58,40,40,40,40,40,18,40,40,40,0],"gold":224,"neow_bonus":"ONE_RARE_RELIC","is_prod":false,"is_daily":false,"chose_seed":false,"campfire_upgraded":4,"win_rate":0,"timestamp":1551051708,"path_taken":["M","?","M","?","M","M","M","?","T","R","M","E","$","?","R","BOSS","M","M","?","?","$","R","E","R","T","R","E"],"build_version":"2019-01-23","purchased_purges":1,"victory":false,"max_hp_per_floor":[75,75,75,75,75,75,75,75,75,75,75,75,75,75,75,75,75,75,75,75,75,75,75,75,75,75,75,75],"card_choices":[{"not_picked":["Hologram","Redo"],"picked":"Genetic Algorithm","floor":1},{"not_picked":["Steam Power","Barrage","Rebound"],"picked":"SKIP","floor":3},{"not_picked":["Cold Snap","Steam"],"picked":"Coolheaded","floor":5},{"not_picked":["White Noise","Static Discharge"],"picked":"Gash","floor":6},{"not_picked":["Stack","Beam Cell","Cold Snap"],"picked":"SKIP","floor":7},{"not_picked":["Compile Driver","Reboot"],"picked":"Ball Lightning","floor":11},{"not_picked":["Leap","Streamline"],"picked":"Gash","floor":12},{"not_picked":["Buffer","Rainbow"],"picked":"Machine Learning","floor":16},{"not_picked":["Darkness","Leap"],"picked":"Rebound+1","floor":18},{"not_picked":["Stack","Cold Snap+1"],"picked":"Leap","floor":19},{"not_picked":["Beam Cell+1","Turbo","Stack"],"picked":"SKIP","floor":21}],"player_experience":679809,"relics_obtained":[{"floor":12,"key":"Calipers"},{"floor":26,"key":"Pantograph"}],"event_choices":[{"damage_healed":0,"gold_gain":75,"player_choice":"Gather Gold","damage_taken":11,"max_hp_gain":0,"max_hp_loss":0,"event_name":"World of Goop","floor":4,"gold_loss":0},{"damage_healed":0,"gold_gain":175,"player_choice":"AGREE","damage_taken":0,"max_hp_gain":0,"max_hp_loss":0,"event_name":"Liars Game","floor":8,"gold_loss":0,"cards_obtained":["Doubt"]},{"damage_healed":0,"gold_gain":275,"player_choice":"Desecrate","damage_taken":0,"max_hp_gain":0,"max_hp_loss":0,"event_name":"Golden Shrine","floor":14,"gold_loss":0,"cards_obtained":["Regret"]},{"damage_healed":0,"gold_gain":0,"player_choice":"Copied","damage_taken":0,"max_hp_gain":0,"max_hp_loss":0,"event_name":"Duplicator","floor":20,"gold_loss":0,"cards_obtained":["Genetic Algorithm"]}],"is_beta":false,"boss_relics":[{"not_picked":["Coffee Dripper","Runic Dome"],"picked":"Black Star"}],"items_purged_floors":[22],"is_endless":false,"potions_floor_spawned":[1,11,12,19],"killed_by":"Slavers","ascension_level":0}