{"gold_per_floor":[119,139,314,34,34,34,34,34,110,110,121,147,31,31,31,31],"floor_reached":16,"playtime":420,"items_purged":["Doubt"],"score":96,"play_id":"47af3d72-654e-45dd-982e-17fc1e12bb8d","local_time":"20190226225301","is_ascension_mode":false,"campfire_choices":[{"floor":6,"key":"REST"},{"floor":10,"key":"REST"},{"floor":15,"key":"REST"}],"neow_cost":"PERCENT_DAMAGE","seed_source_timestamp":1122364365033067,"circlet_count":0,"master_deck":["Strike_R","Strike_R","Strike_R","Strike_R","Strike_R","Defend_R","Defend_R","Defend_R","Defend_R+1","Bash","Offering","Shrug It Off","Dropkick","Pommel Strike+1","Regret","Metallicize"],"relics":["Burning Blood","Vajra","Potion Belt","Darkstone Periapt","Letter Opener","Tiny Chest","The Courier"],"potions_floor_usage":[12],"damage_taken":[{"damage":7,"enemies":"2 Louse","floor":1,"turns":3},{"damage":6,"enemies":"Jaw Worm","floor":2,"turns":3},{"damage":8,"enemies":"Small Slimes","floor":11,"turns":2},{"damage":23,"enemies":"Gremlin Nob","floor":12,"turns":3},{"damage":87,"enemies":"Slime Boss","floor":16,"turns":8}],"seed_played":"3497534019539814761","potions_obtained":[{"floor":11,"key":"Regen Potion"}],"is_trial":false,"path_per_floor":["M","M","?","$","?","R","?","?","T","R","M","E","$","T","R","B"],"character_chosen":"IRONCLAD","items_purchased":["Vajra","Pommel Strike","Tiny Chest"],"campfire_rested":3,"item_purchase_floors":[4,4,13],"current_hp_per_floor":[55,55,55,55,55,79,63,63,63,80,78,66,66,66,80,0],"gold":31,"neow_bonus":"THREE_RARE_CARDS","is_prod":false,"is_daily":false,"chose_seed":false,"campfire_upgraded":0,"win_rate":0,"timestamp":1551234181,"path_taken":["M","M","?","$","?","R","?","?","T","R","M","E","$","?","R","BOSS"],"build_version":"2019-02-06","purchased_purges":1,"victory":false,"max_hp_per_floor":[80,80,80,80,80,80,80,80,80,80,80,80,80,80,80,80],"card_choices":[{"not_picked":["Berserk","Dark Embrace"],"picked":"Offering","floor":0},{"not_picked":["Iron Wave","Clothesline"],"picked":"Shrug It Off","floor":1},{"not_picked":["Shockwave","Cleave"],"picked":"Dropkick","floor":2},{"not_picked":["Flex","Ghostly Armor","Sword Boomerang"],"picked":"SKIP","floor":11},{"not_picked":["Body Slam","Reckless Charge"],"picked":"Metallicize","floor":12}],"player_experience":659049,"relics_obtained":[{"floor":9,"key":"Darkstone Periapt"},{"floor":12,"key":"Letter Opener"},{"floor":14,"key":"The Courier"}],"event_choices":[{"damage_healed":0,"gold_gain":175,"player_choice":"AGREE","damage_taken":0,"max_hp_gain":0,"max_hp_loss":0,"event_name":"Liars Game","floor":3,"gold_loss":0,"cards_obtained":["Doubt"]},{"damage_healed":0,"gold_gain":0,"player_choice":"Ignored","damage_taken":0,"max_hp_gain":0,"max_hp_loss":0,"event_name":"Golden Wing","floor":5,"gold_loss":0},{"damage_healed":0,"gold_gain":0,"player_choice":"Entered Light","damage_taken":16,"max_hp_gain":0,"max_hp_loss":0,"event_name":"Shining Light","floor":7,"gold_loss":0,"cards_upgraded":["Defend_R","Pommel Strike"]},{"damage_healed":0,"gold_gain":0,"player_choice":"Box","damage_taken":0,"relics_obtained":["Potion Belt"],"max_hp_gain":0,"max_hp_loss":0,"event_name":"Big Fish","floor":8,"gold_loss":0,"cards_obtained":["Regret"]}],"is_beta":true,"boss_relics":[],"items_purged_floors":[4],"is_endless":false,"potions_floor_spawned":[11],"killed_by":"Slime Boss","ascension_level":0}