{"gold_per_floor":[109,120,120,120,138,138,138,188,188,202,202,214,9,59,59,163,163,175,194,159,209,13,13,27,37,63,15,15,65,75,138,138,236,236,249,326,342,355,374,374,434,484,556,126,126,188,202,220,220,220],"floor_reached":51,"playtime":4362,"items_purged":[],"score":641,"play_id":"b9ce5f22-be4e-4936-8ed3-a0c4350c48e1","local_time":"20181013100333","is_ascension_mode":false,"campfire_choices":[{"data":"Rebound","floor":6,"key":"SMITH"},{"data":"Fission","floor":11,"key":"SMITH"},{"data":"Apotheosis","floor":15,"key":"SMITH"},{"data":"Self Repair","floor":23,"key":"SMITH"},{"data":"Defragment","floor":28,"key":"SMITH"},{"data":"Hologram","floor":32,"key":"SMITH"},{"floor":40,"key":"REST"},{"data":"Storm","floor":45,"key":"SMITH"},{"data":"Storm","floor":49,"key":"SMITH"}],"neow_cost":"NONE","seed_source_timestamp":1546701751363946,"circlet_count":0,"master_deck":["Zap+1","Dualcast+1","Turbo","Capacitor","Rebound+1","Auto Shields","Fission+1","Fusion","Apotheosis+1","Amplify","Sweeping Beam","Conserve Battery","FTL","Cold Snap","Stack","Barrage","Coolheaded","Hologram+1","Self Repair+1","Hologram+1","Melter","Aggregate","Defragment+1","Go for the Eyes","Defragment","Cold Snap+1","Electrodynamics","Ball Lightning","Hologram+1","Coolheaded+1","Buffer","Self Repair","Madness","Madness","Storm+1","Storm+1","Hello World","White Noise+1","Hello World+1"],"relics":["Cracked Core","SsserpentHead","Whetstone","Pandora\u0027s Box","Happy Flower","Runic Capacitor","Potion Belt","Mummified Hand","Sozu","Boot","Pantograph","DollysMirror","Bag of Preparation"],"potions_floor_usage":[16],"damage_taken":[{"damage":0,"enemies":"Small Slimes","floor":1,"turns":3},{"damage":2,"enemies":"2 Louse","floor":2,"turns":2},{"damage":6,"enemies":"Jaw Worm","floor":5,"turns":2},{"damage":0,"enemies":"3 Louse","floor":10,"turns":2},{"damage":5,"enemies":"Lots of Slimes","floor":12,"turns":5},{"damage":24,"enemies":"Slime Boss","floor":16,"turns":8},{"damage":3,"enemies":"Shell Parasite","floor":18,"turns":5},{"damage":1,"enemies":"2 Thieves","floor":19,"turns":4},{"damage":32,"enemies":"Cultist and Chosen","floor":24,"turns":8},{"damage":14,"enemies":"Snecko","floor":30,"turns":7},{"damage":7,"enemies":"Shelled Parasite and Fungi","floor":31,"turns":6},{"damage":28,"enemies":"Collector","floor":33,"turns":12},{"damage":0,"enemies":"Orb Walker","floor":35,"turns":3},{"damage":36,"enemies":"3 Darklings","floor":37,"turns":3},{"damage":15,"enemies":"4 Shapes","floor":38,"turns":3},{"damage":10,"enemies":"Spire Growth","floor":39,"turns":4},{"damage":0,"enemies":"Transient","floor":41,"turns":5},{"damage":0,"enemies":"Maw","floor":46,"turns":4},{"damage":0,"enemies":"Reptomancer","floor":47,"turns":3},{"damage":0,"enemies":"4 Shapes","floor":48,"turns":4},{"damage":43,"enemies":"Time Eater","floor":50,"turns":4}],"seed_played":"-2776029989018103792","potions_obtained":[{"floor":1,"key":"FearPotion"},{"floor":18,"key":"SpeedPotion"},{"floor":24,"key":"GamblersBrew"},{"floor":31,"key":"FairyPotion"},{"floor":33,"key":"Ancient Potion"}],"is_trial":false,"path_per_floor":["M","M","?","?","M","R","?","?","T","M","R","M","$","?","R","B",null,"M","M","?","?","$","R","M","$","T","$","R","T","M","M","R","B",null,"M","T","M","M","M","R","M","?","T","$","R","M","M","M","R","B"],"character_chosen":"DEFECT","items_purchased":["Apotheosis","Runic Capacitor","Defragment","Go for the Eyes","Storm","DollysMirror","Bag of Preparation"],"campfire_rested":1,"item_purchase_floors":[13,22,25,27,44,44,44],"current_hp_per_floor":[75,73,58,58,52,52,52,52,52,52,52,47,47,47,47,23,75,72,75,75,75,75,75,63,63,63,63,63,63,59,62,62,44,75,75,75,39,24,24,46,56,47,47,47,47,74,75,75,75,52],"gold":220,"neow_bonus":"THREE_CARDS","is_prod":false,"is_daily":false,"chose_seed":false,"campfire_upgraded":8,"win_rate":0,"timestamp":1539421413,"path_taken":["M","M","?","?","M","R","?","?","T","M","R","M","$","?","R","BOSS","M","M","?","?","$","R","M","?","T","$","R","?","M","?","R","BOSS","M","?","M","M","M","R","?","?","T","$","R","?","M","M","R","BOSS"],"build_version":"2018-10-11","purchased_purges":0,"victory":true,"max_hp_per_floor":[75,75,75,75,75,75,75,75,75,75,75,75,75,75,75,75,75,75,75,75,75,75,75,75,75,75,75,75,75,75,75,75,75,75,75,75,75,75,75,75,75,75,75,75,75,75,75,75,75,75],"card_choices":[{"not_picked":["Gash","Aggregate"],"picked":"Turbo","floor":0},{"not_picked":["Rebound","Turbo"],"picked":"Capacitor","floor":1},{"not_picked":["Turbo","Barrage"],"picked":"Rebound","floor":2},{"not_picked":["Cold Snap","Redo"],"picked":"Auto Shields","floor":5},{"not_picked":["Steam","Gash"],"picked":"Fission","floor":10},{"not_picked":["Darkness","Capacitor"],"picked":"Fusion","floor":12},{"not_picked":["Rainbow","Thunder Strike"],"picked":"Amplify","floor":16},{"not_picked":["Sweeping Beam","Rebound"],"picked":"Self Repair","floor":18},{"not_picked":["BootSequence","Heatsinks+1"],"picked":"Hologram+1","floor":19},{"not_picked":["Skim","Barrage"],"picked":"Aggregate","floor":24},{"not_picked":["Undo+1","Heatsinks+1"],"picked":"Defragment","floor":30},{"not_picked":["Rebound+1","Stack"],"picked":"Cold Snap+1","floor":31},{"not_picked":["Seek","Fission"],"picked":"Electrodynamics","floor":33},{"not_picked":["Capacitor","Gash+1"],"picked":"Ball Lightning","floor":35},{"not_picked":["Reinforced Body","Reprogram"],"picked":"Hologram+1","floor":37},{"not_picked":["Beam Cell","Cold Snap"],"picked":"Coolheaded+1","floor":38},{"not_picked":["Go for the Eyes","Loop"],"picked":"Buffer","floor":39},{"not_picked":["Ball Lightning","Rebound"],"picked":"Self Repair","floor":41},{"not_picked":["Self Repair","Gash+1"],"picked":"Hello World","floor":46},{"not_picked":["Doom and Gloom+1","Blizzard+1"],"picked":"White Noise+1","floor":47},{"not_picked":["Rebound","Barrage"],"picked":"Hello World+1","floor":48}],"player_experience":558117,"relics_obtained":[{"floor":9,"key":"Whetstone"},{"floor":26,"key":"Potion Belt"},{"floor":29,"key":"Mummified Hand"},{"floor":36,"key":"Boot"},{"floor":43,"key":"Pantograph"}],"event_choices":[{"event_name":"Shining Light","player_choice":"Entered Light","floor":3,"damage_taken":0},{"event_name":"Golden Idol","player_choice":"Ignored","floor":4,"damage_taken":0},{"event_name":"FaceTrader","player_choice":"Trade","floor":7,"damage_taken":0},{"event_name":"Living Wall","player_choice":"Grow","floor":8,"damage_taken":0},{"event_name":"Liars Game","player_choice":"disagreed","floor":14,"damage_taken":0},{"event_name":"Addict","player_choice":"Obtained Relic","floor":20,"damage_taken":0},{"event_name":"The Library","player_choice":"Read","floor":21,"damage_taken":0},{"event_name":"Winding Halls","player_choice":"Embrace Madness","floor":42,"damage_taken":0}],"is_beta":false,"boss_relics":[{"not_picked":["Calling Bell","Runic Dome"],"picked":"Pandora\u0027s Box"},{"not_picked":["Cursed Key","Eternal Feather"],"picked":"Sozu"}],"items_purged_floors":[],"is_endless":false,"potions_floor_spawned":[1,18,24,31,33,37,38,41],"ascension_level":0}