{"gold_per_floor":[14,34,48,48,64,64,91,102,102,102,131,145,173,229,229,329,329,349,364,313,313,343,368,382,396,396,91,71,96,96,130,130,234,234,248,6,17,36,36,70,70,103,103,121,121,141,141,141,141,141],"floor_reached":51,"playtime":3666,"items_purged":["Strike_B"],"score":1365,"play_id":"749189f0-ce4c-4995-9cf9-db25c4860c97","local_time":"20190324205411","is_ascension_mode":true,"campfire_choices":[{"data":"Conserve Battery","floor":6,"key":"SMITH"},{"data":"Zap","floor":10,"key":"SMITH"},{"data":"Reinforced Body","floor":15,"key":"SMITH"},{"data":"Biased Cognition","floor":30,"key":"SMITH"},{"floor":32,"key":"REST"},{"data":"Fission","floor":41,"key":"SMITH"},{"data":"Rainbow","floor":49,"key":"SMITH"}],"neow_cost":"NO_GOLD","seed_source_timestamp":35847341994692,"circlet_count":0,"master_deck":["AscendersBane","Defend_B","Defend_B","Defend_B","Defend_B","Zap+1","Dualcast","Buffer+1","Cold Snap","Reinforced Body+1","Undo","Conserve Battery","Cold Snap","Biased Cognition+1","Seek+1","Redo+1","Core Surge+1","Tempest","Capacitor+1","Coolheaded+1","Capacitor","Rainbow+1","Core Surge","FTL+1","Loop+1","Fission+1","BootSequence","Reinforced Body+1"],"relics":["Cracked Core","Pear","Pen Nib","Bronze Scales","Gremlin Horn","Happy Flower","Astrolabe","Red Mask","Darkstone Periapt","Question Card","PreservedInsect","Anchor","Pocketwatch","Sozu","Bottled Lightning","Juzu Bracelet","Lantern","Blue Candle"],"potions_floor_usage":[14,22,23,50],"damage_taken":[{"damage":0,"enemies":"Small Slimes","floor":1,"turns":4},{"damage":1,"enemies":"Cultist","floor":2,"turns":4},{"damage":1,"enemies":"2 Louse","floor":3,"turns":3},{"damage":13,"enemies":"Exordium Wildlife","floor":5,"turns":7},{"damage":7,"enemies":"Gremlin Nob","floor":7,"turns":5},{"damage":1,"enemies":"Blue Slaver","floor":8,"turns":4},{"damage":19,"enemies":"3 Sentries","floor":11,"turns":11},{"damage":0,"enemies":"2 Fungi Beasts","floor":12,"turns":3},{"damage":0,"enemies":"Lagavulin","floor":13,"turns":9},{"damage":7,"enemies":"Gremlin Nob","floor":14,"turns":4},{"damage":0,"enemies":"Hexaghost","floor":16,"turns":15},{"damage":10,"enemies":"2 Thieves","floor":18,"turns":4},{"damage":0,"enemies":"Shell Parasite","floor":19,"turns":5},{"damage":5,"enemies":"Masked Bandits","floor":22,"turns":6},{"damage":13,"enemies":"Slavers","floor":23,"turns":3},{"damage":7,"enemies":"Snake Plant","floor":24,"turns":3},{"damage":0,"enemies":"Snecko","floor":25,"turns":5},{"damage":5,"enemies":"Book of Stabbing","floor":29,"turns":4},{"damage":5,"enemies":"Slavers","floor":31,"turns":6},{"damage":0,"enemies":"Champ","floor":33,"turns":11},{"damage":0,"enemies":"3 Darklings","floor":35,"turns":4},{"damage":0,"enemies":"3 Shapes","floor":37,"turns":5},{"damage":0,"enemies":"Maw","floor":38,"turns":7},{"damage":0,"enemies":"Reptomancer","floor":40,"turns":6},{"damage":0,"enemies":"Giant Head","floor":42,"turns":6},{"damage":0,"enemies":"Sphere and 2 Shapes","floor":44,"turns":4},{"damage":0,"enemies":"Spire Growth","floor":46,"turns":5},{"damage":1,"enemies":"Awakened One","floor":50,"turns":15}],"seed_played":"3314221916186786695","potions_obtained":[{"floor":5,"key":"SpeedPotion"},{"floor":7,"key":"FearPotion"},{"floor":8,"key":"GamblersBrew"},{"floor":13,"key":"FocusPotion"},{"floor":16,"key":"GamblersBrew"},{"floor":22,"key":"Strength Potion"},{"floor":23,"key":"Block Potion"},{"floor":28,"key":"SneckoOil"},{"floor":31,"key":"Ancient Potion"}],"is_trial":false,"path_per_floor":["M","M","M","?","M","R","E","M","T","R","E","M","E","?","R","B",null,"M","M","$","?","?","E","M","M","T","$","?","E","R","E","R","B",null,"M","$","M","M","$","E","R","E","T","M","?","M","?","?","R","B",null],"character_chosen":"DEFECT","items_purchased":["PowerPotion","PreservedInsect","Capacitor","Bottled Lightning"],"campfire_rested":1,"item_purchase_floors":[20,27,27,36],"current_hp_per_floor":[68,67,66,66,53,53,56,55,55,55,36,36,36,29,29,29,71,61,61,61,61,56,43,36,36,36,36,36,31,31,26,51,51,77,77,77,77,77,77,77,77,77,77,77,77,77,77,77,77,76],"gold":141,"neow_bonus":"THREE_RARE_CARDS","is_prod":false,"is_daily":false,"chose_seed":false,"campfire_upgraded":6,"win_rate":0,"timestamp":1553457251,"path_taken":["M","M","M","?","M","R","E","?","T","R","E","M","E","?","R","BOSS","M","M","$","?","?","E","M","M","T","$","?","E","R","E","R","BOSS","M","$","M","?","$","E","R","E","T","M","?","M","?","?","R","BOSS"],"build_version":"2019-01-23","purchased_purges":1,"victory":true,"max_hp_per_floor":[75,75,75,75,75,75,85,85,85,85,85,85,85,85,85,85,85,85,85,85,85,85,85,85,85,85,85,85,85,85,85,85,85,85,85,85,85,85,85,85,85,85,85,85,85,85,85,85,85,85],"card_choices":[{"not_picked":["Fission","Rainbow"],"picked":"Buffer","floor":0},{"not_picked":["Gash","Hologram"],"picked":"Cold Snap","floor":1},{"not_picked":["Stack","Blizzard"],"picked":"Conserve Battery","floor":2},{"not_picked":["Beam Cell","Coolheaded"],"picked":"Reinforced Body","floor":3},{"not_picked":["Consume","Barrage","Beam Cell"],"picked":"SKIP","floor":5},{"not_picked":["Aggregate","Force Field","Leap"],"picked":"SKIP","floor":7},{"not_picked":["Meteor Strike","Darkness","Redo"],"picked":"SKIP","floor":8},{"not_picked":["Coolheaded","Steam"],"picked":"Undo","floor":11},{"not_picked":["Streamline","Turbo"],"picked":"Conserve Battery","floor":12},{"not_picked":["Force Field","Streamline"],"picked":"Cold Snap","floor":13},{"not_picked":["Meteor Strike","Hyperbeam"],"picked":"Biased Cognition","floor":16},{"not_picked":["Static Discharge","Beam Cell+1","Streamline"],"picked":"SKIP","floor":18},{"not_picked":["Coolheaded","Aggregate+1","Steam Power"],"picked":"SKIP","floor":19},{"not_picked":["Storm","Scrape+1"],"picked":"Tempest","floor":23},{"not_picked":["Darkness+1","Stack"],"picked":"Capacitor+1","floor":24},{"not_picked":["Tempest","Rip and Tear+1"],"picked":"Coolheaded+1","floor":25},{"not_picked":["Recycle+1","Reinforced Body","Turbo","Hologram"],"picked":"SKIP","floor":29},{"not_picked":["Skim","Gash","Recycle+1"],"picked":"Rainbow","floor":31},{"not_picked":["Buffer","Amplify","Hyperbeam"],"picked":"Core Surge","floor":33},{"not_picked":["Turbo","Rebound+1","Chaos+1","Compile Driver"],"picked":"SKIP","floor":35},{"not_picked":["Aggregate+1","Streamline","Beam Cell+1"],"picked":"FTL+1","floor":37},{"not_picked":["FTL","Heatsinks","Hologram"],"picked":"Loop+1","floor":38},{"not_picked":["Force Field","Sweeping Beam+1","Aggregate"],"picked":"Fission","floor":40},{"not_picked":["Hello World+1","Undo","Capacitor"],"picked":"BootSequence","floor":42},{"not_picked":["Steam","Go for the Eyes","Barrage","Rebound"],"picked":"SKIP","floor":44},{"not_picked":["Melter","Aggregate","Conserve Battery+1"],"picked":"Reinforced Body+1","floor":46}],"player_experience":758691,"relics_obtained":[{"floor":7,"key":"Pear"},{"floor":9,"key":"Pen Nib"},{"floor":11,"key":"Bronze Scales"},{"floor":13,"key":"Gremlin Horn"},{"floor":14,"key":"Happy Flower"},{"floor":22,"key":"Red Mask"},{"floor":23,"key":"Darkstone Periapt"},{"floor":26,"key":"Question Card"},{"floor":29,"key":"Anchor"},{"floor":31,"key":"Pocketwatch"},{"floor":40,"key":"Juzu Bracelet"},{"floor":42,"key":"Lantern"},{"floor":43,"key":"Blue Candle"}],"event_choices":[{"damage_healed":0,"gold_gain":0,"player_choice":"Upgraded","damage_taken":0,"max_hp_gain":0,"max_hp_loss":0,"event_name":"Upgrade Shrine","floor":4,"gold_loss":0,"cards_upgraded":["Buffer"]},{"damage_healed":0,"gold_gain":0,"player_choice":"Searched \u00271\u0027 times","damage_taken":0,"max_hp_gain":0,"max_hp_loss":0,"event_name":"Dead Adventurer","floor":14,"gold_loss":0},{"damage_healed":0,"gold_gain":0,"player_choice":"Ignored","damage_taken":0,"max_hp_gain":0,"max_hp_loss":0,"event_name":"Beggar","floor":21,"gold_loss":0},{"damage_healed":0,"gold_gain":0,"player_choice":"Fought Bandits","damage_taken":0,"max_hp_gain":0,"max_hp_loss":0,"event_name":"Masked Bandits","floor":22,"gold_loss":0},{"damage_healed":0,"gold_gain":0,"player_choice":"Bought 1 Potion","damage_taken":0,"max_hp_gain":0,"max_hp_loss":0,"event_name":"The Woman in Blue","floor":28,"gold_loss":0},{"damage_healed":0,"gold_gain":0,"player_choice":"0 cards matched","damage_taken":0,"max_hp_gain":0,"max_hp_loss":0,"event_name":"Match and Keep!","floor":45,"gold_loss":0,"cards_obtained":[]},{"cards_removed":["Conserve Battery"],"damage_healed":0,"gold_gain":0,"player_choice":"Removed Skill","damage_taken":0,"max_hp_gain":0,"max_hp_loss":0,"event_name":"Falling","floor":47,"gold_loss":0},{"damage_healed":0,"gold_gain":0,"player_choice":"Ignored","damage_taken":0,"max_hp_gain":0,"max_hp_loss":0,"event_name":"Tomb of Lord Red Mask","floor":48,"gold_loss":0}],"is_beta":false,"boss_relics":[{"not_picked":["Cursed Key","White Beast Statue"],"picked":"Astrolabe"},{"not_picked":["Tiny House","Lizard Tail"],"picked":"Sozu"}],"items_purged_floors":[27],"is_endless":false,"potions_floor_spawned":[5,7,8,13,16,22,23,24,31,42,44,46],"ascension_level":10}