{"gold_per_floor":[116,126,138,1,1,36,36,54,130,130,166,180,145,183,183,279,279,293,293,91,107,132,476,476,0,0,18,59,84,109,109,109,199,199,218,277,191,206,206,249,249,192,192,213,163,176,176,219,219,219,219,219,219,3,46,46],"floor_reached":56,"playtime":5483,"items_purged":["Pain","Strike_G+1"],"score":2130,"play_id":"66c9d564-a107-412f-b87a-96ee60701541","local_time":"20190325113324","is_ascension_mode":true,"campfire_choices":[{"floor":7.0,"key":"REST"},{"data":"Noxious Fumes","floor":15.0,"key":"SMITH"},{"floor":24.0,"key":"REST"},{"floor":32.0,"key":"REST"},{"floor":41.0,"key":"RECALL"},{"data":"Wraith Form v2","floor":47.0,"key":"SMITH"},{"data":"Well Laid Plans","floor":49.0,"key":"SMITH"},{"floor":53.0,"key":"REST"}],"neow_cost":"TEN_PERCENT_HP_LOSS","seed_source_timestamp":1009093012942206,"circlet_count":0,"master_deck":["AscendersBane","Defend_G+1","Defend_G","Defend_G","Defend_G+1","Defend_G","Survivor","Neutralize","PiercingWail","Prepared+1","Poisoned Stab","Quick Slash","Deadly Poison","Well Laid Plans+1","Noxious Fumes+1","Footwork","Leg Sweep","Dodge and Roll","Footwork","Wraith Form v2+1","PiercingWail","Noxious Fumes","Deflect","Noxious Fumes+1","Skewer+1","Prepared+1","Cloak And Dagger+1","Backflip","Flying Knee","Endless Agony","Burst","Noxious Fumes+1","PiercingWail","Dodge and Roll","PiercingWail"],"special_seed":0,"relics":["Ring of the Snake","Golden Idol","Du-Vu Doll","Letter Opener","PreservedInsect","War Paint","Black Star","WarpedTongs","Old Coin","Ornamental Fan","Vajra","Meat on the Bone","Pear","Busted Crown","Tough Bandages","Happy Flower","Smiling Mask","Ginger","Snake Skull","Frozen Egg 2","Oddly Smooth Stone","Dodecahedron","Bottled Tornado"],"potions_floor_usage":[56,56],"damage_taken":[{"damage":16.0,"enemies":"Jaw Worm","floor":1.0,"turns":10.0},{"damage":0.0,"enemies":"Small Slimes","floor":2.0,"turns":5.0},{"damage":0.0,"enemies":"Cultist","floor":3.0,"turns":4.0},{"damage":21.0,"enemies":"3 Sentries","floor":6.0,"turns":10.0},{"damage":7.0,"enemies":"Lots of Slimes","floor":8.0,"turns":5.0},{"damage":6.0,"enemies":"Gremlin Nob","floor":11.0,"turns":4.0},{"damage":0.0,"enemies":"Looter","floor":12.0,"turns":4.0},{"damage":0.0,"enemies":"Lagavulin","floor":14.0,"turns":6.0},{"damage":16.0,"enemies":"The Guardian","floor":16.0,"turns":10.0},{"damage":3.0,"enemies":"Shell Parasite","floor":18.0,"turns":10.0},{"damage":2.0,"enemies":"3 Byrds","floor":21.0,"turns":6.0},{"damage":13.0,"enemies":"3 Cultists","floor":22.0,"turns":7.0},{"damage":23.0,"enemies":"Slavers","floor":23.0,"turns":6.0},{"damage":22.0,"enemies":"Cultist and Chosen","floor":27.0,"turns":8.0},{"damage":6.0,"enemies":"Book of Stabbing","floor":28.0,"turns":8.0},{"damage":7.0,"enemies":"Sentry and Sphere","floor":29.0,"turns":6.0},{"damage":2.0,"enemies":"Centurion and Healer","floor":30.0,"turns":8.0},{"damage":0.0,"enemies":"Automaton","floor":33.0,"turns":10.0},{"damage":10.0,"enemies":"3 Darklings","floor":35.0,"turns":6.0},{"damage":9.0,"enemies":"2 Orb Walkers","floor":36.0,"turns":5.0},{"damage":11.0,"enemies":"Orb Walker","floor":38.0,"turns":5.0},{"damage":10.0,"enemies":"Reptomancer","floor":40.0,"turns":7.0},{"damage":3.0,"enemies":"Writhing Mass","floor":44.0,"turns":8.0},{"damage":2.0,"enemies":"Maw","floor":46.0,"turns":8.0},{"damage":1.0,"enemies":"Giant Head","floor":48.0,"turns":7.0},{"damage":30.0,"enemies":"Time Eater","floor":50.0,"turns":13.0},{"damage":17.0,"enemies":"Donu and Deca","floor":51.0,"turns":10.0},{"damage":48.0,"enemies":"Shield and Spear","floor":55.0,"turns":8.0},{"damage":57,"enemies":"The Heart","floor":56,"turns":5}],"seed_played":"-8911480776116385712","potions_obtained":[{"floor":1.0,"key":"LiquidBronze"},{"floor":8.0,"key":"PowerPotion"},{"floor":14.0,"key":"SteroidPotion"},{"floor":16.0,"key":"LiquidBronze"},{"floor":22.0,"key":"GhostInAJar"},{"floor":23.0,"key":"Regen Potion"},{"floor":28.0,"key":"SteroidPotion"},{"floor":30.0,"key":"EntropicBrew"},{"floor":35.0,"key":"SpeedPotion"},{"floor":55.0,"key":"Swift Potion"}],"is_trial":false,"path_per_floor":["M","M","M","$","?","E","R","M","T","?","E","M","?","E","R","B",null,"M","?","$","M","M","E","R","?","T","M","E","M","M","?","R","B",null,"M","?","$","M","?","E","R","?","T","M","$","M","R","E","R","B","B",null,"R","$","E","B"],"character_chosen":"THE_SILENT","items_purchased":["Well Laid Plans","AttackPotion","Noxious Fumes","Deflect","GhostInAJar","Oddly Smooth Stone","Dodge and Roll"],"campfire_rested":4,"item_purchase_floors":[4,4,20,20,37,54,54],"current_hp_per_floor":[43,43,43,43,43,22,38,31,31,15,9,9,22,22,22,6,42,39,39,39,37,24,1,17,17,17,10,14,19,29,29,48,48,60,50,41,41,42,42,32,32,32,32,41,41,39,39,38,38,20,15,50,61,61,25,0],"gold":46,"neow_bonus":"TRANSFORM_TWO_CARDS","is_prod":false,"is_daily":false,"chose_seed":false,"campfire_upgraded":3,"win_rate":0,"timestamp":1553531604,"path_taken":["M","M","M","$","?","E","R","M","T","?","E","?","?","E","R","BOSS","M","?","?","?","M","E","R","?","T","M","E","M","M","?","R","BOSS","M","?","$","M","?","E","R","?","T","M","$","M","R","E","R","BOSS","BOSS","R","$","E","BOSS"],"build_version":"2019-01-23","purchased_purges":2,"victory":false,"max_hp_per_floor":[60,60,60,60,54,54,54,54,54,54,54,54,54,54,54,54,54,54,54,54,54,54,54,54,54,54,54,64,64,64,64,64,64,64,64,64,64,64,61,61,61,61,61,61,61,61,61,61,61,61,61,61,61,61,61,61],"card_choices":[{"not_picked":["Dagger Spray","Riddle With Holes"],"picked":"Poisoned Stab","floor":1.0},{"not_picked":["PiercingWail","Eviscerate"],"picked":"Quick Slash","floor":2.0},{"not_picked":["Deflect","All Out Attack"],"picked":"Deadly Poison","floor":3.0},{"not_picked":["Blade Dance","Distraction"],"picked":"Noxious Fumes","floor":6.0},{"not_picked":["Distraction","PiercingWail"],"picked":"Footwork","floor":8.0},{"not_picked":["Expertise","Blade Dance"],"picked":"Leg Sweep","floor":11.0},{"not_picked":["Eviscerate","Bane"],"picked":"Dodge and Roll","floor":12.0},{"not_picked":["Expertise","Slice"],"picked":"Footwork","floor":14.0},{"not_picked":["Phantasmal Killer","Adrenaline"],"picked":"Wraith Form v2","floor":16.0},{"not_picked":["Sucker Punch","All Out Attack"],"picked":"PiercingWail","floor":18.0},{"not_picked":["Choke","Flechettes","Terror"],"picked":"SKIP","floor":21.0},{"not_picked":["Quick Slash","Caltrops"],"picked":"Noxious Fumes+1","floor":22.0},{"not_picked":["Predator","Poisoned Stab"],"picked":"Skewer+1","floor":23.0},{"not_picked":["Dagger Spray","Bouncing Flask"],"picked":"Prepared+1","floor":27.0},{"not_picked":["Dash","Grand Finale","Storm of Steel"],"picked":"SKIP","floor":28.0},{"not_picked":["Dagger Throw","Blade Dance"],"picked":"Cloak And Dagger+1","floor":29.0},{"not_picked":["Bane","Quick Slash"],"picked":"Backflip","floor":30.0},{"not_picked":["A Thousand Cuts","Envenom"],"picked":"Burst","floor":33.0},{"not_picked":[],"picked":"Noxious Fumes+1","floor":35.0},{"not_picked":["Calculated Gamble"],"picked":"SKIP","floor":38.0},{"not_picked":["Deflect"],"picked":"SKIP","floor":40.0},{"not_picked":["All Out Attack+1"],"picked":"SKIP","floor":44.0},{"not_picked":["Endless Agony"],"picked":"SKIP","floor":46.0},{"not_picked":[],"picked":"PiercingWail","floor":48.0},{"not_picked":[],"picked":"PiercingWail","floor":55.0}],"player_experience":923426,"relics_obtained":[{"floor":6.0,"key":"Du-Vu Doll"},{"floor":9.0,"key":"Letter Opener"},{"floor":11.0,"key":"PreservedInsect"},{"floor":14.0,"key":"War Paint"},{"floor":23.0,"key":"Old Coin"},{"floor":23.0,"key":"Ornamental Fan"},{"floor":26.0,"key":"Vajra"},{"floor":28.0,"key":"Meat on the Bone"},{"floor":28.0,"key":"Pear"},{"floor":36.0,"key":"Tough Bandages"},{"floor":40.0,"key":"Happy Flower"},{"floor":40.0,"key":"Smiling Mask"},{"floor":48.0,"key":"Snake Skull"},{"floor":48.0,"key":"Frozen Egg 2"},{"floor":55.0,"key":"Dodecahedron"},{"floor":55.0,"key":"Bottled Tornado"}],"event_choices":[{"damage_healed":0.0,"max_hp_gain":0.0,"max_hp_loss":6.0,"gold_gain":0.0,"event_name":"Golden Idol","player_choice":"Lose Max HP","floor":5.0,"gold_loss":0.0,"damage_taken":0.0,"relics_obtained":["Golden Idol"]},{"damage_healed":0.0,"max_hp_gain":0.0,"max_hp_loss":0.0,"gold_gain":0.0,"event_name":"Shining Light","player_choice":"Entered Light","floor":10.0,"gold_loss":0.0,"damage_taken":16.0,"cards_upgraded":["Strike_G","Defend_G"]},{"damage_healed":13.0,"max_hp_gain":0.0,"max_hp_loss":0.0,"gold_gain":0.0,"event_name":"The Cleric","player_choice":"Healed","floor":13.0,"gold_loss":35.0,"damage_taken":0.0},{"damage_healed":0.0,"max_hp_gain":0.0,"max_hp_loss":0.0,"gold_gain":0.0,"event_name":"Accursed Blacksmith","player_choice":"Rummage","floor":19.0,"gold_loss":0.0,"damage_taken":0.0,"relics_obtained":["WarpedTongs"],"cards_obtained":["Pain"]},{"damage_healed":0.0,"max_hp_gain":0.0,"max_hp_loss":0.0,"gold_gain":0.0,"event_name":"Masked Bandits","player_choice":"Paid Fearfully","floor":25.0,"gold_loss":476.0,"damage_taken":0.0},{"damage_healed":0.0,"max_hp_gain":0.0,"max_hp_loss":0.0,"gold_gain":0.0,"cards_transformed":["Strike_G","Strike_G"],"event_name":"Drug Dealer","player_choice":"Became Test Subject","floor":31.0,"gold_loss":0.0,"damage_taken":0.0,"cards_obtained":["Flying Knee","Endless Agony"]},{"damage_healed":0.0,"max_hp_gain":0.0,"max_hp_loss":0.0,"gold_gain":0.0,"event_name":"Mysterious Sphere","player_choice":"Fight","floor":36.0,"gold_loss":0.0,"damage_taken":0.0},{"damage_healed":0.0,"max_hp_gain":0.0,"max_hp_loss":3.0,"gold_gain":0.0,"event_name":"Winding Halls","player_choice":"Max HP","floor":39.0,"gold_loss":0.0,"damage_taken":0.0},{"damage_healed":0.0,"max_hp_gain":0.0,"max_hp_loss":0.0,"gold_gain":0.0,"event_name":"WeMeetAgain","player_choice":"Paid Gold","floor":42.0,"gold_loss":57.0,"damage_taken":0.0,"relics_obtained":["Ginger"]}],"is_beta":false,"boss_relics":[{"not_picked":["Runic Dome","Coffee Dripper"],"picked":"Black Star"},{"not_picked":["Ring of the Serpent","HoveringKite"],"picked":"Busted Crown"}],"items_purged_floors":[20,45],"is_endless":false,"potions_floor_spawned":[1,8,14,16,22,23,28,30,35,44,48,55],"killed_by":"The Heart","ascension_level":20}