{"gold_per_floor":[112,132,97,97,107,134,134,152,176,1,1,14,14,34,34,137,137,156,39,139,139,31,62,62,62,62,74,74],"floor_reached":28,"playtime":3855,"items_purged":[],"score":261,"play_id":"aba33964-6283-4c9e-a6e7-927e694b7e2d","local_time":"20190316151749","is_ascension_mode":false,"campfire_choices":[{"data":"Strike_R","floor":7.0,"key":"SMITH"},{"data":"Anger","floor":11.0,"key":"SMITH"},{"data":"Pommel Strike","floor":13.0,"key":"SMITH"},{"data":"Offering","floor":15.0,"key":"SMITH"},{"floor":24.0,"key":"REST"}],"neow_cost":"","seed_source_timestamp":0,"circlet_count":0,"master_deck":["Strike_R+1","Strike_R+1","Strike_R+1","Strike_R+1","Defend_R+1","Defend_R+1","Defend_R+1","Defend_R+1","Bash","Pommel Strike","Inflame","Iron Wave","Anger+1","Offering+1","Pommel Strike+1","The Bomb","Whirlwind","Warcry","Juggernaut","Iron Wave","Bandage Up","Uppercut","Iron Wave+1","Good Instincts","Iron Wave+1","Corruption","Twin Strike+1"],"special_seed":0,"relics":["Burning Blood","War Paint","Strawberry","Runic Cube","Peace Pipe","Molten Egg 2","Orichalcum","Red Skull"],"potions_floor_usage":[28],"damage_taken":[{"damage":12.0,"enemies":"Small Slimes","floor":1.0,"turns":4.0},{"damage":10.0,"enemies":"2 Louse","floor":2.0,"turns":3.0},{"damage":6.0,"enemies":"Cultist","floor":5.0,"turns":3.0},{"damage":1.0,"enemies":"Gremlin Nob","floor":6.0,"turns":3.0},{"damage":6.0,"enemies":"Large Slime","floor":8.0,"turns":3.0},{"damage":6.0,"enemies":"Blue Slaver","floor":12.0,"turns":3.0},{"damage":6.0,"enemies":"Exordium Wildlife","floor":14.0,"turns":2.0},{"damage":41.0,"enemies":"The Guardian","floor":16.0,"turns":8.0},{"damage":21.0,"enemies":"Shell Parasite","floor":18.0,"turns":4.0},{"damage":22.0,"enemies":"Colosseum Slavers","floor":20.0,"turns":3.0},{"damage":27.0,"enemies":"Colosseum Nobs","floor":20.0,"turns":4.0},{"damage":31.0,"enemies":"Book of Stabbing","floor":23.0,"turns":6.0},{"damage":4.0,"enemies":"2 Thieves","floor":27.0,"turns":3.0},{"damage":52,"enemies":"Gremlin Leader","floor":28,"turns":7}],"seed_played":"-2657660767953351154","potions_obtained":[{"floor":2.0,"key":"FearPotion"},{"floor":6.0,"key":"Dexterity Potion"},{"floor":14.0,"key":"Energy Potion"},{"floor":18.0,"key":"LiquidBronze"},{"floor":20.0,"key":"Strength Potion"},{"floor":23.0,"key":"SteroidPotion"}],"is_trial":false,"path_per_floor":["M","M","?","?","M","E","R","M","T","$","R","M","R","M","R","B",null,"M","$","?","?","$","E","R","?","T","M","E"],"character_chosen":"IRONCLAD","items_purchased":["The Bomb","Bandage Up","Uppercut","Good Instincts","Iron Wave+1"],"campfire_rested":1,"item_purchase_floors":[10,19,19,22,22],"current_hp_per_floor":[74,70,80,80,80,80,80,80,87,87,87,87,87,87,87,52,87,72,72,43,43,43,22,48,31,31,37,0],"gold":74,"neow_bonus":"","is_prod":false,"is_daily":false,"chose_seed":false,"campfire_upgraded":4,"win_rate":0.0,"timestamp":1552749469,"path_taken":["M","M","?","?","M","E","R","?","T","$","R","M","R","M","R","BOSS","M","$","?","?","$","E","R","?","T","?","E"],"build_version":"2019-01-23","purchased_purges":0,"victory":false,"max_hp_per_floor":[80,80,80,80,80,80,80,80,87,87,87,87,87,87,87,87,87,87,87,87,87,87,87,87,92,92,92,92],"card_choices":[{"not_picked":["Rampage","True Grit"],"picked":"Pommel Strike","floor":1.0},{"not_picked":["Warcry","Cleave"],"picked":"Inflame","floor":2.0},{"not_picked":["Thunderclap","Blood for Blood"],"picked":"Anger","floor":5.0},{"not_picked":["True Grit","Perfected Strike"],"picked":"Offering","floor":6.0},{"not_picked":["Entrench","Battle Trance"],"picked":"Pommel Strike","floor":8.0},{"not_picked":["Shrug It Off","True Grit"],"picked":"Whirlwind","floor":12.0},{"not_picked":["Sword Boomerang","Iron Wave"],"picked":"Warcry","floor":14.0},{"not_picked":["Double Tap","Feed"],"picked":"Juggernaut","floor":16.0},{"not_picked":["Warcry","Clash"],"picked":"Iron Wave","floor":18.0},{"not_picked":["Bloodletting","Perfected Strike"],"picked":"Iron Wave+1","floor":20.0},{"not_picked":["Pommel Strike+1","Bloodletting"],"picked":"Corruption","floor":23.0},{"not_picked":["Clash+1","Whirlwind+1"],"picked":"Twin Strike+1","floor":27.0}],"player_experience":0,"relics_obtained":[{"floor":6.0,"key":"War Paint"},{"floor":9.0,"key":"Strawberry"},{"floor":20.0,"key":"Peace Pipe"},{"floor":20.0,"key":"Molten Egg 2"},{"floor":23.0,"key":"Orichalcum"},{"floor":26.0,"key":"Red Skull"}],"event_choices":[{"damage_healed":20.0,"max_hp_gain":0.0,"max_hp_loss":0.0,"gold_gain":0.0,"event_name":"The Cleric","player_choice":"Healed","floor":3.0,"gold_loss":35.0,"damage_taken":0.0},{"cards_removed":["Strike_R"],"damage_healed":0.0,"max_hp_gain":0.0,"max_hp_loss":0.0,"gold_gain":0.0,"event_name":"NoteForYourself","player_choice":"Took Card","floor":4.0,"gold_loss":0.0,"damage_taken":0.0,"cards_obtained":["Iron Wave"]},{"damage_healed":0.0,"max_hp_gain":0.0,"max_hp_loss":0.0,"gold_gain":0.0,"event_name":"Colosseum","player_choice":"Fight","floor":20.0,"gold_loss":0.0,"damage_taken":0.0},{"damage_healed":0.0,"max_hp_gain":0.0,"max_hp_loss":0.0,"gold_gain":0.0,"event_name":"Colosseum","player_choice":"Fought Nobs","floor":20.0,"gold_loss":0.0,"damage_taken":0.0},{"damage_healed":0.0,"max_hp_gain":0.0,"max_hp_loss":0.0,"gold_gain":0.0,"event_name":"Back to Basics","player_choice":"Simplicity","floor":21.0,"gold_loss":0.0,"damage_taken":0.0,"cards_upgraded":["Strike_R","Strike_R","Strike_R","Defend_R","Defend_R"]},{"damage_healed":0.0,"max_hp_gain":5.0,"max_hp_loss":0.0,"gold_gain":0.0,"event_name":"Forgotten Altar","player_choice":"Shed Blood","floor":25.0,"gold_loss":0.0,"damage_taken":22.0}],"is_beta":false,"boss_relics":[{"not_picked":["Snecko Eye","Cursed Key"],"picked":"Runic Cube"}],"items_purged_floors":[],"is_endless":false,"potions_floor_spawned":[2,6,14,18,20,23],"killed_by":"Gremlin Leader","ascension_level":0}