{"gold_per_floor":[114,114,126,138,93,93,109,142,224,252,252,252,252,282,282,382,382,392,24,34,34,54,54,54,68,68,87,103,103,119,119,119,119],"floor_reached":33,"playtime":2095,"items_purged":[],"score":267,"play_id":"a680adfc-a533-43d9-a690-b6c8b4068602","local_time":"20180807084850","is_ascension_mode":false,"campfire_choices":[{"data":"Flex","floor":6,"key":"SMITH"},{"data":"Demon Form","floor":12,"key":"SMITH"},{"floor":15,"key":"REST"},{"floor":23,"key":"REST"},{"floor":29,"key":"REST"},{"floor":32,"key":"REST"}],"neow_cost":"NONE","seed_source_timestamp":3321483739274652,"circlet_count":0,"master_deck":["Strike_R","Strike_R","Strike_R","Defend_R","Defend_R","Defend_R","Defend_R","Bash","Perfected Strike+1","Pommel Strike","Flex+1","Pommel Strike","Wild Strike","Warcry+1","Demon Form+1","Headbutt+1","Dark Embrace+1","Second Wind","Limit Break","Metallicize+1","Spot Weakness","Spot Weakness+1","Dual Wield+1","Dropkick+1"],"relics":["Burning Blood","Torii","Molten Egg 2","Bag of Marbles","Frozen Egg 2","Mummified Hand","Empty Cage","Gambling Chip","Kunai"],"potions_floor_usage":[8,14,25,25,25],"damage_taken":[{"damage":3,"enemies":"Jaw Worm","floor":1,"turns":3},{"damage":6,"enemies":"Cultist","floor":3,"turns":3},{"damage":0,"enemies":"Small Slimes","floor":4,"turns":2},{"damage":6,"enemies":"3 Louse","floor":7,"turns":2},{"damage":26,"enemies":"Lagavulin","floor":8,"turns":4},{"damage":16,"enemies":"Gremlin Nob","floor":10,"turns":3},{"damage":31,"enemies":"Lagavulin","floor":14,"turns":7},{"damage":10,"enemies":"Hexaghost","floor":16,"turns":7},{"damage":35,"enemies":"Shell Parasite","floor":18,"turns":4},{"damage":11,"enemies":"2 Thieves","floor":20,"turns":4},{"damage":44,"enemies":"Slaver and Parasite","floor":22,"turns":6},{"damage":8,"enemies":"Snake Plant","floor":25,"turns":8},{"damage":18,"enemies":"Snecko","floor":27,"turns":4},{"damage":23,"enemies":"3 Cultists","floor":28,"turns":5},{"damage":29,"enemies":"Cultist and Chosen","floor":30,"turns":8},{"damage":34,"enemies":"Collector","floor":33,"turns":3}],"seed_played":"2967645950960260399","potions_obtained":[{"floor":7,"key":"FearPotion"},{"floor":8,"key":"Regen Potion"},{"floor":10,"key":"BloodPotion"},{"floor":16,"key":"SkillPotion"},{"floor":20,"key":"Dexterity Potion"},{"floor":30,"key":"Ancient Potion"}],"is_trial":false,"path_per_floor":["M","?","M","M","$","R","M","E","T","E","T","R","?","E","R","B",null,"M","$","M","?","M","R","?","M","T","M","M","R","M","?","R"],"character_chosen":"IRONCLAD","items_purchased":["Wild Strike","Gambling Chip","Limit Break"],"campfire_rested":4,"item_purchase_floors":[5,19,19],"current_hp_per_floor":[80,80,80,80,80,80,80,60,60,50,50,50,50,33,57,53,80,51,51,46,46,8,32,32,45,45,33,16,40,17,2,27,0],"gold":119,"neow_bonus":"THREE_CARDS","is_prod":false,"is_daily":false,"chose_seed":false,"campfire_upgraded":2,"win_rate":0,"timestamp":1533628130,"path_taken":["M","?","M","M","?","R","M","E","T","E","?","R","?","E","R","BOSS","M","$","M","?","M","R","?","M","T","M","M","R","M","?","R","BOSS"],"build_version":"2018-08-02","purchased_purges":0,"victory":false,"max_hp_per_floor":[80,80,80,80,80,80,80,80,80,80,80,80,80,80,80,80,80,80,80,80,80,80,80,80,80,80,80,80,80,80,85,85,85],"card_choices":[{"not_picked":["Twin Strike","Heavy Blade"],"picked":"Perfected Strike","floor":0},{"not_picked":["Sword Boomerang","Reckless Charge"],"picked":"Pommel Strike","floor":1},{"not_picked":["Corruption","Carnage"],"picked":"Flex","floor":3},{"not_picked":["Havoc","Hemokinesis"],"picked":"Pommel Strike","floor":4},{"not_picked":["Sword Boomerang","Rupture"],"picked":"Warcry","floor":7},{"not_picked":["True Grit","Sword Boomerang","Rupture"],"picked":"SKIP","floor":8},{"not_picked":["Cleave+1","Havoc"],"picked":"Demon Form","floor":10},{"not_picked":["Flame Barrier","Havoc"],"picked":"Headbutt+1","floor":14},{"not_picked":["Exhume","Fiend Fire+1"],"picked":"Dark Embrace+1","floor":16},{"not_picked":["Thunderclap+1","Seeing Red"],"picked":"Second Wind","floor":18},{"not_picked":["Iron Wave+1","Perfected Strike+1"],"picked":"Metallicize+1","floor":20},{"not_picked":["Clothesline+1","True Grit","Battle Trance"],"picked":"SKIP","floor":22},{"not_picked":["Sentinel+1","Power Through+1"],"picked":"Spot Weakness+1","floor":25},{"not_picked":["True Grit","Dropkick+1"],"picked":"Dual Wield+1","floor":27},{"not_picked":["Blood for Blood+1","Searing Blow+2","Sword Boomerang+1"],"picked":"SKIP","floor":28},{"not_picked":["Clash+1","Warcry"],"picked":"Dropkick+1","floor":30}],"player_experience":307180,"relics_obtained":[{"floor":8,"key":"Torii"},{"floor":9,"key":"Molten Egg 2"},{"floor":10,"key":"Bag of Marbles"},{"floor":11,"key":"Frozen Egg 2"},{"floor":14,"key":"Mummified Hand"},{"floor":26,"key":"Kunai"}],"event_choices":[{"event_name":"Accursed Blacksmith","player_choice":"Forge","floor":2,"damage_taken":0},{"event_name":"Living Wall","player_choice":"Grow","floor":13,"damage_taken":0},{"event_name":"The Library","player_choice":"Read","floor":21,"damage_taken":0},{"event_name":"Addict","player_choice":"Ignored","floor":24,"damage_taken":0},{"event_name":"Forgotten Altar","player_choice":"Shed Blood","floor":31,"damage_taken":0}],"is_beta":false,"boss_relics":[{"not_picked":["Tiny House","Cursed Key"],"picked":"Empty Cage"}],"items_purged_floors":[],"is_endless":false,"potions_floor_spawned":[7,8,10,16,20,22,30],"killed_by":"Collector","ascension_level":0}