{"gold_per_floor":[117,117,134,147,159,159,334,354,401,421,421,448,460,460,460,556,556,569,176,207,218,236,236,236,247,270,270,0,0,10,25,25,130,130,142,142,155,55,75,101,121,121,121,121,121,221,221,235,235,235],"floor_reached":50,"playtime":3178,"items_purged":["Grand Finale","Pain"],"score":501,"play_id":"c76e2f7b-0d58-40fc-8e74-2fec5ef27327","local_time":"20190226044941","is_ascension_mode":false,"campfire_choices":[{"floor":6,"key":"REST"},{"floor":11,"key":"REST"},{"floor":15,"key":"REST"},{"data":"Calculated Gamble","floor":23,"key":"SMITH"},{"floor":27,"key":"REST"},{"floor":32,"key":"REST"},{"floor":42,"key":"REST"},{"floor":44,"key":"REST"},{"floor":47,"key":"REST"},{"floor":49,"key":"RECALL"}],"neow_cost":"NONE","seed_source_timestamp":1054608964280631,"circlet_count":0,"master_deck":["Survivor","Neutralize","Deadly Poison","Dagger Throw","Deadly Poison","Envenom","Underhanded Strike","Wraith Form v2","Underhanded Strike","Die Die Die","Tactician","Reflex","Calculated Gamble","Reflex","Dash","Dagger Spray","Doppelganger","Calculated Gamble+1","Leg Sweep","Noxious Fumes","Predator+1","Blade Dance+1","Catalyst+1","Concentrate","Predator","Writhe","Injury","Catalyst+1","Writhe"],"relics":["Snecko Eye","Art of War","Ninja Scroll","Pandora\u0027s Box","Shuriken","Red Mask","Anchor","OrangePellets","Calling Bell","Strawberry","Question Card","StoneCalendar","Boot","Du-Vu Doll","Tingsha"],"potions_floor_usage":[12,12,13,16,21,33,37,39,41],"damage_taken":[{"damage":6,"enemies":"Small Slimes","floor":1,"turns":5},{"damage":0,"enemies":"2 Louse","floor":3,"turns":2},{"damage":0,"enemies":"Jaw Worm","floor":4,"turns":4},{"damage":8,"enemies":"Exordium Thugs","floor":5,"turns":6},{"damage":8,"enemies":"Lots of Slimes","floor":8,"turns":4},{"damage":7,"enemies":"Large Slime","floor":10,"turns":7},{"damage":14,"enemies":"3 Sentries","floor":12,"turns":9},{"damage":0,"enemies":"Blue Slaver","floor":13,"turns":2},{"damage":50,"enemies":"The Guardian","floor":16,"turns":12},{"damage":0,"enemies":"3 Byrds","floor":18,"turns":4},{"damage":11,"enemies":"Masked Bandits","floor":20,"turns":4},{"damage":0,"enemies":"Spheric Guardian","floor":21,"turns":2},{"damage":11,"enemies":"Centurion and Healer","floor":22,"turns":5},{"damage":0,"enemies":"Cultist and Chosen","floor":25,"turns":4},{"damage":3,"enemies":"Snecko","floor":30,"turns":3},{"damage":8,"enemies":"Snake Plant","floor":31,"turns":3},{"damage":8,"enemies":"Champ","floor":33,"turns":9},{"damage":5,"enemies":"Orb Walker","floor":35,"turns":2},{"damage":1,"enemies":"3 Shapes","floor":37,"turns":3},{"damage":8,"enemies":"Jaw Worm Horde","floor":39,"turns":4},{"damage":33,"enemies":"Giant Head","floor":40,"turns":8},{"damage":25,"enemies":"Transient","floor":41,"turns":5},{"damage":24,"enemies":"Mind Bloom Boss Battle","floor":46,"turns":4},{"damage":4,"enemies":"Maw","floor":48,"turns":6},{"damage":67,"enemies":"Awakened One","floor":50,"turns":6}],"seed_played":"1978901233349480206","potions_obtained":[{"floor":4,"key":"GhostInAJar"},{"floor":8,"key":"Ancient Potion"},{"floor":10,"key":"EssenceOfSteel"},{"floor":12,"key":"SteroidPotion"},{"floor":20,"key":"Energy Potion"},{"floor":22,"key":"GamblersBrew"},{"floor":33,"key":"Block Potion"},{"floor":35,"key":"AttackPotion"},{"floor":40,"key":"Swift Potion"}],"is_trial":false,"path_per_floor":["M","?","M","M","M","R","?","M","T","M","R","E","M","?","R","B",null,"M","$","?","M","M","R","T","M","T","R","$","$","M","M","R","B",null,"M","?","M","$","M","E","M","R","T","R","?","?","R","M","R","B"],"character_chosen":"THE_SILENT","items_purchased":["Shuriken","Noxious Fumes","Concentrate","OrangePellets"],"campfire_rested":8,"item_purchase_floors":[19,19,28,28],"current_hp_per_floor":[64,50,50,50,42,63,63,55,55,48,69,55,55,48,69,19,70,70,70,59,59,48,48,48,48,48,69,69,69,66,58,70,62,77,72,72,71,71,63,30,5,28,28,51,70,46,69,65,65,0],"gold":235,"neow_bonus":"BOSS_RELIC","is_prod":false,"is_daily":false,"chose_seed":false,"campfire_upgraded":1,"win_rate":0,"timestamp":1551169181,"path_taken":["M","?","M","M","M","R","?","M","T","M","R","E","M","?","R","BOSS","M","$","?","M","M","R","?","?","T","R","?","$","M","M","R","BOSS","M","?","M","$","M","E","M","R","T","R","?","?","R","M","R","BOSS"],"build_version":"2019-02-06","purchased_purges":2,"victory":false,"max_hp_per_floor":[70,70,70,70,70,70,70,70,70,70,70,70,70,70,70,70,70,70,70,70,70,70,70,70,70,70,70,70,70,70,70,70,70,77,77,77,77,77,77,77,77,77,77,77,77,77,77,77,77,77],"card_choices":[{"not_picked":["Sucker Punch","Acrobatics"],"picked":"Deadly Poison","floor":1},{"not_picked":["Prepared","PiercingWail"],"picked":"Dagger Throw","floor":3},{"not_picked":["Underhanded Strike","Cloak And Dagger"],"picked":"Deadly Poison","floor":4},{"not_picked":["Dagger Spray","Deflect","Blur"],"picked":"SKIP","floor":5},{"not_picked":["Blade Dance","Cloak And Dagger"],"picked":"Envenom","floor":8},{"not_picked":["Endless Agony","Poisoned Stab"],"picked":"Underhanded Strike","floor":10},{"not_picked":["Escape Plan","Storm of Steel"],"picked":"Wraith Form v2","floor":12},{"not_picked":["Blur","Acrobatics"],"picked":"Underhanded Strike","floor":13},{"not_picked":["Unload","Tools of the Trade"],"picked":"Die Die Die","floor":16},{"not_picked":["Endless Agony","Expertise"],"picked":"Leg Sweep","floor":18},{"not_picked":["Deflect+1","Underhanded Strike"],"picked":"Predator+1","floor":20},{"not_picked":["All Out Attack+1","Deflect"],"picked":"Blade Dance+1","floor":21},{"not_picked":["Accuracy","Acrobatics"],"picked":"Catalyst+1","floor":22},{"not_picked":["Doppelganger","Dagger Throw","Cloak And Dagger"],"picked":"SKIP","floor":25},{"not_picked":["All Out Attack+1","Sucker Punch+1","Expertise+1"],"picked":"SKIP","floor":30},{"not_picked":["Choke","Sucker Punch"],"picked":"Predator","floor":31},{"not_picked":["Backflip","Reflex","Cloak And Dagger+1","Escape Plan+1"],"picked":"SKIP","floor":35},{"not_picked":["Dagger Spray","Dagger Throw+1","Endless Agony+1","Backflip"],"picked":"SKIP","floor":37},{"not_picked":["Quick Slash","Expertise","Reflex+1","Flying Knee+1"],"picked":"SKIP","floor":39},{"not_picked":["Choke+1","Finisher+1","Tools of the Trade"],"picked":"Catalyst+1","floor":40},{"not_picked":["PiercingWail+1","Dagger Throw","Caltrops+1","Bouncing Flask+1"],"picked":"SKIP","floor":41},{"not_picked":["Backflip","Outmaneuver","Dagger Spray+1","PiercingWail"],"picked":"SKIP","floor":48}],"player_experience":655139,"relics_obtained":[{"floor":9,"key":"Art of War"},{"floor":12,"key":"Ninja Scroll"},{"floor":20,"key":"Red Mask"},{"floor":26,"key":"Anchor"},{"floor":34,"key":"Strawberry"},{"floor":34,"key":"Question Card"},{"floor":34,"key":"StoneCalendar"},{"floor":40,"key":"Boot"},{"floor":43,"key":"Du-Vu Doll"},{"floor":46,"key":"Tingsha"}],"event_choices":[{"damage_healed":0,"gold_gain":0,"player_choice":"Entered Light","damage_taken":14,"max_hp_gain":0,"max_hp_loss":0,"event_name":"Shining Light","floor":2,"gold_loss":0,"cards_upgraded":["Defend_G","Strike_G"]},{"damage_healed":0,"gold_gain":175,"player_choice":"AGREE","damage_taken":0,"max_hp_gain":0,"max_hp_loss":0,"event_name":"Liars Game","floor":7,"gold_loss":0,"cards_obtained":["Doubt"]},{"cards_removed":["Doubt"],"damage_healed":0,"gold_gain":0,"player_choice":"Card Removal","damage_taken":7,"max_hp_gain":0,"max_hp_loss":0,"event_name":"Golden Wing","floor":14,"gold_loss":0},{"damage_healed":0,"gold_gain":0,"player_choice":"Fought Bandits","damage_taken":0,"max_hp_gain":0,"max_hp_loss":0,"event_name":"Masked Bandits","floor":20,"gold_loss":0},{"cards_removed":["After Image"],"damage_healed":0,"gold_gain":0,"player_choice":"Removed Power","damage_taken":0,"max_hp_gain":0,"max_hp_loss":0,"event_name":"Falling","floor":36,"gold_loss":0},{"damage_healed":19,"gold_gain":0,"player_choice":"Writhe","damage_taken":0,"max_hp_gain":0,"max_hp_loss":0,"event_name":"Winding Halls","floor":45,"gold_loss":0,"cards_obtained":["Writhe"]},{"damage_healed":0,"gold_gain":0,"player_choice":"Fight","damage_taken":0,"max_hp_gain":0,"max_hp_loss":0,"event_name":"MindBloom","floor":46,"gold_loss":0}],"is_beta":true,"boss_relics":[{"not_picked":["Runic Dome","Coffee Dripper"],"picked":"Pandora\u0027s Box"},{"not_picked":["Tiny House","HoveringKite"],"picked":"Calling Bell"}],"items_purged_floors":[19,38],"is_endless":false,"potions_floor_spawned":[4,8,10,12,20,22,33,35,40],"killed_by":"Awakened One","ascension_level":0}