{"gold_per_floor":[114,124,199,213,227,227,239,239,239,265,283,283,295,306,306,306],"floor_reached":16,"playtime":1094,"items_purged":[],"score":122,"play_id":"0d95ca03-a397-4700-9a0a-1b68d03af016","local_time":"20180813234113","is_ascension_mode":true,"campfire_choices":[{"data":"Pummel","floor":6,"key":"SMITH"},{"floor":8,"key":"REST"},{"data":"Heavy Blade","floor":15,"key":"SMITH"}],"neow_cost":"NONE","seed_source_timestamp":3894427449611763,"circlet_count":0,"master_deck":["Bash","Pummel+1","Dropkick","Havoc","Pommel Strike","Heavy Blade+1","Bloodletting","Body Slam","Rage","Warcry","Thunderclap","Headbutt","Intimidate","Sentinel","Warcry","Cleave","Pommel Strike","Twin Strike","Flex"],"relics":["Pandora\u0027s Box","Mummified Hand","Pantograph"],"potions_floor_usage":[16,16,16],"damage_taken":[{"damage":0,"enemies":"Small Slimes","floor":1,"turns":3},{"damage":6,"enemies":"2 Louse","floor":2,"turns":2},{"damage":0,"enemies":"Cultist","floor":4,"turns":2},{"damage":5,"enemies":"2 Fungi Beasts","floor":5,"turns":3},{"damage":5,"enemies":"Looter","floor":7,"turns":2},{"damage":32,"enemies":"3 Sentries","floor":10,"turns":7},{"damage":0,"enemies":"3 Louse","floor":11,"turns":2},{"damage":11,"enemies":"2 Fungi Beasts","floor":13,"turns":3},{"damage":11,"enemies":"Exordium Thugs","floor":14,"turns":3},{"damage":89,"enemies":"The Guardian","floor":16,"turns":11}],"seed_played":"5846827425370117471","potions_obtained":[{"floor":2,"key":"Ancient Potion"},{"floor":10,"key":"Poison Potion"},{"floor":11,"key":"AttackPotion"},{"floor":13,"key":"BloodPotion"}],"is_trial":false,"path_per_floor":["M","M","?","M","M","R","M","R","T","E","M","?","M","M","R"],"character_chosen":"IRONCLAD","items_purchased":[],"campfire_rested":1,"item_purchase_floors":[],"current_hp_per_floor":[80,74,63,63,58,58,53,77,77,45,45,71,60,49,49,0],"gold":306,"neow_bonus":"BOSS_RELIC","is_prod":false,"is_daily":false,"chose_seed":false,"campfire_upgraded":2,"win_rate":0,"timestamp":1534200073,"path_taken":["M","M","?","M","M","R","M","R","T","E","?","?","M","M","R","BOSS"],"build_version":"2018-08-09","purchased_purges":0,"victory":false,"max_hp_per_floor":[80,80,80,80,80,80,80,80,80,80,80,80,80,80,80,80],"card_choices":[{"not_picked":["Pommel Strike","Heavy Blade"],"picked":"Thunderclap","floor":1},{"not_picked":["Whirlwind","Perfected Strike"],"picked":"Headbutt","floor":2},{"not_picked":["Blood for Blood","Clash"],"picked":"Intimidate","floor":4},{"not_picked":["Clash","Body Slam"],"picked":"Sentinel","floor":5},{"not_picked":["Headbutt","Sever Soul"],"picked":"Warcry","floor":7},{"not_picked":["Entrench","Anger"],"picked":"Cleave","floor":10},{"not_picked":["Anger","Brutality"],"picked":"Pommel Strike","floor":11},{"not_picked":["Searing Blow","Dropkick"],"picked":"Twin Strike","floor":13},{"not_picked":["Clothesline","Pommel Strike"],"picked":"Flex","floor":14}],"player_experience":345379,"relics_obtained":[{"floor":9,"key":"Mummified Hand"},{"floor":10,"key":"Pantograph"}],"event_choices":[{"event_name":"World of Goop","player_choice":"Gather Gold","floor":3,"damage_taken":0},{"event_name":"Big Fish","player_choice":"Banana","floor":12,"damage_taken":0}],"is_beta":false,"boss_relics":[],"items_purged_floors":[],"is_endless":false,"potions_floor_spawned":[2,10,11,13,14],"killed_by":"The Guardian","ascension_level":3}