{"gold_per_floor":[114,128,148,159,159,189,189,223,249,267,281,281,119,146,146,220,220,232,147,47,47,65,65,79,79,151,162,189,189,289,300,300,373,373,388,292,292,309,309,337,337,367,367,146,175,275,310,321,321,321,321,321,321,21,21],"floor_reached":55,"playtime":5144,"items_purged":["Strike_G","Normality"],"score":2121,"play_id":"a969a2a3-f15c-4b3a-92bf-94eaae72d796","local_time":"20190317174557","is_ascension_mode":true,"campfire_choices":[{"data":"Footwork","floor":7.0,"key":"SMITH"},{"data":"Leg Sweep","floor":12.0,"key":"SMITH"},{"data":"Deadly Poison","floor":15.0,"key":"SMITH"},{"data":"Deadly Poison","floor":23.0,"key":"SMITH"},{"data":"Well Laid Plans","floor":25.0,"key":"SMITH"},{"data":"Neutralize","floor":29.0,"key":"SMITH"},{"floor":32.0,"key":"REST"},{"floor":41.0,"key":"RECALL"},{"data":"Dodge and Roll","floor":49.0,"key":"SMITH"},{"data":"Dodge and Roll","floor":53.0,"key":"SMITH"}],"neow_cost":"CURSE","seed_source_timestamp":342566719391937,"circlet_count":0,"master_deck":["AscendersBane","Defend_G","Defend_G+1","Defend_G","Defend_G","Defend_G","Survivor+1","Neutralize+1","Deadly Poison+1","Poisoned Stab","Footwork+1","Backstab","Leg Sweep+1","Flying Knee","Dodge and Roll+1","Deadly Poison+1","Dodge and Roll+1","Well Laid Plans+1","PiercingWail","Glass Knife","Deflect","Backflip+1","Backflip+1","Tactician+1","Blur+1","A Thousand Cuts+1","Well Laid Plans+1","Flash of Steel+1","Prepared+1","Footwork+1","Deadly Poison+1","Deflect+1","Noxious Fumes+1","Master of Strategy+1","Caltrops+1","PiercingWail+1"],"special_seed":0,"relics":["Ring of the Snake","Du-Vu Doll","Calipers","War Paint","Snake Skull","Pen Nib","Busted Crown","Pantograph","Molten Egg 2","Frozen Egg 2","Mango","Toxic Egg 2","Astrolabe","Mercury Hourglass","Anchor","Bottled Flame","Torii","Juzu Bracelet"],"potions_floor_usage":[],"damage_taken":[{"damage":2.0,"enemies":"Jaw Worm","floor":1.0,"turns":4.0},{"damage":1.0,"enemies":"Cultist","floor":2.0,"turns":3.0},{"damage":0.0,"enemies":"Small Slimes","floor":3.0,"turns":3.0},{"damage":1.0,"enemies":"Blue Slaver","floor":4.0,"turns":5.0},{"damage":14.0,"enemies":"Gremlin Nob","floor":6.0,"turns":4.0},{"damage":6.0,"enemies":"3 Sentries","floor":8.0,"turns":12.0},{"damage":2.0,"enemies":"Exordium Thugs","floor":10.0,"turns":6.0},{"damage":0.0,"enemies":"2 Fungi Beasts","floor":11.0,"turns":2.0},{"damage":0.0,"enemies":"Lagavulin","floor":14.0,"turns":9.0},{"damage":12.0,"enemies":"Hexaghost","floor":16.0,"turns":10.0},{"damage":2.0,"enemies":"Spheric Guardian","floor":18.0,"turns":5.0},{"damage":0.0,"enemies":"Chosen","floor":22.0,"turns":5.0},{"damage":0.0,"enemies":"Centurion and Healer","floor":24.0,"turns":7.0},{"damage":3.0,"enemies":"Snake Plant","floor":27.0,"turns":5.0},{"damage":1.0,"enemies":"Book of Stabbing","floor":28.0,"turns":5.0},{"damage":13.0,"enemies":"Colosseum Slavers","floor":30.0,"turns":5.0},{"damage":28.0,"enemies":"Colosseum Nobs","floor":30.0,"turns":7.0},{"damage":15.0,"enemies":"Shelled Parasite and Fungi","floor":31.0,"turns":6.0},{"damage":17.0,"enemies":"Collector","floor":33.0,"turns":14.0},{"damage":0.0,"enemies":"3 Darklings","floor":35.0,"turns":5.0},{"damage":0.0,"enemies":"3 Shapes","floor":38.0,"turns":5.0},{"damage":0.0,"enemies":"Nemesis","floor":40.0,"turns":9.0},{"damage":2.0,"enemies":"Giant Head","floor":42.0,"turns":9.0},{"damage":0.0,"enemies":"Nemesis","floor":45.0,"turns":7.0},{"damage":0.0,"enemies":"Mind Bloom Boss Battle","floor":46.0,"turns":7.0},{"damage":21.0,"enemies":"Reptomancer","floor":47.0,"turns":9.0},{"damage":0.0,"enemies":"Spire Growth","floor":48.0,"turns":6.0},{"damage":34.0,"enemies":"Awakened One","floor":50.0,"turns":21.0},{"damage":7.0,"enemies":"Donu and Deca","floor":51.0,"turns":14.0},{"damage":76,"enemies":"Shield and Spear","floor":55,"turns":4}],"seed_played":"5738213817932121048","potions_obtained":[{"floor":3.0,"key":"GhostInAJar"},{"floor":4.0,"key":"Strength Potion"},{"floor":10.0,"key":"Block Potion"},{"floor":22.0,"key":"Block Potion"},{"floor":27.0,"key":"AttackPotion"}],"is_trial":false,"path_per_floor":["M","M","M","M","?","E","R","E","T","M","M","R","$","E","R","B",null,"M","?","$","?","M","R","M","R","T","M","E","R","?","M","R","B",null,"M","$","?","M","?","E","R","E","T","$","E","?","E","M","R","B","B",null,"R","$","E"],"character_chosen":"THE_SILENT","items_purchased":["Well Laid Plans","Well Laid Plans+1","Explosive Potion","Footwork+1","Deadly Poison+1","Deflect+1","PowerPotion","Master of Strategy+1","Caltrops+1","PiercingWail+1"],"campfire_rested":1,"item_purchase_floors":[13,36,36,44,44,44,44,54,54,54],"current_hp_per_floor":[57,56,56,55,55,41,41,35,35,33,33,33,33,33,33,21,55,53,53,53,53,53,53,53,53,53,50,49,49,22,7,31,39,70,70,70,70,70,70,70,70,68,68,68,68,80,59,59,59,46,64,76,76,76,0],"gold":21,"neow_bonus":"ONE_RARE_RELIC","is_prod":false,"is_daily":false,"chose_seed":false,"campfire_upgraded":8,"win_rate":0,"timestamp":1552862757,"path_taken":["M","M","M","M","?","E","R","E","T","?","M","R","?","E","R","BOSS","M","?","$","?","M","R","M","R","T","M","E","R","?","?","R","BOSS","M","$","?","M","?","E","R","E","T","$","E","?","E","M","R","BOSS","BOSS","R","$","E"],"build_version":"2019-01-23","purchased_purges":2,"victory":false,"max_hp_per_floor":[66,66,66,66,66,66,66,66,66,66,66,66,66,66,66,66,66,66,66,66,66,66,66,66,66,66,66,66,66,80,80,80,80,80,80,80,80,80,80,80,80,80,80,80,80,80,80,80,80,80,80,80,80,80,80],"card_choices":[{"not_picked":["PiercingWail","Sucker Punch"],"picked":"Deadly Poison","floor":1.0},{"not_picked":["Underhanded Strike","Blade Dance"],"picked":"Poisoned Stab","floor":2.0},{"not_picked":["Sucker Punch","Slice"],"picked":"Footwork","floor":3.0},{"not_picked":["Deadly Poison","Escape Plan"],"picked":"Backstab","floor":4.0},{"not_picked":["Envenom","All Out Attack"],"picked":"Flying Knee","floor":6.0},{"not_picked":["Bane","Backflip"],"picked":"Dodge and Roll","floor":8.0},{"not_picked":["PiercingWail","Flying Knee"],"picked":"Deadly Poison","floor":10.0},{"not_picked":["Flying Knee","Acrobatics"],"picked":"Dodge and Roll","floor":11.0},{"not_picked":["Dash","Dagger Throw"],"picked":"PiercingWail","floor":14.0},{"not_picked":["Doppelganger","Phantasmal Killer"],"picked":"Glass Knife","floor":16.0},{"not_picked":[],"picked":"Deflect","floor":18.0},{"not_picked":["Slice"],"picked":"SKIP","floor":22.0},{"not_picked":["Finisher+1"],"picked":"SKIP","floor":24.0},{"not_picked":["Underhanded Strike+1"],"picked":"SKIP","floor":27.0},{"not_picked":["Unload+1"],"picked":"SKIP","floor":28.0},{"not_picked":["Unload+1"],"picked":"SKIP","floor":28.0},{"not_picked":[],"picked":"Backflip","floor":30.0},{"not_picked":[],"picked":"Backflip+1","floor":31.0},{"not_picked":["Flying Knee+1"],"picked":"SKIP","floor":35.0},{"not_picked":["Concentrate+1"],"picked":"SKIP","floor":38.0},{"not_picked":[],"picked":"Flash of Steel+1","floor":39.0},{"not_picked":["Eviscerate+1"],"picked":"SKIP","floor":40.0},{"not_picked":[],"picked":"Prepared+1","floor":42.0},{"not_picked":["Well Laid Plans+1"],"picked":"SKIP","floor":45.0},{"not_picked":["Endless Agony+1"],"picked":"SKIP","floor":47.0},{"not_picked":[],"picked":"Noxious Fumes+1","floor":48.0}],"player_experience":811090,"relics_obtained":[{"floor":6.0,"key":"Calipers"},{"floor":8.0,"key":"War Paint"},{"floor":9.0,"key":"Snake Skull"},{"floor":14.0,"key":"Pen Nib"},{"floor":26.0,"key":"Molten Egg 2"},{"floor":28.0,"key":"Frozen Egg 2"},{"floor":30.0,"key":"Mango"},{"floor":30.0,"key":"Toxic Egg 2"},{"floor":40.0,"key":"Mercury Hourglass"},{"floor":42.0,"key":"Anchor"},{"floor":45.0,"key":"Bottled Flame"},{"floor":46.0,"key":"Torii"},{"floor":47.0,"key":"Juzu Bracelet"}],"event_choices":[{"damage_healed":0.0,"max_hp_gain":0.0,"max_hp_loss":0.0,"gold_gain":0.0,"cards_transformed":["Strike_G"],"event_name":"Transmorgrifier","player_choice":"Transformed","floor":5.0,"gold_loss":0.0,"damage_taken":0.0,"cards_obtained":["Leg Sweep"]},{"damage_healed":0.0,"max_hp_gain":0.0,"max_hp_loss":0.0,"gold_gain":0.0,"event_name":"Addict","player_choice":"Obtained Relic","floor":19.0,"gold_loss":85.0,"damage_taken":0.0,"relics_obtained":["Pantograph"]},{"damage_healed":0.0,"max_hp_gain":0.0,"max_hp_loss":0.0,"gold_gain":0.0,"event_name":"Ghosts","player_choice":"Ignored","floor":21.0,"gold_loss":0.0,"damage_taken":0.0},{"damage_healed":0.0,"max_hp_gain":0.0,"max_hp_loss":0.0,"gold_gain":0.0,"event_name":"Colosseum","player_choice":"Fight","floor":30.0,"gold_loss":0.0,"damage_taken":0.0},{"damage_healed":0.0,"max_hp_gain":0.0,"max_hp_loss":0.0,"gold_gain":0.0,"event_name":"Colosseum","player_choice":"Fought Nobs","floor":30.0,"gold_loss":0.0,"damage_taken":0.0},{"damage_healed":0.0,"max_hp_gain":0.0,"max_hp_loss":0.0,"gold_gain":0.0,"event_name":"Tomb of Lord Red Mask","player_choice":"Ignored","floor":37.0,"gold_loss":0.0,"damage_taken":0.0},{"damage_healed":0.0,"max_hp_gain":0.0,"max_hp_loss":0.0,"gold_gain":0.0,"event_name":"SensoryStone","player_choice":"Memory 1","floor":39.0,"gold_loss":0.0,"damage_taken":0.0},{"damage_healed":0.0,"max_hp_gain":0.0,"max_hp_loss":0.0,"gold_gain":0.0,"event_name":"MindBloom","player_choice":"Fight","floor":46.0,"gold_loss":0.0,"damage_taken":0.0}],"is_beta":false,"boss_relics":[{"not_picked":["Lizard Tail","Runic Dome"],"picked":"Busted Crown"},{"not_picked":["Orrery","Coffee Dripper"],"picked":"Astrolabe"}],"items_purged_floors":[13,20],"is_endless":false,"potions_floor_spawned":[3,4,10,14,22,27,30,45,46,48],"killed_by":"Shield and Spear","ascension_level":20}