{"gold_per_floor":[114,114,114,129,14,44,44,59,59,74,74,74,74,104,104,204,204],"floor_reached":17,"playtime":479,"items_purged":[],"score":163,"play_id":"6078d586-fe1d-4764-8a53-576ed3864ab1","local_time":"20181025213614","daily_mods":["SealedDeck","Blue Cards","Lethality"],"is_ascension_mode":false,"campfire_choices":[{"data":"Whirlwind","floor":7,"key":"SMITH"},{"data":"Fusion","floor":11,"key":"SMITH"},{"data":"Loop","floor":13,"key":"SMITH"},{"data":"Pummel","floor":15,"key":"SMITH"}],"neow_cost":"","seed_source_timestamp":0,"circlet_count":0,"master_deck":["Disarm","Twin Strike","Cleave","Ghostly Armor","Sweeping Beam","Iron Wave","Turbo","Redo","Redo","Reinforced Body","Loop+1","Cleave","Whirlwind+1","Self Repair","Pummel+1","Fusion+1","Hello World","Meteor Strike"],"special_seed":17829,"relics":["Burning Blood","Singing Bowl","Bottled Lightning","Mummified Hand","Runic Pyramid"],"potions_floor_usage":[],"damage_taken":[{"damage":0,"enemies":"2 Louse","floor":1,"turns":1},{"damage":8,"enemies":"Small Slimes","floor":4,"turns":3},{"damage":4,"enemies":"Gremlin Nob","floor":6,"turns":3},{"damage":9,"enemies":"Jaw Worm","floor":8,"turns":2},{"damage":0,"enemies":"Lots of Slimes","floor":10,"turns":1},{"damage":12,"enemies":"3 Sentries","floor":14,"turns":3},{"damage":65,"enemies":"Hexaghost","floor":16,"turns":7}],"seed_played":"-5760803722143185132","potions_obtained":[{"floor":6,"key":"GamblersBrew"},{"floor":14,"key":"Explosive Potion"},{"floor":16,"key":"Dexterity Potion"}],"is_trial":false,"path_per_floor":["M","?","?","M","$","E","R","M","T","M","R","?","R","E","R","B"],"character_chosen":"IRONCLAD","items_purchased":["Whirlwind","Self Repair"],"campfire_rested":0,"item_purchase_floors":[5,5],"current_hp_per_floor":[80,80,80,78,78,80,80,82,82,82,82,82,82,76,76,17,82],"gold":204,"neow_bonus":"","is_prod":false,"is_daily":true,"chose_seed":false,"campfire_upgraded":4,"win_rate":0,"timestamp":1540499774,"path_taken":["M","?","?","M","$","E","R","M","T","?","R","?","R","E","R","BOSS"],"build_version":"2018-10-18","purchased_purges":0,"victory":false,"max_hp_per_floor":[80,80,80,80,80,80,80,82,82,82,82,82,82,82,82,82,82],"card_choices":[{"not_picked":["Capacitor","Shrug It Off"],"picked":"Loop","floor":1},{"not_picked":["Capacitor","Stack"],"picked":"Cleave","floor":4},{"not_picked":["Heavy Blade","Pommel Strike"],"picked":"Pummel","floor":6},{"not_picked":["Rebound","Leap","Warcry"],"picked":"Singing Bowl","floor":8},{"not_picked":["Clothesline","Brutality"],"picked":"Fusion","floor":10},{"not_picked":["Beam Cell","Intimidate"],"picked":"Hello World","floor":14},{"not_picked":["Thunder Strike","Feed"],"picked":"Meteor Strike","floor":16}],"player_experience":632691,"relics_obtained":[{"floor":6,"key":"Singing Bowl"},{"floor":9,"key":"Bottled Lightning"},{"floor":14,"key":"Mummified Hand"}],"event_choices":[{"damage_healed":0,"gold_gain":0,"player_choice":"Leave","damage_taken":0,"max_hp_gain":0,"max_hp_loss":0,"event_name":"The Cleric","floor":2,"gold_loss":0},{"damage_healed":0,"gold_gain":0,"player_choice":"Fled","damage_taken":0,"max_hp_gain":0,"max_hp_loss":0,"event_name":"Scrap Ooze","floor":3,"gold_loss":0},{"damage_healed":0,"gold_gain":0,"player_choice":"Ignored","damage_taken":0,"max_hp_gain":0,"max_hp_loss":0,"event_name":"Liars Game","floor":12,"gold_loss":0}],"is_beta":false,"boss_relics":[{"not_picked":["Cursed Key","Fusion Hammer"],"picked":"Runic Pyramid"}],"items_purged_floors":[],"is_endless":false,"potions_floor_spawned":[6,14,16],"ascension_level":0}