{"gold_per_floor":[113,113,113,113,130,130,162,182,209,226,16,29,29,48,48,165,165,180,180,26,37,57,57,57,57,82,93,106,106,106,120,120,222,222,239,285,12,23,23,23,41,51,51,51,67,67,67,78,78,173,173,191,1,16,38,38,72,92,106,106,106,119,138,156,168,168,266,266,279,279,312,20,40,56,56,6,33,33,53,53,353,367,367,471,471,485,485,37,37,37,37,47,47,76,76,76,3,3,3,3,3],"floor_reached":101,"playtime":10767,"items_purged":["Decay"],"score":2041,"play_id":"a8de2de8-52c5-4b5a-bf5d-e42b65aa7eb2","local_time":"20180903200409","is_ascension_mode":false,"campfire_choices":[{"data":"Zap","floor":6,"key":"SMITH"},{"data":"Magnetism","floor":13,"key":"SMITH"},{"data":"Hologram","floor":15,"key":"SMITH"},{"data":"Amplify","floor":23,"key":"SMITH"},{"data":"Cold Snap","floor":25,"key":"SMITH"},{"data":"White Noise","floor":32,"key":"SMITH"},{"data":"Hologram","floor":40,"key":"SMITH"},{"data":"RitualDagger","floor":47,"key":"SMITH"},{"floor":49,"key":"DIG"},{"floor":61,"key":"DIG"},{"floor":66,"key":"DIG"},{"floor":75,"key":"DIG"},{"floor":80,"key":"DIG"},{"floor":83,"key":"DIG"},{"floor":91,"key":"DIG"},{"floor":96,"key":"DIG"},{"floor":98,"key":"DIG"},{"floor":100,"key":"DIG"}],"neow_cost":"","seed_source_timestamp":0,"circlet_count":0,"master_deck":["Strike_B+1","Strike_B+1","Strike_B+1","Strike_B+1","Defend_B+1","Defend_B+1","Defend_B+1","Defend_B+1","Zap+1","Dualcast","Self Repair","Mind Blast+1","Cold Snap","Self Repair","Ball Lightning","Hologram+1","Turbo","Magnetism+1","Steam","Amplify+1","Cold Snap+1","Chill","Ball Lightning","White Noise+1","Melter","RitualDagger+1","Fission","Echo Form","Self Repair+1","Stack+1","Hologram+1","Madness","Madness","Doom and Gloom+1","Thunder Strike","Turbo+1","Panacea","Hologram","Beam Cell","Capacitor","Redo","Ball Lightning","Cold Snap","Aggregate","Tempest","Sweeping Beam","Machine Learning","Self Repair","Beam Cell","Hologram","Coolheaded","Defragment","All For One","Go for the Eyes","Dark Shackles","Electrodynamics","White Noise","Conserve Battery","Cold Snap","Hello World+1","Conserve Battery","Defragment","Self Repair","Shame","Leap+1","Buffer","Turbo","Turbo","Capacitor","Gash+1","Buffer","Double Energy","Blizzard","Barrage","Hologram","Apotheosis","Trip","Apotheosis"],"relics":["Cracked Core","Oddly Smooth Stone","Letter Opener","Whetstone","Cursed Key","DataDisk","Happy Flower","Enchiridion","Lizard Tail","Shovel","Toy Ornithopter","Symbiotic Virus","Eternal Feather","Odd Mushroom","Anchor","Nunchaku","Strawberry","Nuclear Battery","Red Mask","Bottled Lightning","Dead Branch","Bag of Marbles","Old Coin","Gambling Chip","HandDrill","Pen Nib","Juzu Bracelet","Bird Faced Urn","Regal Pillow","Frozen Egg 2","Peace Pipe"],"potions_floor_usage":[33,36,42,42,50,50,67,101,101,101],"damage_taken":[{"damage":15,"enemies":"Small Slimes","floor":1,"turns":4},{"damage":0,"enemies":"Cultist","floor":5,"turns":3},{"damage":12,"enemies":"3 Sentries","floor":7,"turns":8},{"damage":0,"enemies":"2 Louse","floor":8,"turns":1},{"damage":0,"enemies":"Gremlin Gang","floor":10,"turns":4},{"damage":15,"enemies":"Exordium Wildlife","floor":12,"turns":4},{"damage":0,"enemies":"2 Fungi Beasts","floor":14,"turns":2},{"damage":6,"enemies":"Slime Boss","floor":16,"turns":7},{"damage":21,"enemies":"3 Byrds","floor":18,"turns":5},{"damage":10,"enemies":"2 Thieves","floor":21,"turns":4},{"damage":5,"enemies":"Snecko","floor":22,"turns":5},{"damage":16,"enemies":"Colosseum Slavers","floor":24,"turns":4},{"damage":0,"enemies":"3 Cultists","floor":27,"turns":5},{"damage":0,"enemies":"Centurion and Healer","floor":28,"turns":7},{"damage":3,"enemies":"Chosen and Byrds","floor":31,"turns":5},{"damage":33,"enemies":"Collector","floor":33,"turns":12},{"damage":9,"enemies":"Orb Walker","floor":35,"turns":3},{"damage":16,"enemies":"Mysterious Sphere","floor":36,"turns":4},{"damage":23,"enemies":"3 Darklings","floor":38,"turns":8},{"damage":6,"enemies":"Sphere and 2 Shapes","floor":41,"turns":2},{"damage":23,"enemies":"Reptomancer","floor":42,"turns":6},{"damage":54,"enemies":"Maw","floor":45,"turns":8},{"damage":7,"enemies":"3 Darklings","floor":48,"turns":2},{"damage":109,"enemies":"Donu and Deca","floor":50,"turns":10},{"damage":0,"enemies":"Small Slimes","floor":52,"turns":2},{"damage":0,"enemies":"Cultist","floor":54,"turns":3},{"damage":0,"enemies":"The Mushroom Lair","floor":55,"turns":1},{"damage":4,"enemies":"3 Sentries","floor":57,"turns":5},{"damage":0,"enemies":"2 Louse","floor":58,"turns":2},{"damage":0,"enemies":"Looter","floor":59,"turns":1},{"damage":2,"enemies":"3 Louse","floor":62,"turns":2},{"damage":0,"enemies":"Exordium Thugs","floor":63,"turns":2},{"damage":0,"enemies":"Lots of Slimes","floor":64,"turns":2},{"damage":0,"enemies":"Large Slime","floor":65,"turns":2},{"damage":74,"enemies":"Hexaghost","floor":67,"turns":5},{"damage":0,"enemies":"Spheric Guardian","floor":69,"turns":1},{"damage":0,"enemies":"Masked Bandits","floor":71,"turns":2},{"damage":0,"enemies":"Chosen","floor":73,"turns":2},{"damage":0,"enemies":"3 Cultists","floor":74,"turns":3},{"damage":0,"enemies":"Slavers","floor":77,"turns":2},{"damage":0,"enemies":"Cultist and Chosen","floor":79,"turns":2},{"damage":0,"enemies":"Shelled Parasite and Fungi","floor":82,"turns":2},{"damage":28,"enemies":"Collector","floor":84,"turns":5},{"damage":0,"enemies":"3 Darklings","floor":86,"turns":1},{"damage":0,"enemies":"Orb Walker","floor":92,"turns":1},{"damage":0,"enemies":"Mind Bloom Boss Battle","floor":93,"turns":1},{"damage":0,"enemies":"Nemesis","floor":94,"turns":5},{"damage":112,"enemies":"Awakened One","floor":101,"turns":7}],"seed_played":"-5297327783388920280","potions_obtained":[{"floor":5,"key":"FocusPotion"},{"floor":12,"key":"Swift Potion"},{"floor":14,"key":"Regen Potion"},{"floor":33,"key":"AttackPotion"},{"floor":41,"key":"FearPotion"},{"floor":42,"key":"Regen Potion"},{"floor":50,"key":"Weak Potion"},{"floor":55,"key":"Swift Potion"},{"floor":57,"key":"AttackPotion"},{"floor":69,"key":"Block Potion"},{"floor":82,"key":"LiquidBronze"}],"is_trial":true,"path_per_floor":["M","?","?","?","M","R","E","M","T","M","$","M","R","M","R","B",null,"M","?","$","M","M","R","?","R","T","M","M","?","?","M","R","B",null,"M","?","$","M","?","R","M","M","T","$","M","?","R","M","R","B",null,"M","$","M","?","?","E","M","M","T","R","M","M","M","M","R","B",null,"M","?","?","$","M","M","R","$","E","$","M","R","?","M","R","B",null,"M","?","$","?","$","R","M","?","E","?","R","$","R","?","R"],"character_chosen":"DEFECT","items_purchased":["Magnetism","DataDisk","Toy Ornithopter","Capacitor","Redo","Ball Lightning","Cold Snap","Bottled Lightning","Conserve Battery","Conserve Battery","Turbo","HandDrill","Pen Nib","Capacitor","Barrage","Hologram"],"campfire_rested":0,"item_purchase_floors":[11,20,37,53,53,53,53,72,72,76,88,88,88,88,97,97],"current_hp_per_floor":[60,48,48,48,55,55,57,57,57,71,71,70,70,70,70,64,75,68,68,68,75,75,75,75,75,75,75,75,69,53,57,57,45,75,66,67,67,75,66,66,67,75,75,75,52,52,52,55,55,30,75,75,75,75,75,72,75,75,75,75,75,75,75,75,75,82,27,82,82,82,82,82,82,82,82,82,82,82,82,82,82,82,82,74,82,82,82,82,92,92,92,92,92,92,92,92,92,92,82,92,0],"gold":3,"neow_bonus":"","is_prod":false,"is_daily":false,"chose_seed":false,"campfire_upgraded":8,"win_rate":0,"timestamp":1536001449,"path_taken":["M","?","?","?","M","R","E","M","T","?","$","M","R","M","R","BOSS","M","?","$","?","M","R","?","R","T","M","M","?","?","M","R","BOSS","M","?","$","M","?","R","M","M","T","$","M","?","R","?","R","BOSS","M","$","M","?","?","E","M","M","T","R","?","M","?","M","R","BOSS","M","?","?","?","M","M","R","$","E","$","M","R","?","?","R","BOSS","M","?","$","?","$","R","M","?","E","?","R","$","R","?","R","BOSS"],"build_version":"2018-08-30","purchased_purges":1,"victory":false,"max_hp_per_floor":[75,75,75,75,75,75,75,75,75,75,75,75,75,75,75,75,75,75,75,75,75,75,75,75,75,75,75,75,75,75,75,75,75,75,75,75,75,75,75,75,75,75,75,75,75,75,75,75,75,75,75,75,75,75,75,75,75,75,75,75,75,75,75,75,75,82,82,82,82,82,82,82,82,82,82,82,82,82,82,82,82,82,82,82,82,82,82,82,92,92,92,92,92,92,92,92,92,92,92,92,92],"card_choices":[{"not_picked":["Conserve Battery","Cold Snap"],"picked":"Self Repair","floor":1},{"not_picked":["Cold Snap","Fusion"],"picked":"Self Repair","floor":5},{"not_picked":["Skim","Hyperbeam"],"picked":"Ball Lightning","floor":7},{"not_picked":["Rip and Tear","Stack"],"picked":"Hologram","floor":8},{"not_picked":["Go for the Eyes","Redo"],"picked":"Turbo","floor":10},{"not_picked":["Barrage","Biased Cognition"],"picked":"Steam","floor":12},{"not_picked":["Redo","Leap"],"picked":"Cold Snap","floor":14},{"not_picked":["Thunder Strike","Fission"],"picked":"Amplify","floor":16},{"not_picked":["Barrage","Steam"],"picked":"Cold Snap","floor":18},{"not_picked":["Sweeping Beam","Go for the Eyes"],"picked":"Chill","floor":21},{"not_picked":["Go for the Eyes","Leap"],"picked":"Ball Lightning","floor":22},{"not_picked":["Fusion","Cold Snap"],"picked":"White Noise","floor":27},{"not_picked":["Reprogram","Coolheaded"],"picked":"Melter","floor":28},{"not_picked":["Stack","Sweeping Beam"],"picked":"Fission","floor":31},{"not_picked":["Thunder Strike","Fission"],"picked":"Echo Form","floor":33},{"not_picked":["Leap+1","Cold Snap+1"],"picked":"Self Repair+1","floor":35},{"not_picked":["Gash","Sunder"],"picked":"Stack+1","floor":36},{"not_picked":["Coolheaded+1","Cold Snap"],"picked":"Hologram","floor":38},{"not_picked":["Conserve Battery","Go for the Eyes"],"picked":"Doom and Gloom+1","floor":41},{"not_picked":["Streamline+1","Darkness"],"picked":"Thunder Strike","floor":42},{"not_picked":["Steam+1","Multi-Cast"],"picked":"Turbo+1","floor":45},{"not_picked":["Madness","Dramatic Entrance"],"picked":"Panacea","floor":46},{"not_picked":["Redo","Reprogram"],"picked":"Hologram","floor":48},{"not_picked":["Fission","Rainbow"],"picked":"Meteor Strike","floor":50},{"not_picked":["Chaos","Rip and Tear"],"picked":"Beam Cell","floor":52},{"not_picked":["Streamline","Stack"],"picked":"Aggregate","floor":54},{"not_picked":["Redo","Skim"],"picked":"Tempest","floor":55},{"not_picked":["Streamline","Rebound"],"picked":"Sweeping Beam","floor":57},{"not_picked":["Rebound","Sweeping Beam"],"picked":"Machine Learning","floor":58},{"not_picked":["Doom and Gloom","Blizzard"],"picked":"Self Repair","floor":59},{"not_picked":["Streamline","Stack"],"picked":"Beam Cell","floor":62},{"not_picked":["Streamline","Beam Cell"],"picked":"Hologram","floor":63},{"not_picked":["Hologram","Scrape"],"picked":"Coolheaded","floor":64},{"not_picked":["Rebound","Coolheaded"],"picked":"Defragment","floor":65},{"not_picked":["Biased Cognition","Echo Form"],"picked":"All For One","floor":67},{"not_picked":["Compile Driver","Lockon"],"picked":"Go for the Eyes","floor":69},{"not_picked":["Ball Lightning+1","Streamline+1"],"picked":"White Noise","floor":71},{"not_picked":["Steam Power","Rebound+1"],"picked":"Cold Snap","floor":73},{"not_picked":["Leap","Barrage+1"],"picked":"Hello World+1","floor":74},{"not_picked":["Echo Form","Reprogram"],"picked":"Defragment","floor":77},{"not_picked":["Hologram+1","Gash"],"picked":"Self Repair","floor":79},{"not_picked":["Rip and Tear","Barrage"],"picked":"Leap+1","floor":82},{"not_picked":["Machine Learning","All For One"],"picked":"Buffer","floor":84},{"not_picked":["Gash+1","Ball Lightning"],"picked":"Turbo","floor":86},{"not_picked":["Cold Snap+1","Steam+1"],"picked":"Gash+1","floor":92},{"not_picked":["Coolheaded+1","Sweeping Beam+1"],"picked":"Buffer","floor":93},{"not_picked":["Rebound","Blizzard+1"],"picked":"Double Energy","floor":94},{"not_picked":["Jack Of All Trades","PanicButton"],"picked":"Apotheosis","floor":99},{"not_picked":["Good Instincts","Dramatic Entrance"],"picked":"Trip","floor":99},{"not_picked":["Thinking Ahead","Swift Strike"],"picked":"Apotheosis","floor":99}],"player_experience":496238,"relics_obtained":[{"floor":7,"key":"Letter Opener"},{"floor":9,"key":"Whetstone"},{"floor":26,"key":"Happy Flower"},{"floor":30,"key":"Enchiridion"},{"floor":36,"key":"Shovel"},{"floor":49,"key":"Symbiotic Virus"},{"floor":55,"key":"Odd Mushroom"},{"floor":61,"key":"Nunchaku"},{"floor":66,"key":"Strawberry"},{"floor":71,"key":"Red Mask"},{"floor":75,"key":"Dead Branch"},{"floor":80,"key":"Bag of Marbles"},{"floor":83,"key":"Gambling Chip"},{"floor":91,"key":"Juzu Bracelet"},{"floor":93,"key":"Bird Faced Urn"},{"floor":96,"key":"Regal Pillow"},{"floor":98,"key":"Frozen Egg 2"},{"floor":100,"key":"Peace Pipe"}],"event_choices":[{"event_name":"Scrap Ooze","player_choice":"success","floor":2,"damage_taken":12},{"event_name":"Match and Keep!","player_choice":"2 cards matched","floor":3,"damage_taken":0},{"event_name":"Living Wall","player_choice":"Grow","floor":4,"damage_taken":0},{"event_name":"Back to Basics","player_choice":"Simplicity","floor":19,"damage_taken":0},{"event_name":"Colosseum","player_choice":"Fight","floor":24,"damage_taken":0},{"event_name":"Colosseum","player_choice":"Fled From Nobs","floor":24,"damage_taken":0},{"event_name":"Nest","player_choice":"Joined the Cult","floor":29,"damage_taken":0},{"event_name":"Cursed Tome","player_choice":"Obtained Book","floor":30,"damage_taken":0},{"event_name":"Mysterious Sphere","player_choice":"Fight","floor":36,"damage_taken":0},{"event_name":"Winding Halls","player_choice":"Embrace Madness","floor":39,"damage_taken":0},{"event_name":"SensoryStone","player_choice":"Memory 1","floor":46,"damage_taken":0},{"event_name":"Mushrooms","player_choice":"Fought Mushrooms","floor":55,"damage_taken":0},{"event_name":"Scrap Ooze","player_choice":"success","floor":56,"damage_taken":3},{"event_name":"Match and Keep!","player_choice":"2 cards matched","floor":70,"damage_taken":0},{"event_name":"Masked Bandits","player_choice":"Fought Bandits","floor":71,"damage_taken":0},{"event_name":"Addict","player_choice":"Stole Relic","floor":81,"damage_taken":0},{"event_name":"SecretPortal","player_choice":"Rejected Portal.","floor":87,"damage_taken":0},{"event_name":"Bonfire Elementals","player_choice":"RARE","floor":89,"damage_taken":0},{"event_name":"MindBloom","player_choice":"Fight","floor":93,"damage_taken":0},{"event_name":"Transmorgrifier","player_choice":"Transform","floor":95,"damage_taken":0},{"event_name":"SensoryStone","player_choice":"Memory 3","floor":99,"damage_taken":0}],"is_beta":false,"boss_relics":[{"not_picked":["Ectoplasm","Astrolabe"],"picked":"Cursed Key"},{"not_picked":["Philosopher\u0027s Stone","Coffee Dripper"],"picked":"Lizard Tail"},{"not_picked":["Velvet Choker","Runic Pyramid"],"picked":"Eternal Feather"},{"not_picked":["Runic Pyramid","Sozu"],"picked":"Nuclear Battery"},{"not_picked":["Pandora\u0027s Box","Velvet Choker","Astrolabe"]}],"items_purged_floors":[37],"is_endless":true,"potions_floor_spawned":[5,12,14,16,27,31,33,41,42,50,55,57,58,62,65,69,77,79,82,94],"killed_by":"Awakened One","ascension_level":0}