{"gold_per_floor":[114,131,41,60,73,73,86,86,86,102,130,130,161,161,161,252,252,277,297,171,171],"floor_reached":21,"playtime":1583,"items_purged":["Perfected Strike"],"score":363,"play_id":"d4249dae-6c94-4c5b-8f09-4fd570b9e4b5","local_time":"20190327152112","is_ascension_mode":true,"campfire_choices":[{"data":"Uppercut","floor":6,"key":"SMITH"},{"data":"Disarm","floor":8,"key":"SMITH"},{"data":"Bash","floor":12,"key":"SMITH"},{"floor":15,"key":"REST"}],"neow_cost":"NONE","seed_source_timestamp":1113360734517,"circlet_count":0,"master_deck":["AscendersBane","Strike_R","Strike_R","Strike_R","Defend_R","Defend_R","Defend_R","Defend_R","Bash+1","Disarm+1","Uppercut+1","Flame Barrier","Shrug It Off","Exhume","Flame Barrier","Exhume","Warcry"],"relics":["Burning Blood","Dream Catcher","PreservedInsect","Ornamental Fan","Golden Idol","Empty Cage"],"potions_floor_usage":[7,13,21],"damage_taken":[{"damage":7,"enemies":"Cultist","floor":1,"turns":4},{"damage":10,"enemies":"Small Slimes","floor":2,"turns":3},{"damage":9,"enemies":"Jaw Worm","floor":4,"turns":4},{"damage":13,"enemies":"Gremlin Gang","floor":5,"turns":6},{"damage":6,"enemies":"Exordium Thugs","floor":7,"turns":5},{"damage":4,"enemies":"Large Slime","floor":10,"turns":7},{"damage":25,"enemies":"Lagavulin","floor":11,"turns":7},{"damage":22,"enemies":"3 Sentries","floor":13,"turns":8},{"damage":17,"enemies":"The Guardian","floor":16,"turns":16},{"damage":35,"enemies":"Shell Parasite","floor":18,"turns":16},{"damage":16,"enemies":"Chosen","floor":19,"turns":8},{"damage":5,"enemies":"Centurion and Healer","floor":21,"turns":4}],"seed_played":"-4920689011407574260","potions_obtained":[{"floor":1,"key":"GamblersBrew"},{"floor":4,"key":"LiquidBronze"},{"floor":5,"key":"Block Potion"},{"floor":7,"key":"Swift Potion"}],"is_trial":false,"path_per_floor":["M","M","$","M","M","R","M","R","T","M","E","R","E","?","R","B",null,"M","M","$","M"],"character_chosen":"IRONCLAD","items_purchased":["Uppercut","Warcry"],"campfire_rested":1,"item_purchase_floors":[3,20],"current_hp_per_floor":[67,63,63,60,53,53,53,53,53,55,36,36,20,20,40,29,58,29,19,19,14],"gold":171,"neow_bonus":"THREE_CARDS","is_prod":false,"is_daily":false,"chose_seed":false,"campfire_upgraded":3,"win_rate":0,"timestamp":1553696472,"path_taken":["M","M","$","M","M","R","?","R","T","M","E","R","E","?","R","BOSS","M","M","$","M"],"build_version":"2019-01-23","purchased_purges":1,"victory":false,"max_hp_per_floor":[75,75,75,75,75,75,75,75,75,75,75,75,75,68,68,68,68,68,68,68,68],"card_choices":[{"not_picked":["Searing Blow","Anger"],"picked":"Perfected Strike","floor":1},{"not_picked":["Hemokinesis","Twin Strike"],"picked":"Disarm","floor":2},{"not_picked":["True Grit","Cleave","Anger"],"picked":"SKIP","floor":4},{"not_picked":["Exhume","Armaments"],"picked":"Flame Barrier","floor":5},{"not_picked":["Heavy Blade","Clothesline"],"picked":"Shrug It Off","floor":7},{"not_picked":["Wild Strike","Flex","True Grit"],"picked":"SKIP","floor":10},{"not_picked":["Warcry","Anger"],"picked":"Exhume","floor":11},{"not_picked":["Reckless Charge","Heavy Blade"],"picked":"Flame Barrier","floor":13},{"not_picked":["Impervious","Dark Embrace"],"picked":"Exhume","floor":16},{"not_picked":["Reckless Charge","Clash","Pommel Strike"],"picked":"SKIP","floor":18},{"not_picked":["Thunderclap","True Grit","Intimidate+1"],"picked":"SKIP","floor":19}],"player_experience":800119,"relics_obtained":[{"floor":9,"key":"Dream Catcher"},{"floor":11,"key":"PreservedInsect"},{"floor":13,"key":"Ornamental Fan"}],"event_choices":[{"damage_healed":0,"gold_gain":0,"player_choice":"Lose Max HP","damage_taken":0,"relics_obtained":["Golden Idol"],"max_hp_gain":0,"max_hp_loss":7,"event_name":"Golden Idol","floor":14,"gold_loss":0}],"is_beta":false,"boss_relics":[{"not_picked":["Pandora\u0027s Box","Tiny House"],"picked":"Empty Cage"}],"items_purged_floors":[20],"is_endless":false,"potions_floor_spawned":[1,4,5,7],"killed_by":"Centurion and Healer","ascension_level":18}