{"gold_per_floor":[116,127,127,127,141,141,159,169,169,169,169,139,68,68,68,68],"floor_reached":16,"playtime":682,"items_purged":[],"score":90,"play_id":"edad0e6e-edae-4d13-9a77-5cd6996aec4b","local_time":"20181019190200","is_ascension_mode":false,"campfire_choices":[{"data":"Dualcast","floor":6,"key":"SMITH"},{"data":"Hologram","floor":11,"key":"SMITH"},{"data":"Creative AI","floor":15,"key":"SMITH"}],"neow_cost":"NONE","seed_source_timestamp":2076737941545745,"circlet_count":0,"master_deck":["Strike_B","Strike_B","Strike_B","Strike_B","Defend_B","Defend_B","Defend_B","Defend_B","Zap+1","Dualcast+1","Leap","Turbo","Self Repair","Hologram+1","Double Energy","Sweeping Beam","Creative AI+1"],"relics":["Cracked Core","Question Card"],"potions_floor_usage":[16],"damage_taken":[{"damage":6,"enemies":"Jaw Worm","floor":1,"turns":3},{"damage":0,"enemies":"Cultist","floor":2,"turns":3},{"damage":0,"enemies":"Small Slimes","floor":5,"turns":2},{"damage":2,"enemies":"Blue Slaver","floor":7,"turns":3},{"damage":6,"enemies":"Lots of Slimes","floor":8,"turns":5},{"damage":0,"enemies":"Looter","floor":12,"turns":4},{"damage":75,"enemies":"Hexaghost","floor":16,"turns":11}],"seed_played":"-1747976166660354577","potions_obtained":[{"floor":1,"key":"Dexterity Potion"},{"floor":7,"key":"FearPotion"},{"floor":14,"key":"PowerPotion"}],"is_trial":false,"path_per_floor":["M","M","?","?","M","R","M","M","T","?","R","M","$","?","R"],"character_chosen":"DEFECT","items_purchased":["Creative AI"],"campfire_rested":0,"item_purchase_floors":[13],"current_hp_per_floor":[69,69,75,75,75,75,75,75,75,75,75,75,75,75,75,0],"gold":68,"neow_bonus":"RANDOM_COLORLESS","is_prod":false,"is_daily":false,"chose_seed":false,"campfire_upgraded":3,"win_rate":0,"timestamp":1539972120,"path_taken":["M","M","?","?","M","R","M","M","T","?","R","M","$","?","R","BOSS"],"build_version":"2018-10-18","purchased_purges":0,"victory":false,"max_hp_per_floor":[75,75,75,75,75,75,75,75,75,75,75,75,75,75,75,75],"card_choices":[{"not_picked":["Skim","Steam"],"picked":"Leap","floor":1},{"not_picked":["Leap","Genetic Algorithm"],"picked":"Turbo","floor":2},{"not_picked":["Sweeping Beam","Hologram"],"picked":"Self Repair","floor":5},{"not_picked":["Go for the Eyes","Streamline"],"picked":"Hologram","floor":7},{"not_picked":["Undo","Conserve Battery"],"picked":"Double Energy","floor":8},{"not_picked":["Gash","Conserve Battery","Rebound"],"picked":"Sweeping Beam","floor":12}],"player_experience":593289,"relics_obtained":[{"floor":9,"key":"Question Card"}],"event_choices":[{"cards_removed":["Forethought"],"damage_healed":6,"gold_gain":0,"player_choice":"Offered Uncommon","damage_taken":0,"max_hp_gain":0,"max_hp_loss":0,"event_name":"Bonfire Elementals","floor":3,"gold_loss":0},{"damage_healed":0,"gold_gain":0,"player_choice":"Upgraded","damage_taken":0,"max_hp_gain":0,"max_hp_loss":0,"event_name":"Upgrade Shrine","floor":4,"gold_loss":0,"cards_upgraded":["Zap"]},{"damage_healed":0,"gold_gain":0,"player_choice":"Ignored","damage_taken":0,"max_hp_gain":0,"max_hp_loss":0,"event_name":"Liars Game","floor":10,"gold_loss":0},{"damage_healed":0,"gold_gain":0,"player_choice":"Got Potions","damage_taken":0,"max_hp_gain":0,"max_hp_loss":0,"event_name":"The Lab","floor":14,"gold_loss":0}],"is_beta":false,"boss_relics":[],"items_purged_floors":[],"is_endless":false,"potions_floor_spawned":[1,7],"killed_by":"Hexaghost","ascension_level":0}