{"gold_per_floor":[117,130,208,228,1,32,32,51,76,103,114,114,114,126,126,200,200,217,227,237,237,249,277,277,308,331,331,347,366,396,104,104,179,179,195,195,195,210,227,253,353,353,353,378,378,389,405,418,418,418,418,418,418,8,42,42],"floor_reached":56,"playtime":7425,"items_purged":["Strike_B"],"score":2237,"play_id":"91fd2f05-32b8-400a-b708-c57074e3fe4c","local_time":"20190323184358","is_ascension_mode":true,"campfire_choices":[{"data":"Sunder","floor":7.0,"key":"SMITH"},{"floor":12.0,"key":"REST"},{"data":"Zap","floor":15.0,"key":"SMITH"},{"floor":24.0,"key":"REST"},{"data":"Seek","floor":27.0,"key":"SMITH"},{"floor":32.0,"key":"REST"},{"floor":42.0,"key":"REST"},{"floor":45.0,"key":"RECALL"},{"floor":49.0,"key":"REST"},{"data":"Loop","floor":53.0,"key":"SMITH"}],"neow_cost":"NONE","seed_source_timestamp":0,"circlet_count":0,"master_deck":["AscendersBane","Defend_B","Defend_B","Defend_B","Defend_B","Zap+1","Dualcast+1","Seek+1","Gash","Streamline","Sunder+1","Reboot","Steam","Cold Snap","Cold Snap","Leap","Seek+1","Doom and Gloom","Capacitor+1","FTL","Reinforced Body+1","Reboot","Doom and Gloom","Steam+1","Turbo+1","White Noise+1","Panacea+1","White Noise+1","Steam+1","Buffer","Conserve Battery+1","Hyperbeam+1","Core Surge+1","Barrage+1","Consume+1","Barrage","Barrage","Undo+1","Loop+1","Fission+1","Hello World+1"],"special_seed":0,"relics":["FrozenCore","PreservedInsect","War Paint","Regal Pillow","Omamori","Anchor","MutagenicStrength","Sundial","Toxic Egg 2","Strawberry","Pen Nib","Astrolabe","Blue Candle","Ice Cream","Vajra","Cables","Gremlin Horn"],"potions_floor_usage":[56,56],"damage_taken":[{"damage":1.0,"enemies":"Cultist","floor":1.0,"turns":3.0},{"damage":7.0,"enemies":"Small Slimes","floor":2.0,"turns":3.0},{"damage":2.0,"enemies":"Jaw Worm","floor":4.0,"turns":4.0},{"damage":25.0,"enemies":"Lagavulin","floor":6.0,"turns":7.0},{"damage":0.0,"enemies":"2 Fungi Beasts","floor":8.0,"turns":2.0},{"damage":10.0,"enemies":"3 Sentries","floor":10.0,"turns":3.0},{"damage":12.0,"enemies":"Exordium Wildlife","floor":11.0,"turns":5.0},{"damage":0.0,"enemies":"Looter","floor":14.0,"turns":2.0},{"damage":25.0,"enemies":"The Guardian","floor":16.0,"turns":11.0},{"damage":8.0,"enemies":"2 Thieves","floor":18.0,"turns":3.0},{"damage":13.0,"enemies":"3 Byrds","floor":19.0,"turns":7.0},{"damage":16.0,"enemies":"Snecko","floor":20.0,"turns":6.0},{"damage":2.0,"enemies":"Centurion and Healer","floor":22.0,"turns":7.0},{"damage":2.0,"enemies":"Slavers","floor":23.0,"turns":7.0},{"damage":22.0,"enemies":"Gremlin Leader","floor":25.0,"turns":5.0},{"damage":2.0,"enemies":"3 Cultists","floor":28.0,"turns":5.0},{"damage":17.0,"enemies":"Snake Plant","floor":29.0,"turns":5.0},{"damage":0.0,"enemies":"Slavers","floor":30.0,"turns":3.0},{"damage":0.0,"enemies":"Champ","floor":33.0,"turns":18.0},{"damage":0.0,"enemies":"3 Darklings","floor":35.0,"turns":1.0},{"damage":0.0,"enemies":"Orb Walker","floor":38.0,"turns":5.0},{"damage":0.0,"enemies":"3 Darklings","floor":39.0,"turns":1.0},{"damage":46.0,"enemies":"Reptomancer","floor":40.0,"turns":8.0},{"damage":6.0,"enemies":"Mind Bloom Boss Battle","floor":41.0,"turns":9.0},{"damage":10.0,"enemies":"Nemesis","floor":44.0,"turns":7.0},{"damage":19.0,"enemies":"Jaw Worm Horde","floor":46.0,"turns":4.0},{"damage":19.0,"enemies":"Transient","floor":47.0,"turns":6.0},{"damage":0.0,"enemies":"Sphere and 2 Shapes","floor":48.0,"turns":4.0},{"damage":0.0,"enemies":"Time Eater","floor":50.0,"turns":12.0},{"damage":41.0,"enemies":"Awakened One","floor":51.0,"turns":20.0},{"damage":40.0,"enemies":"Shield and Spear","floor":55.0,"turns":8.0},{"damage":38,"enemies":"The Heart","floor":56,"turns":15}],"seed_played":"5345632735814913608","potions_obtained":[{"floor":6.0,"key":"SteroidPotion"},{"floor":8.0,"key":"FocusPotion"},{"floor":11.0,"key":"Energy Potion"},{"floor":14.0,"key":"Poison Potion"},{"floor":22.0,"key":"SpeedPotion"},{"floor":23.0,"key":"FocusPotion"},{"floor":25.0,"key":"Ancient Potion"},{"floor":29.0,"key":"Weak Potion"},{"floor":40.0,"key":"Regen Potion"},{"floor":41.0,"key":"AttackPotion"},{"floor":47.0,"key":"Weak Potion"}],"is_trial":false,"path_per_floor":["M","M","?","M","$","E","R","M","T","E","M","R","?","M","R","B",null,"M","M","M","?","M","E","R","E","T","R","M","M","E","$","R","B",null,"M","$","?","M","M","E","?","R","T","E","R","M","M","M","R","B","B",null,"R","$","E","B"],"character_chosen":"DEFECT","items_purchased":["PreservedInsect","SteroidPotion","Panacea+1","White Noise+1","Steam+1","FocusPotion","Cables","Weak Potion"],"campfire_rested":5,"item_purchase_floors":[5,5,31,31,31,54,54,54],"current_hp_per_floor":[63,56,56,54,54,29,29,29,29,19,7,43,43,43,43,18,58,50,37,21,21,19,17,53,31,38,38,36,19,19,19,57,57,73,73,73,73,73,73,27,36,74,74,64,64,45,26,26,64,64,23,64,64,64,24,0],"gold":42,"neow_bonus":"ONE_RANDOM_RARE_CARD","is_prod":false,"is_daily":false,"chose_seed":false,"campfire_upgraded":4,"win_rate":0,"timestamp":1553384638,"path_taken":["M","M","?","M","$","E","R","M","T","E","M","R","?","?","R","BOSS","M","M","M","?","M","E","R","E","T","R","M","M","E","$","R","BOSS","M","$","?","M","M","E","?","R","T","E","R","M","M","M","R","BOSS","BOSS","R","$","E","BOSS"],"build_version":"2019-01-23","purchased_purges":1,"victory":false,"max_hp_per_floor":[71,71,71,71,71,71,71,71,71,71,71,71,71,71,71,71,71,71,71,71,71,71,71,71,71,78,78,78,78,78,78,78,78,78,78,78,78,78,78,78,78,78,78,78,78,78,78,78,78,78,78,78,78,78,78,78],"card_choices":[{"not_picked":["Coolheaded","Compile Driver"],"picked":"Gash","floor":1.0},{"not_picked":["Stack","Redo"],"picked":"Streamline","floor":2.0},{"not_picked":["Conserve Battery","Chill"],"picked":"Sunder","floor":4.0},{"not_picked":["Ball Lightning","Redo"],"picked":"Reboot","floor":6.0},{"not_picked":["Stack","Rebound"],"picked":"Steam","floor":8.0},{"not_picked":["Go for the Eyes","Stack"],"picked":"Cold Snap","floor":10.0},{"not_picked":["Turbo","Chaos"],"picked":"Cold Snap","floor":11.0},{"not_picked":["Turbo","Chaos"],"picked":"Leap","floor":14.0},{"not_picked":["Fission","All For One"],"picked":"Seek","floor":16.0},{"not_picked":["Sweeping Beam+1","Compile Driver+1"],"picked":"Doom and Gloom","floor":18.0},{"not_picked":["Streamline","Gash"],"picked":"Capacitor+1","floor":19.0},{"not_picked":["Ball Lightning","Cold Snap"],"picked":"FTL","floor":20.0},{"not_picked":["Glacier","Turbo"],"picked":"Reinforced Body+1","floor":22.0},{"not_picked":["Ball Lightning","Compile Driver"],"picked":"Reboot","floor":23.0},{"not_picked":["Streamline","Cold Snap","Doom and Gloom"],"picked":"SKIP","floor":25.0},{"not_picked":["Streamline","Cold Snap"],"picked":"Doom and Gloom","floor":25.0},{"not_picked":["Ball Lightning","Scrape+1"],"picked":"Steam+1","floor":28.0},{"not_picked":["Barrage","Sweeping Beam"],"picked":"Turbo+1","floor":29.0},{"not_picked":["Reinforced Body+1","Cold Snap+1"],"picked":"White Noise+1","floor":30.0},{"not_picked":["Meteor Strike","Hyperbeam"],"picked":"Buffer","floor":33.0},{"not_picked":["Skim+1","Rebound"],"picked":"Barrage+1","floor":35.0},{"not_picked":["Go for the Eyes+1","Skim+1"],"picked":"Consume+1","floor":38.0},{"not_picked":["Turbo+1","Sweeping Beam"],"picked":"Barrage","floor":39.0},{"not_picked":["Buffer","Ball Lightning","Streamline"],"picked":"SKIP","floor":40.0},{"not_picked":["Rebound","Cold Snap"],"picked":"Barrage","floor":44.0},{"not_picked":["Cold Snap","Compile Driver"],"picked":"Undo+1","floor":46.0},{"not_picked":["Static Discharge","Redo+1"],"picked":"Loop","floor":47.0},{"not_picked":["Coolheaded+1","Steam Power+1"],"picked":"Fission+1","floor":48.0},{"not_picked":["Rip and Tear+1","Ball Lightning"],"picked":"Hello World+1","floor":55.0}],"player_experience":900725,"relics_obtained":[{"floor":6.0,"key":"War Paint"},{"floor":9.0,"key":"Regal Pillow"},{"floor":10.0,"key":"Omamori"},{"floor":23.0,"key":"Sundial"},{"floor":25.0,"key":"Toxic Egg 2"},{"floor":26.0,"key":"Strawberry"},{"floor":30.0,"key":"Pen Nib"},{"floor":40.0,"key":"Blue Candle"},{"floor":41.0,"key":"Ice Cream"},{"floor":44.0,"key":"Vajra"},{"floor":55.0,"key":"Gremlin Horn"}],"event_choices":[{"damage_healed":0.0,"max_hp_gain":0.0,"max_hp_loss":0.0,"gold_gain":78.0,"event_name":"Golden Wing","player_choice":"Gained Gold","floor":3.0,"gold_loss":0.0,"damage_taken":0.0},{"damage_healed":0.0,"max_hp_gain":0.0,"max_hp_loss":0.0,"gold_gain":0.0,"event_name":"WeMeetAgain","player_choice":"Gave Potion","floor":13.0,"gold_loss":0.0,"damage_taken":0.0,"relics_obtained":["Anchor"]},{"damage_healed":0.0,"max_hp_gain":0.0,"max_hp_loss":0.0,"gold_gain":0.0,"event_name":"Drug Dealer","player_choice":"Inject Mutagens","floor":21.0,"gold_loss":0.0,"damage_taken":0.0,"relics_obtained":["MutagenicStrength"]},{"damage_healed":0.0,"max_hp_gain":0.0,"max_hp_loss":0.0,"gold_gain":0.0,"event_name":"Tomb of Lord Red Mask","player_choice":"Ignored","floor":37.0,"gold_loss":0.0,"damage_taken":0.0},{"damage_healed":0.0,"max_hp_gain":0.0,"max_hp_loss":0.0,"gold_gain":0.0,"event_name":"MindBloom","player_choice":"Fight","floor":41.0,"gold_loss":0.0,"damage_taken":0.0}],"is_beta":false,"boss_relics":[{"not_picked":["Snecko Eye","Empty Cage"],"picked":"FrozenCore"},{"not_picked":["Black Star","Calling Bell"],"picked":"Astrolabe"}],"items_purged_floors":[31],"is_endless":false,"potions_floor_spawned":[6,8,11,14,16,22,23,25,29,33,39,40,41,47,55],"killed_by":"The Heart","ascension_level":20}