{"gold_per_floor":[114,131,150,150,176,176,239,239,239,239,249,249,249,38,38,140,140,157,175,175,27,27,27,40,40,40,40,56,56,56,79,91,201,213,245,257,280,292,177,177,211,211,264,264,264,17,17,36,36,36],"floor_reached":50,"playtime":2918,"items_purged":["Writhe"],"score":527,"play_id":"8c5da707-d056-4ead-9894-ad715969956e","local_time":"20180817212336","is_ascension_mode":true,"campfire_choices":[{"data":"Flechettes","floor":6,"key":"SMITH"},{"data":"Infinite Blades","floor":8,"key":"SMITH"},{"floor":10,"key":"REST"},{"data":"Corpse Explosion","floor":13,"key":"SMITH"},{"floor":15,"key":"REST"},{"data":"A Thousand Cuts","floor":23,"key":"SMITH"},{"floor":25,"key":"REST"},{"data":"Catalyst","floor":27,"key":"SMITH"},{"floor":29,"key":"REST"},{"data":"Cloak And Dagger","floor":32,"key":"SMITH"},{"floor":40,"key":"REST"},{"floor":42,"key":"REST"},{"floor":45,"key":"REST"},{"data":"Accuracy","floor":49,"key":"SMITH"}],"neow_cost":"NONE","seed_source_timestamp":4229946148398788,"circlet_count":0,"master_deck":["Defend_G+1","Defend_G+1","Defend_G+1","Defend_G+1","Strike_G+1","Strike_G+1","Strike_G+1","Strike_G+1","Strike_G+1","Survivor+1","Neutralize+1","Bouncing Flask+1","Poisoned Stab+1","Flechettes+1","Infinite Blades+1","Corpse Explosion+1","The Bomb+1","A Thousand Cuts+1","Dagger Throw+1","Cloak And Dagger+1","Catalyst+1","Cloak And Dagger+1","Caltrops+1","Night Terror+1","After Image+1","Blade Dance+1","Blade Dance+1","Accuracy+1","Backflip+1","Accuracy+1","Terror","Bouncing Flask","Flying Knee","Calculated Gamble+1"],"relics":["Snecko Eye","Ancient Tea Set","Art of War","Singing Bowl","WristBlade","Anchor","Vajra","MawBank","Eternal Feather","Nunchaku","Omamori","Mark of the Bloom"],"potions_floor_usage":[16,19,31,31,33,48,48,50],"damage_taken":[{"damage":1,"enemies":"Cultist","floor":1,"turns":4},{"damage":0,"enemies":"Small Slimes","floor":2,"turns":3},{"damage":3,"enemies":"2 Louse","floor":3,"turns":4},{"damage":20,"enemies":"Lagavulin Event","floor":7,"turns":4},{"damage":0,"enemies":"Exordium Wildlife","floor":11,"turns":3},{"damage":11,"enemies":"The Guardian","floor":16,"turns":6},{"damage":17,"enemies":"Shell Parasite","floor":18,"turns":5},{"damage":0,"enemies":"Chosen","floor":19,"turns":3},{"damage":11,"enemies":"Centurion and Healer","floor":24,"turns":4},{"damage":6,"enemies":"Snake Plant","floor":28,"turns":2},{"damage":5,"enemies":"Shelled Parasite and Fungi","floor":31,"turns":4},{"damage":33,"enemies":"Collector","floor":33,"turns":5},{"damage":14,"enemies":"Orb Walker","floor":35,"turns":3},{"damage":24,"enemies":"Flame Bruiser 1 Orb","floor":37,"turns":5},{"damage":37,"enemies":"2 Orb Walkers","floor":41,"turns":3},{"damage":10,"enemies":"Transient","floor":48,"turns":5},{"damage":60,"enemies":"Donu and Deca","floor":50,"turns":5}],"seed_played":"-2704767446836897181","potions_obtained":[{"floor":1,"key":"EssenceOfSteel"},{"floor":2,"key":"AttackPotion"},{"floor":7,"key":"Strength Potion"},{"floor":16,"key":"SkillPotion"},{"floor":19,"key":"PowerPotion"},{"floor":28,"key":"PowerPotion"},{"floor":37,"key":"SteroidPotion"},{"floor":41,"key":"Dexterity Potion"}],"is_trial":false,"path_per_floor":["M","M","M","?","T","R","?","R","T","R","M","?","R","$","R","B",null,"M","M","?","$","?","R","M","R","T","R","M","R","T","M","R","B",null,"M","?","M","?","$","R","E","R","T","?","R","$","?","M","R"],"character_chosen":"THE_SILENT","items_purchased":["The Bomb","Catalyst","Accuracy","Energy Potion","Accuracy","Terror","Bouncing Flask","Flying Knee"],"campfire_rested":7,"item_purchase_floors":[14,21,39,39,46,46,46,46],"current_hp_per_floor":[69,69,66,66,66,66,46,46,46,67,67,53,53,53,70,59,70,53,53,53,53,53,53,42,63,63,63,59,72,72,67,67,34,72,58,58,34,34,34,70,33,69,69,69,69,69,69,59,59,0],"gold":36,"neow_bonus":"BOSS_RELIC","is_prod":false,"is_daily":false,"chose_seed":false,"campfire_upgraded":7,"win_rate":0,"timestamp":1534537416,"path_taken":["M","M","?","?","?","R","?","R","T","R","M","?","R","$","R","BOSS","M","M","?","$","?","R","?","R","T","R","M","R","?","M","R","BOSS","M","?","M","?","?","R","E","R","T","?","R","$","?","M","R","BOSS"],"build_version":"2018-08-16","purchased_purges":1,"victory":false,"max_hp_per_floor":[70,70,70,70,70,70,70,70,70,70,70,70,70,70,70,70,70,70,70,70,70,70,70,70,70,70,70,72,72,72,72,72,72,72,72,72,72,72,72,72,72,72,72,72,72,72,72,72,72,72],"card_choices":[{"not_picked":["Sucker Punch","Well Laid Plans"],"picked":"Bouncing Flask","floor":1},{"not_picked":["Setup","Dodge and Roll"],"picked":"Poisoned Stab","floor":2},{"not_picked":["Backflip","Heel Hook"],"picked":"Flechettes","floor":3},{"not_picked":["Acrobatics","Dagger Throw"],"picked":"Infinite Blades","floor":7},{"not_picked":["Masterful Stab","Dagger Throw"],"picked":"Corpse Explosion","floor":11},{"not_picked":["Glass Knife","Unload"],"picked":"A Thousand Cuts","floor":16},{"not_picked":["Sucker Punch","Quick Slash"],"picked":"Dagger Throw","floor":18},{"not_picked":["Sucker Punch+1","Crippling Poison"],"picked":"Cloak And Dagger+1","floor":19},{"not_picked":["Deflect","Backstab"],"picked":"Caltrops+1","floor":24},{"not_picked":["Backflip+1","Outmaneuver","Deflect"],"picked":"Singing Bowl","floor":28},{"not_picked":["Poisoned Stab","Flechettes"],"picked":"Night Terror","floor":31},{"not_picked":["Adrenaline","Wraith Form v2"],"picked":"After Image","floor":33},{"not_picked":["Deflect","Choke"],"picked":"Blade Dance+1","floor":35},{"not_picked":["Dash+1","Outmaneuver+1"],"picked":"Blade Dance+1","floor":37},{"not_picked":["Reflex","Masterful Stab"],"picked":"Backflip+1","floor":41},{"not_picked":["Crippling Poison","Caltrops+1"],"picked":"Calculated Gamble+1","floor":48}],"player_experience":395730,"relics_obtained":[{"floor":5,"key":"Ancient Tea Set"},{"floor":7,"key":"Art of War"},{"floor":9,"key":"Singing Bowl"},{"floor":26,"key":"Vajra"},{"floor":30,"key":"MawBank"},{"floor":41,"key":"Nunchaku"},{"floor":43,"key":"Omamori"}],"event_choices":[{"event_name":"Living Wall","player_choice":"Grow","floor":4,"damage_taken":0},{"event_name":"Dead Adventurer","player_choice":"Searched \u00271\u0027 times","floor":7,"damage_taken":0},{"event_name":"Shining Light","player_choice":"Entered Light","floor":12,"damage_taken":0},{"event_name":"The Mausoleum","player_choice":"Yes","floor":20,"damage_taken":0},{"event_name":"The Library","player_choice":"Read","floor":22,"damage_taken":0},{"event_name":"Falling","player_choice":"Removed Skill","floor":36,"damage_taken":0},{"event_name":"Tomb of Lord Red Mask","player_choice":"Ignored","floor":38,"damage_taken":0},{"event_name":"MindBloom","player_choice":"Upgrade","floor":44,"damage_taken":0},{"event_name":"Mysterious Sphere","player_choice":"Ignore","floor":47,"damage_taken":0}],"is_beta":false,"boss_relics":[{"not_picked":["Tiny House","Philosopher\u0027s Stone"],"picked":"WristBlade"},{"not_picked":["Black Star","Runic Dome"],"picked":"Eternal Feather"}],"items_purged_floors":[21],"is_endless":false,"potions_floor_spawned":[1,2,7,11,16,19,28,37,41],"killed_by":"Donu and Deca","ascension_level":2}