{"gold_per_floor":[110,124,144,4,0,34,34,59,138,171,186,203,220,220,220,295,295,306,231,231,243,259,259,259],"floor_reached":24,"playtime":2424,"items_purged":["Strike_B"],"score":436,"play_id":"97fe66f5-1ee4-4d68-a11f-2c8e52a2f322","local_time":"20190221135229","is_ascension_mode":true,"campfire_choices":[{"data":"Zap","floor":7.0,"key":"SMITH"},{"floor":15.0,"key":"REST"},{"floor":23.0,"key":"REST"}],"neow_cost":"NONE","seed_source_timestamp":232137880598076,"circlet_count":0,"master_deck":["AscendersBane","Defend_B","Defend_B","Defend_B","Defend_B","Zap+1","Dualcast","Echo Form","Go for the Eyes","Chill","Sweeping Beam","Defragment","Barrage","Go for the Eyes","Blizzard","Turbo","Turbo","Barrage","Sunder","Biased Cognition","Coolheaded+1","Scrape+1","Gash+1","Chill","Double Energy","Conserve Battery"],"special_seed":0,"relics":["Cracked Core","Unceasing Top","Blood Vial","Gremlin Horn","Bottled Lightning","Astrolabe"],"potions_floor_usage":[],"damage_taken":[{"damage":4.0,"enemies":"Small Slimes","floor":1.0,"turns":3.0},{"damage":0.0,"enemies":"Cultist","floor":2.0,"turns":3.0},{"damage":5.0,"enemies":"Jaw Worm","floor":3.0,"turns":5.0},{"damage":13.0,"enemies":"Lagavulin","floor":6.0,"turns":8.0},{"damage":32.0,"enemies":"Gremlin Nob","floor":8.0,"turns":4.0},{"damage":9.0,"enemies":"3 Sentries","floor":10.0,"turns":5.0},{"damage":4.0,"enemies":"Large Slime","floor":11.0,"turns":6.0},{"damage":1.0,"enemies":"2 Fungi Beasts","floor":12.0,"turns":3.0},{"damage":1.0,"enemies":"Exordium Wildlife","floor":13.0,"turns":4.0},{"damage":24.0,"enemies":"Slime Boss","floor":16.0,"turns":9.0},{"damage":15.0,"enemies":"2 Thieves","floor":18.0,"turns":4.0},{"damage":10.0,"enemies":"Spheric Guardian","floor":21.0,"turns":4.0},{"damage":0.0,"enemies":"Cultist and Chosen","floor":22.0,"turns":6.0},{"damage":39,"enemies":"Book of Stabbing","floor":24,"turns":5}],"seed_played":"3127523941234119609","potions_obtained":[{"floor":2.0,"key":"GamblersBrew"},{"floor":6.0,"key":"Swift Potion"},{"floor":10.0,"key":"GamblersBrew"},{"floor":12.0,"key":"Strength Potion"},{"floor":21.0,"key":"AttackPotion"}],"is_trial":false,"path_per_floor":["M","M","M","$","?","E","R","E","T","E","M","M","M","?","R","B",null,"M","$","?","M","M","R","E"],"character_chosen":"DEFECT","items_purchased":["Defragment","Energy Potion"],"campfire_rested":2,"item_purchase_floors":[4,4],"current_hp_per_floor":[60,60,55,55,55,42,42,10,10,3,1,2,3,3,24,2,54,41,41,21,13,15,37,0],"gold":259,"neow_bonus":"ONE_RANDOM_RARE_CARD","is_prod":false,"is_daily":false,"chose_seed":false,"campfire_upgraded":1,"win_rate":0,"timestamp":1550778749,"path_taken":["M","M","M","$","?","E","R","E","T","E","M","M","M","?","R","BOSS","M","$","?","M","M","R","E"],"build_version":"2019-01-23","purchased_purges":1,"victory":false,"max_hp_per_floor":[71,71,71,71,71,71,71,71,71,71,71,71,71,71,71,71,71,71,71,76,76,76,76,76],"card_choices":[{"not_picked":["Beam Cell","Doom and Gloom"],"picked":"Go for the Eyes","floor":1.0},{"not_picked":["Darkness","Recycle"],"picked":"Chill","floor":2.0},{"not_picked":["Coolheaded","Leap"],"picked":"Sweeping Beam","floor":3.0},{"not_picked":["Fission","Hello World"],"picked":"Barrage","floor":6.0},{"not_picked":["Hologram","Reboot"],"picked":"Go for the Eyes","floor":8.0},{"not_picked":["Ball Lightning","Skim"],"picked":"Blizzard","floor":10.0},{"not_picked":["Gash","Cold Snap"],"picked":"Turbo","floor":11.0},{"not_picked":["Barrage","Fusion"],"picked":"Turbo","floor":12.0},{"not_picked":["Tempest","Melter"],"picked":"Barrage","floor":13.0},{"not_picked":["Multi-Cast","Thunder Strike"],"picked":"Biased Cognition","floor":16.0},{"not_picked":["Force Field","Beam Cell"],"picked":"Chill","floor":18.0},{"not_picked":["Genetic Algorithm","Go for the Eyes"],"picked":"Double Energy","floor":21.0},{"not_picked":["Heatsinks","Streamline"],"picked":"Conserve Battery","floor":22.0}],"player_experience":632711,"relics_obtained":[{"floor":6.0,"key":"Unceasing Top"},{"floor":8.0,"key":"Blood Vial"},{"floor":9.0,"key":"Gremlin Horn"},{"floor":10.0,"key":"Bottled Lightning"}],"event_choices":[{"damage_healed":0.0,"max_hp_gain":0.0,"max_hp_loss":0.0,"gold_gain":0.0,"event_name":"World of Goop","player_choice":"Left Gold","floor":5.0,"gold_loss":4.0,"damage_taken":0.0},{"damage_healed":0.0,"max_hp_gain":0.0,"max_hp_loss":0.0,"gold_gain":0.0,"event_name":"Match and Keep!","player_choice":"1 cards matched","floor":14.0,"gold_loss":0.0,"damage_taken":0.0,"cards_obtained":["Sunder"]},{"damage_healed":0.0,"max_hp_gain":5.0,"max_hp_loss":0.0,"gold_gain":0.0,"event_name":"Forgotten Altar","player_choice":"Shed Blood","floor":20.0,"gold_loss":0.0,"damage_taken":25.0}],"is_beta":false,"boss_relics":[{"not_picked":["Black Star","Runic Dome"],"picked":"Astrolabe"}],"items_purged_floors":[19],"is_endless":false,"potions_floor_spawned":[2,6,10,12,13,21],"killed_by":"Book of Stabbing","ascension_level":20}