{"gold_per_floor":[115,290,301,26,36,36,61,61,61,61,61,16,16,28,28,123,123,135,135,35,52,65,77,77,112,112,127,144,170,170,95,95,200,200,218,218,318,337,356,368,2,49,49,67,67,80,80,97,97,97,97,97,45,77,77],"floor_reached":56,"playtime":3812,"items_purged":["Doubt","Strike_R","Strike_R"],"score":1139,"play_id":"872f9ece-4825-41fe-8bc7-ebe37b4ae305","local_time":"20190203211343","is_ascension_mode":false,"campfire_choices":[{"data":"Pommel Strike","floor":6.0,"key":"SMITH"},{"floor":8,"key":"RECALL"},{"floor":11,"key":"REST"},{"data":"Flex","floor":13,"key":"SMITH"},{"data":"Strike_R","floor":15,"key":"SMITH"},{"data":"Flame Barrier","floor":24,"key":"SMITH"},{"data":"Impervious","floor":32,"key":"SMITH"},{"data":"Limit Break","floor":47,"key":"SMITH"},{"data":"Shrug It Off","floor":49,"key":"SMITH"},{"data":"Shrug It Off","floor":52,"key":"SMITH"}],"neow_cost":"NONE","seed_source_timestamp":1740530389817697,"circlet_count":0,"master_deck":["Strike_R+1","Strike_R+1","Strike_R+1","Defend_R","Defend_R","Defend_R","Bash+1","Pommel Strike+1","Pummel+1","Flex+1","Heavy Blade+1","Reaper+1","Flame Barrier+1","Shrug It Off+1","Shockwave+1","Impervious+1","Uppercut+1","Limit Break+1","Battle Trance","Whirlwind+1","Shrug It Off+1"],"special_seed":0,"relics":["Burning Blood","Brimstone","Molten Egg 2","Snecko Eye","Magic Flower","Self Forming Clay","Question Card","Anchor","Philosopher\u0027s Stone","Ice Cream","ClockworkSouvenir","StoneCalendar","Bottled Flame","Bronze Scales"],"potions_floor_usage":[14,18,18,28,29,38,40,42,50,54,55],"damage_taken":[{"damage":0.0,"enemies":"2 Louse","floor":1.0,"turns":2.0},{"damage":3.0,"enemies":"Small Slimes","floor":3.0,"turns":4.0},{"damage":12.0,"enemies":"Jaw Worm","floor":5.0,"turns":2.0},{"damage":20.0,"enemies":"3 Sentries","floor":7.0,"turns":6.0},{"damage":0,"enemies":"Blue Slaver","floor":14,"turns":1},{"damage":33,"enemies":"The Guardian","floor":16,"turns":5},{"damage":20,"enemies":"3 Byrds","floor":18,"turns":2},{"damage":24,"enemies":"2 Thieves","floor":21,"turns":4},{"damage":12,"enemies":"Centurion and Healer","floor":22,"turns":3},{"damage":10,"enemies":"Snecko","floor":23,"turns":3},{"damage":24,"enemies":"Gremlin Leader","floor":25,"turns":3},{"damage":0,"enemies":"Chosen and Byrds","floor":27,"turns":1},{"damage":6,"enemies":"Shelled Parasite and Fungi","floor":28,"turns":3},{"damage":10,"enemies":"Book of Stabbing","floor":29,"turns":3},{"damage":21,"enemies":"Collector","floor":33,"turns":4},{"damage":0,"enemies":"3 Shapes","floor":35,"turns":3},{"damage":18,"enemies":"Mind Bloom Boss Battle","floor":37,"turns":4},{"damage":12,"enemies":"3 Darklings","floor":38,"turns":3},{"damage":5,"enemies":"Jaw Worm Horde","floor":39,"turns":4},{"damage":0,"enemies":"4 Shapes","floor":40,"turns":1},{"damage":25,"enemies":"2 Orb Walkers","floor":42,"turns":4},{"damage":0,"enemies":"Sphere and 2 Shapes","floor":44,"turns":3},{"damage":12,"enemies":"Maw","floor":46,"turns":5},{"damage":0,"enemies":"Jaw Worm Horde","floor":48,"turns":2},{"damage":49,"enemies":"Awakened One","floor":50,"turns":7},{"damage":72,"enemies":"Shield and Spear","floor":54,"turns":5},{"damage":79,"enemies":"The Heart","floor":55,"turns":6}],"seed_played":"2438779603926865976","potions_obtained":[{"floor":1.0,"key":"SpeedPotion"},{"floor":7.0,"key":"Explosive Potion"},{"floor":14,"key":"Explosive Potion"},{"floor":16,"key":"Energy Potion"},{"floor":18,"key":"FairyPotion"},{"floor":23,"key":"Poison Potion"},{"floor":25,"key":"SteroidPotion"},{"floor":27,"key":"EssenceOfSteel"},{"floor":37,"key":"SneckoOil"},{"floor":39,"key":"SteroidPotion"},{"floor":40,"key":"Swift Potion"},{"floor":48,"key":"AttackPotion"},{"floor":54,"key":"Block Potion"}],"is_trial":false,"path_per_floor":["M","?","M","$","M","R","E","R","T","?","R","$","R","M","R","B",null,"M","?","$","M","M","M","R","E","T","M","M","E","?","?","R","B",null,"M","?","?","M","M","M","$","?","T","M","$","M","R","M","R","B",null,"R","$","E","B",null],"character_chosen":"IRONCLAD","items_purchased":["Brimstone","Flex","ClockworkSouvenir","Shrug It Off","Swift Potion"],"campfire_rested":1,"item_purchase_floors":[4,12,41,41,53],"current_hp_per_floor":[80,80,80,80,74,74,60,60,60,44,68,68,68,74,74,47,80,66,66,66,65,77,79,79,65,65,74,77,80,65,65,65,73,85,85,85,76,82,85,85,85,69,69,85,85,85,85,85,85,85,85,85,85,85,65],"gold":77,"neow_bonus":"UPGRADE_CARD","is_prod":false,"is_daily":false,"chose_seed":false,"campfire_upgraded":8,"win_rate":0,"timestamp":1549250023,"path_taken":["M","?","M","$","M","R","E","R","T","?","R","?","R","M","R","BOSS","M","?","$","M","M","M","R","E","T","M","M","E","?","?","R","BOSS","M","?","?","?","M","M","$","?","T","M","?","?","R","M","R","BOSS","R","$","E","BOSS"],"build_version":"2019-01-23","purchased_purges":3,"victory":true,"max_hp_per_floor":[80,80,80,80,80,80,80,80,80,80,80,80,80,80,80,80,80,80,80,80,80,80,80,80,80,80,80,80,80,85,85,85,85,85,85,85,85,85,85,85,85,85,85,85,85,85,85,85,85,85,85,85,85,85,85],"card_choices":[{"not_picked":["Sentinel","Thunderclap","Havoc"],"picked":"SKIP","floor":1.0},{"not_picked":["Body Slam","Wild Strike","Warcry"],"picked":"SKIP","floor":3.0},{"not_picked":["Anger","Hemokinesis"],"picked":"Pommel Strike","floor":5.0},{"not_picked":["Clothesline","Pummel","True Grit"],"picked":"SKIP","floor":7.0},{"not_picked":["Clothesline","True Grit"],"picked":"Pummel","floor":7.0},{"not_picked":["Pummel+1","Dual Wield"],"picked":"Heavy Blade+1","floor":14},{"not_picked":["Bludgeon+1","Exhume"],"picked":"Reaper+1","floor":16},{"not_picked":["Twin Strike+1","Inflame"],"picked":"Flame Barrier","floor":18},{"not_picked":["Disarm","Blood for Blood+1","Armaments"],"picked":"SKIP","floor":21},{"not_picked":["Iron Wave+1","Reckless Charge+1"],"picked":"Shrug It Off","floor":22},{"not_picked":["Cleave+1","Body Slam+1"],"picked":"Shockwave+1","floor":23},{"not_picked":["Dual Wield","Body Slam+1","Armaments"],"picked":"SKIP","floor":25},{"not_picked":["Clash+1","Feel No Pain","Shrug It Off"],"picked":"Impervious","floor":27},{"not_picked":["Thunderclap+1","Body Slam+1","Havoc"],"picked":"Uppercut+1","floor":28},{"not_picked":["True Grit","Inflame","Searing Blow+1","Body Slam+1"],"picked":"SKIP","floor":29},{"not_picked":["Dark Embrace","Barricade","Reaper+1"],"picked":"Limit Break","floor":33},{"not_picked":["Infernal Blade+1","Clash+1","Sever Soul+1","Anger+1"],"picked":"SKIP","floor":35},{"not_picked":["Iron Wave+1","True Grit+1","Armaments+1"],"picked":"Battle Trance","floor":38},{"not_picked":["Warcry","Fiend Fire+1","Battle Trance+1"],"picked":"Whirlwind+1","floor":39},{"not_picked":["Sword Boomerang+1","Headbutt+1","Cleave+1","Infernal Blade+1"],"picked":"SKIP","floor":40},{"not_picked":["Sword Boomerang+1","Headbutt+1","Cleave+1","Infernal Blade+1"],"picked":"SKIP","floor":40},{"not_picked":["Clash+1","Berserk","Flex","Metallicize"],"picked":"SKIP","floor":44},{"not_picked":["Clash+1","True Grit","Blood for Blood+1","Clothesline+1"],"picked":"SKIP","floor":46},{"not_picked":["Iron Wave+1","Anger+1","Corruption","Flex+1"],"picked":"SKIP","floor":48},{"not_picked":["Iron Wave+1","Anger+1","Corruption","Flex+1"],"picked":"SKIP","floor":48},{"not_picked":["Juggernaut","Power Through","Sword Boomerang+1","Anger+1"],"picked":"SKIP","floor":54}],"player_experience":708914,"relics_obtained":[{"floor":7.0,"key":"Molten Egg 2"},{"floor":25,"key":"Self Forming Clay"},{"floor":26,"key":"Question Card"},{"floor":29,"key":"Anchor"},{"floor":37,"key":"Ice Cream"},{"floor":42,"key":"StoneCalendar"},{"floor":43,"key":"Bottled Flame"},{"floor":54,"key":"Bronze Scales"}],"event_choices":[{"damage_healed":0.0,"max_hp_gain":0.0,"max_hp_loss":0.0,"gold_gain":175.0,"event_name":"Liars Game","player_choice":"AGREE","floor":2.0,"gold_loss":0.0,"damage_taken":0.0,"cards_obtained":["Doubt"]},{"damage_healed":0,"gold_gain":0,"player_choice":"Entered Light","damage_taken":16,"max_hp_gain":0,"max_hp_loss":0,"event_name":"Shining Light","floor":10,"gold_loss":0,"cards_upgraded":["Strike_R","Strike_R"]},{"damage_healed":0,"gold_gain":0,"player_choice":"Opened","damage_taken":0,"relics_obtained":["Magic Flower"],"max_hp_gain":0,"max_hp_loss":0,"event_name":"The Mausoleum","floor":19,"gold_loss":0},{"damage_healed":0,"gold_gain":0,"player_choice":"Shed Blood","damage_taken":20,"max_hp_gain":5,"max_hp_loss":0,"event_name":"Forgotten Altar","floor":30,"gold_loss":0},{"cards_removed":["Defend_R"],"damage_healed":0,"gold_gain":0,"player_choice":"Gave Gold","damage_taken":0,"max_hp_gain":0,"max_hp_loss":0,"event_name":"Beggar","floor":31,"gold_loss":75},{"damage_healed":0,"gold_gain":0,"player_choice":"Ignored","damage_taken":0,"max_hp_gain":0,"max_hp_loss":0,"event_name":"Tomb of Lord Red Mask","floor":36,"gold_loss":0},{"damage_healed":0,"gold_gain":0,"player_choice":"Fight","damage_taken":0,"max_hp_gain":0,"max_hp_loss":0,"event_name":"MindBloom","floor":37,"gold_loss":0},{"damage_healed":0,"gold_gain":0,"player_choice":"Fight","damage_taken":0,"max_hp_gain":0,"max_hp_loss":0,"event_name":"Mysterious Sphere","floor":42,"gold_loss":0}],"is_beta":false,"boss_relics":[{"not_picked":["Tiny House","Runic Cube"],"picked":"Snecko Eye"},{"not_picked":["Calling Bell","Black Blood"],"picked":"Philosopher\u0027s Stone"}],"items_purged_floors":[4,20,41],"is_endless":false,"potions_floor_spawned":[1,7,14,16,18,23,25,27,37,39,40,48,54],"ascension_level":0}