{"gold_per_floor":[115,115,115,9,9,38,38,49,49,49,49,60,80,96,96,191,191,204,220,110,0,15,15,41,41,68,68,87,87,87,100,100,200,200,215,270,287,297,297,297,308,308,308,328,347,367,384,394,394,394],"floor_reached":51,"playtime":4025,"items_purged":[],"score":698,"play_id":"52f99ea6-34f3-4d32-b32b-54674f010824","local_time":"20181017213233","is_ascension_mode":false,"campfire_choices":[{"floor":7,"key":"REST"},{"data":"Dagger Spray","floor":10,"key":"SMITH"},{"data":"Crippling Poison","floor":15,"key":"SMITH"},{"floor":23,"key":"REST"},{"floor":25,"key":"REST"},{"floor":29,"key":"REST"},{"floor":32,"key":"REST"},{"floor":40,"key":"REST"},{"floor":42,"key":"REST"},{"floor":49,"key":"REST"}],"neow_cost":"NONE","seed_source_timestamp":1909617628714934,"circlet_count":0,"master_deck":["Defend_G+1","Defend_G+1","Defend_G+1","Defend_G+1","Strike_G+1","Strike_G+1","Strike_G+1","Strike_G+1","Strike_G+1","Survivor","Neutralize","Dagger Throw","Well Laid Plans","Underhanded Strike","Bullet Time","Dagger Spray+1","Choke","Crippling Poison+1","Dagger Spray","Corpse Explosion","Crippling Poison+1","Footwork","Noxious Fumes","Concentrate","Eviscerate","Backflip","Masterful Stab","Catalyst+1","Envenom","Backstab+1","Catalyst+1","Cloak And Dagger+1","Deadly Poison+1","Footwork","Skewer","Caltrops","Backflip","Riddle With Holes+1","Crippling Poison","Bane+1","Acrobatics+1","Outmaneuver+1","Crippling Poison+1"],"relics":["Velvet Choker","CultistMask","Ancient Tea Set","Snake Skull","Sundial","Snecko Eye","Turnip","Potion Belt","Ice Cream","WristBlade","Prayer Wheel","Nunchaku"],"potions_floor_usage":[36,45,50,50,50,50,50],"damage_taken":[{"damage":0,"enemies":"Small Slimes","floor":1,"turns":5},{"damage":16,"enemies":"3 Sentries","floor":6,"turns":10},{"damage":0,"enemies":"2 Louse","floor":8,"turns":3},{"damage":2,"enemies":"Jaw Worm","floor":12,"turns":3},{"damage":0,"enemies":"3 Louse","floor":13,"turns":1},{"damage":1,"enemies":"Gremlin Gang","floor":14,"turns":3},{"damage":31,"enemies":"Hexaghost","floor":16,"turns":11},{"damage":26,"enemies":"Spheric Guardian","floor":18,"turns":6},{"damage":10,"enemies":"Shell Parasite","floor":19,"turns":4},{"damage":25,"enemies":"Sentry and Sphere","floor":22,"turns":4},{"damage":13,"enemies":"Gremlin Leader","floor":24,"turns":5},{"damage":6,"enemies":"Cultist and Chosen","floor":28,"turns":4},{"damage":5,"enemies":"Snake Plant","floor":31,"turns":3},{"damage":5,"enemies":"Collector","floor":33,"turns":6},{"damage":21,"enemies":"3 Darklings","floor":35,"turns":3},{"damage":7,"enemies":"Mysterious Sphere","floor":36,"turns":2},{"damage":0,"enemies":"3 Shapes","floor":37,"turns":2},{"damage":19,"enemies":"Spire Growth","floor":38,"turns":4},{"damage":0,"enemies":"4 Shapes","floor":41,"turns":4},{"damage":30,"enemies":"Maw","floor":44,"turns":7},{"damage":14,"enemies":"Reptomancer","floor":45,"turns":3},{"damage":2,"enemies":"3 Darklings","floor":46,"turns":2},{"damage":1,"enemies":"Transient","floor":47,"turns":5},{"damage":3,"enemies":"Maw","floor":48,"turns":5},{"damage":21,"enemies":"Awakened One","floor":50,"turns":9}],"seed_played":"1947560200341336836","potions_obtained":[{"floor":1,"key":"Swift Potion"},{"floor":8,"key":"Fire Potion"},{"floor":28,"key":"GhostInAJar"},{"floor":31,"key":"FearPotion"},{"floor":36,"key":"Weak Potion"},{"floor":45,"key":"Strength Potion"},{"floor":46,"key":"EssenceOfSteel"}],"is_trial":false,"path_per_floor":["M","?","?","$","?","E","R","M","T","R","?","M","M","M","R","B",null,"M","M","$","?","M","R","E","R","T","T","M","R","?","M","R","B",null,"M","?","M","M","?","R","M","R","T","M","M","M","M","M","R","B"],"character_chosen":"THE_SILENT","items_purchased":["Well Laid Plans","Underhanded Strike","Noxious Fumes","Concentrate"],"campfire_rested":8,"item_purchase_floors":[4,4,20,20],"current_hp_per_floor":[70,70,70,70,52,36,57,57,57,57,57,55,55,54,54,23,70,44,34,34,34,9,30,17,38,38,38,32,53,53,48,69,64,70,49,42,42,23,23,44,44,65,65,35,21,19,18,15,36,15],"gold":394,"neow_bonus":"BOSS_RELIC","is_prod":false,"is_daily":false,"chose_seed":false,"campfire_upgraded":2,"win_rate":0,"timestamp":1539808353,"path_taken":["M","?","?","?","?","E","R","M","T","R","?","M","M","M","R","BOSS","M","M","$","?","?","R","E","R","T","?","M","R","?","M","R","BOSS","M","?","M","M","?","R","M","R","T","M","M","M","M","?","R","BOSS"],"build_version":"2018-10-11","purchased_purges":0,"victory":true,"max_hp_per_floor":[70,70,70,70,70,70,70,70,70,70,70,70,70,70,70,70,70,70,70,70,70,70,70,70,70,70,70,70,70,70,70,70,70,70,70,70,70,70,70,70,70,70,70,70,70,70,70,70,70,70],"card_choices":[{"not_picked":["Flechettes","Endless Agony"],"picked":"Dagger Throw","floor":1},{"not_picked":["Deadly Poison","Endless Agony"],"picked":"Bullet Time","floor":6},{"not_picked":["Underhanded Strike","Backflip"],"picked":"Dagger Spray","floor":8},{"not_picked":["Bane","Masterful Stab"],"picked":"Choke","floor":12},{"not_picked":["Quick Slash","Eviscerate"],"picked":"Crippling Poison","floor":13},{"not_picked":["Slice","Dodge and Roll"],"picked":"Dagger Spray","floor":14},{"not_picked":["Bullet Time","After Image"],"picked":"Corpse Explosion","floor":16},{"not_picked":["Calculated Gamble","Deflect"],"picked":"Crippling Poison+1","floor":18},{"not_picked":["Terror+1","PiercingWail"],"picked":"Footwork","floor":19},{"not_picked":["PiercingWail","Reflex"],"picked":"Eviscerate","floor":22},{"not_picked":["Slice","Infinite Blades"],"picked":"Backflip","floor":24},{"not_picked":["Backflip+1","Finisher"],"picked":"Masterful Stab","floor":28},{"not_picked":["Outmaneuver","Acrobatics"],"picked":"Catalyst+1","floor":31},{"not_picked":["Phantasmal Killer","Adrenaline"],"picked":"Envenom","floor":33},{"not_picked":["Endless Agony","Cloak And Dagger+1"],"picked":"Backstab+1","floor":35},{"not_picked":["Finisher+1","Poisoned Stab+1"],"picked":"Catalyst+1","floor":36},{"not_picked":["Dodge and Roll+1","Prepared"],"picked":"Cloak And Dagger+1","floor":37},{"not_picked":["Dagger Spray+1","Backflip+1"],"picked":"Deadly Poison+1","floor":37},{"not_picked":["Endless Agony","Outmaneuver"],"picked":"Footwork","floor":38},{"not_picked":["Blade Dance","Leg Sweep"],"picked":"Skewer","floor":38},{"not_picked":["Prepared+1","Expertise","Sucker Punch"],"picked":"SKIP","floor":41},{"not_picked":["Masterful Stab","Slice","Underhanded Strike+1"],"picked":"SKIP","floor":41},{"not_picked":["Die Die Die","Calculated Gamble+1"],"picked":"Caltrops","floor":44},{"not_picked":["Prepared","Masterful Stab+1"],"picked":"Backflip","floor":44},{"not_picked":["Masterful Stab+1","Prepared"],"picked":"Riddle With Holes+1","floor":45},{"not_picked":["Slice","Quick Slash+1","Cloak And Dagger"],"picked":"SKIP","floor":45},{"not_picked":["Skewer+1","Quick Slash+1"],"picked":"Crippling Poison","floor":46},{"not_picked":["Tools of the Trade","Cloak And Dagger","Slice"],"picked":"SKIP","floor":46},{"not_picked":["Tactician+1","Underhanded Strike+1"],"picked":"Bane+1","floor":47},{"not_picked":["Prepared+1","PiercingWail"],"picked":"Acrobatics+1","floor":47},{"not_picked":["Prepared+1","Concentrate+1"],"picked":"Outmaneuver+1","floor":48},{"not_picked":["Underhanded Strike+1","Blade Dance+1"],"picked":"Crippling Poison+1","floor":48}],"player_experience":572607,"relics_obtained":[{"floor":6,"key":"Snake Skull"},{"floor":9,"key":"Sundial"},{"floor":24,"key":"Turnip"},{"floor":26,"key":"Potion Belt"},{"floor":27,"key":"Ice Cream"},{"floor":36,"key":"Prayer Wheel"},{"floor":43,"key":"Nunchaku"}],"event_choices":[{"event_name":"Golden Wing","player_choice":"Ignored","floor":2,"damage_taken":0},{"event_name":"FaceTrader","player_choice":"Trade","floor":3,"damage_taken":0},{"event_name":"Scrap Ooze","player_choice":"success","floor":5,"damage_taken":18},{"event_name":"Liars Game","player_choice":"disagreed","floor":11,"damage_taken":0},{"event_name":"Masked Bandits","player_choice":"Paid Fearfully","floor":21,"damage_taken":0},{"event_name":"Back to Basics","player_choice":"Simplicity","floor":30,"damage_taken":0},{"event_name":"Mysterious Sphere","player_choice":"Fight","floor":36,"damage_taken":0},{"event_name":"Falling","player_choice":"Removed Skill","floor":39,"damage_taken":0}],"is_beta":false,"boss_relics":[{"not_picked":["Tiny House","Black Star"],"picked":"Snecko Eye"},{"not_picked":["Philosopher\u0027s Stone","Empty Cage"],"picked":"WristBlade"}],"items_purged_floors":[],"is_endless":false,"potions_floor_spawned":[1,8,28,31,36,45,46],"ascension_level":0}