{"gold_per_floor":[114,12,27,27,42,42,72,72,97,97,127,127,157,172,172,172],"floor_reached":16,"playtime":1695,"items_purged":[],"score":118,"play_id":"3dcace3f-f169-47b7-8fb3-0a32b929ac80","local_time":"20180720021847","daily_mods":["Diverse","Cursed Run","Night Terrors"],"is_ascension_mode":false,"campfire_choices":[{"data":"Fire Breathing","floor":6,"key":"SMITH"},{"data":"Self Repair","floor":8,"key":"SMITH"},{"data":"Seeing Red","floor":12,"key":"SMITH"},{"data":"Zap","floor":15,"key":"SMITH"}],"neow_cost":"","seed_source_timestamp":0,"circlet_count":0,"master_deck":["Strike_B","Strike_B","Strike_B","Strike_B","Defend_B","Defend_B","Defend_B","Defend_B","Zap+1","Dualcast","Self Repair+1","Dramatic Entrance","Fire Breathing+1","Heavy Blade","Slice","Normality","Seeing Red+1","Dagger Spray","All For One"],"special_seed":17732,"relics":["Cursed Key","Darkstone Periapt","Du-Vu Doll","Anchor","DataDisk","Emotion Chip","Orichalcum"],"potions_floor_usage":[7,16,16],"damage_taken":[{"damage":2,"enemies":"Small Slimes","floor":1,"turns":2},{"damage":1,"enemies":"Cultist","floor":3,"turns":4},{"damage":11,"enemies":"Jaw Worm","floor":5,"turns":2},{"damage":17,"enemies":"Gremlin Nob","floor":7,"turns":4},{"damage":11,"enemies":"3 Sentries","floor":11,"turns":7},{"damage":50,"enemies":"Lagavulin","floor":13,"turns":7},{"damage":1,"enemies":"Gremlin Gang","floor":14,"turns":3},{"damage":35,"enemies":"The Guardian","floor":16,"turns":8}],"seed_played":"-1497029972376068251","potions_obtained":[{"floor":1,"key":"Block Potion"},{"floor":13,"key":"PowerPotion"},{"floor":14,"key":"FocusPotion"}],"is_trial":false,"path_per_floor":["M","$","M","?","M","R","E","R","T","$","E","R","E","M","R"],"character_chosen":"DEFECT","items_purchased":["Dramatic Entrance"],"campfire_rested":0,"item_purchase_floors":[2],"current_hp_per_floor":[73,73,75,75,71,71,61,61,67,67,66,66,26,35,35,0],"gold":172,"neow_bonus":"","is_prod":false,"is_daily":true,"chose_seed":false,"campfire_upgraded":4,"win_rate":0,"timestamp":1532049527,"path_taken":["M","$","M","?","M","R","E","R","T","$","E","R","E","M","R","BOSS"],"build_version":"2018-07-19","purchased_purges":0,"victory":false,"max_hp_per_floor":[75,75,75,75,75,75,75,75,81,81,81,81,81,81,81,81],"card_choices":[{"not_picked":["Spot Weakness","Pommel Strike"],"picked":"Self Repair","floor":1},{"not_picked":["Cold Snap","Accuracy"],"picked":"Fire Breathing","floor":3},{"not_picked":["Beam Cell","Deflect"],"picked":"Heavy Blade","floor":5},{"not_picked":["Combust","Loop"],"picked":"Slice","floor":7},{"not_picked":["Steam","True Grit"],"picked":"Seeing Red","floor":11},{"not_picked":["Clash","Compile Driver"],"picked":"Dagger Spray","floor":13},{"not_picked":["Outmaneuver","Flying Knee"],"picked":"All For One","floor":14}],"player_experience":113710,"relics_obtained":[{"floor":7,"key":"Anchor"},{"floor":9,"key":"DataDisk"},{"floor":11,"key":"Emotion Chip"},{"floor":13,"key":"Orichalcum"}],"event_choices":[{"event_name":"Purifier","player_choice":"Skipped","floor":4,"damage_taken":0}],"is_beta":false,"boss_relics":[],"items_purged_floors":[],"is_endless":false,"potions_floor_spawned":[1,13,14],"killed_by":"The Guardian","ascension_level":0}