{"gold_per_floor":[115,115,138,154,154,154,175,175,175,213,213,213],"floor_reached":12,"playtime":539,"items_purged":[],"score":148,"play_id":"cdf349f9-cbae-42be-b775-7b455f73de14","local_time":"20190326104018","is_ascension_mode":true,"campfire_choices":[{"data":"Bash","floor":6,"key":"SMITH"},{"floor":8,"key":"REST"},{"floor":11,"key":"REST"}],"neow_cost":"NONE","seed_source_timestamp":2277150486651,"circlet_count":0,"master_deck":["AscendersBane","Strike_R","Strike_R","Strike_R","Strike_R","Strike_R","Defend_R","Defend_R","Defend_R","Defend_R","Bash+1","Shrug It Off","Shrug It Off","Whirlwind"],"relics":["Burning Blood","Ancient Tea Set","Golden Idol","Oddly Smooth Stone","Bottled Flame"],"potions_floor_usage":[4,10,12],"damage_taken":[{"damage":9,"enemies":"Jaw Worm","floor":1,"turns":6},{"damage":6,"enemies":"2 Louse","floor":3,"turns":3},{"damage":1,"enemies":"Cultist","floor":4,"turns":3},{"damage":7,"enemies":"Exordium Wildlife","floor":7,"turns":5},{"damage":56,"enemies":"Gremlin Nob","floor":10,"turns":6},{"damage":58,"enemies":"Lagavulin","floor":12,"turns":9}],"seed_played":"-5241383105353762676","potions_obtained":[{"floor":1,"key":"SpeedPotion"},{"floor":3,"key":"Energy Potion"},{"floor":4,"key":"Regen Potion"}],"is_trial":false,"path_per_floor":["M","?","M","M","?","R","M","R","T","E","R","E"],"character_chosen":"IRONCLAD","items_purchased":[],"campfire_rested":2,"item_purchase_floors":[],"current_hp_per_floor":[65,39,39,44,40,40,39,61,61,23,45,0],"gold":213,"neow_bonus":"RANDOM_COMMON_RELIC","is_prod":false,"is_daily":false,"chose_seed":false,"campfire_upgraded":1,"win_rate":0,"timestamp":1553593218,"path_taken":["M","?","M","M","?","R","?","R","T","E","R","E"],"build_version":"2019-01-23","purchased_purges":0,"victory":false,"max_hp_per_floor":[75,75,75,75,75,75,75,75,75,75,75,75],"card_choices":[{"not_picked":["Burning Pact","Body Slam"],"picked":"Shrug It Off","floor":1},{"not_picked":["Fire Breathing","Rage","Dual Wield"],"picked":"SKIP","floor":3},{"not_picked":["Heavy Blade","Rage"],"picked":"Shrug It Off","floor":4},{"not_picked":["Twin Strike","Sever Soul","Perfected Strike"],"picked":"SKIP","floor":7},{"not_picked":["Battle Trance","Hemokinesis"],"picked":"Whirlwind","floor":10}],"player_experience":786307,"relics_obtained":[{"floor":9,"key":"Oddly Smooth Stone"},{"floor":10,"key":"Bottled Flame"}],"event_choices":[{"damage_healed":0,"gold_gain":0,"player_choice":"Take Damage","damage_taken":26,"relics_obtained":["Golden Idol"],"max_hp_gain":0,"max_hp_loss":0,"event_name":"Golden Idol","floor":2,"gold_loss":0},{"damage_healed":0,"gold_gain":0,"player_choice":"Bought 0 Potions","damage_taken":0,"max_hp_gain":0,"max_hp_loss":0,"event_name":"The Woman in Blue","floor":5,"gold_loss":0}],"is_beta":false,"boss_relics":[],"items_purged_floors":[],"is_endless":false,"potions_floor_spawned":[1,3,4],"killed_by":"Lagavulin","ascension_level":18}