{"gold_per_floor":[10,21,40,56,71,71,71,71,71,71,85,97,114,125,125,225,255,272,197,207,221,237,237,237,253,253,253,253,178,178,191,191,291,291,308,308,318,27,44,44],"floor_reached":40,"playtime":2763,"items_purged":["Shame"],"score":486,"play_id":"7804cfdb-7ec3-456a-8ec8-1d0ce80c344b","local_time":"20190116195753","is_ascension_mode":false,"campfire_choices":[{"data":"Discovery","floor":6,"key":"SMITH"},{"data":"Finesse","floor":8,"key":"SMITH"},{"data":"Headbutt","floor":10,"key":"SMITH"},{"data":"Reaper","floor":15,"key":"SMITH"},{"data":"Berserk","floor":23,"key":"SMITH"},{"data":"Shockwave","floor":27,"key":"SMITH"},{"data":"Bite","floor":32,"key":"SMITH"}],"neow_cost":"NO_GOLD","seed_source_timestamp":4147032869965049,"circlet_count":0,"master_deck":["Defend_R","Defend_R","Defend_R","Defend_R","Bash","Discovery+1","Finesse+1","Headbutt+1","Shockwave","Cleave","Disarm","Shockwave+1","Reaper+1","Blood for Blood","Perfected Strike","Headbutt","Berserk+1","Flex+1","Shrug It Off","Perfected Strike","Flex+1","Doubt","Burning Pact","Bite+1","Bite","Bite","Bite","Bite","J.A.X.","Shockwave","Barricade","Flex","Rage+1","Flex","Body Slam","Twin Strike+1","Pommel Strike+1","Pummel+1","Limit Break","Spot Weakness","Fiend Fire","Pummel+1"],"relics":["Burning Blood","Blue Candle","Darkstone Periapt","Calling Bell","Tiny Chest","Matryoshka","Bird Faced Urn","Pen Nib","Orrery"],"potions_floor_usage":[3,18,20,25,33,37,40,40,40,40,40,40],"damage_taken":[{"damage":0,"enemies":"Small Slimes","floor":1,"turns":3},{"damage":0,"enemies":"Cultist","floor":2,"turns":3},{"damage":3,"enemies":"Jaw Worm","floor":3,"turns":4},{"damage":13,"enemies":"Looter","floor":4,"turns":3},{"damage":22,"enemies":"Lots of Slimes","floor":5,"turns":4},{"damage":3,"enemies":"3 Louse","floor":11,"turns":3},{"damage":4,"enemies":"Red Slaver","floor":12,"turns":3},{"damage":8,"enemies":"Gremlin Gang","floor":13,"turns":5},{"damage":12,"enemies":"2 Fungi Beasts","floor":14,"turns":4},{"damage":39,"enemies":"Slime Boss","floor":16,"turns":12},{"damage":27,"enemies":"2 Thieves","floor":18,"turns":4},{"damage":15,"enemies":"Shell Parasite","floor":20,"turns":5},{"damage":33,"enemies":"Shelled Parasite and Fungi","floor":21,"turns":5},{"damage":3,"enemies":"Snecko","floor":22,"turns":3},{"damage":23,"enemies":"3 Cultists","floor":25,"turns":5},{"damage":39,"enemies":"Snake Plant","floor":31,"turns":5},{"damage":87,"enemies":"Collector","floor":33,"turns":10},{"damage":26,"enemies":"3 Shapes","floor":35,"turns":7},{"damage":10,"enemies":"Orb Walker","floor":37,"turns":2},{"damage":94,"enemies":"Writhing Mass","floor":39,"turns":9},{"damage":61,"enemies":"Nemesis","floor":40,"turns":3}],"seed_played":"-5000688457169977808","potions_obtained":[{"floor":2,"key":"SpeedPotion"},{"floor":5,"key":"LiquidBronze"},{"floor":12,"key":"Dexterity Potion"},{"floor":14,"key":"EntropicBrew"},{"floor":18,"key":"Block Potion"},{"floor":22,"key":"FearPotion"},{"floor":25,"key":"Dexterity Potion"},{"floor":31,"key":"PowerPotion"},{"floor":33,"key":"Fire Potion"},{"floor":39,"key":"FearPotion"}],"is_trial":false,"path_per_floor":["M","M","M","M","M","R","?","R","T","R","M","M","M","M","R","B",null,"M","?","M","M","M","R","?","M","T","R","?","$","?","M","R","B",null,"M","?","M","$","M","E"],"character_chosen":"IRONCLAD","items_purchased":["Limit Break","Spot Weakness","Fiend Fire"],"campfire_rested":0,"item_purchase_floors":[38,38,38],"current_hp_per_floor":[80,80,80,73,57,57,45,45,45,45,48,56,60,62,62,34,98,86,86,77,73,78,78,84,87,87,87,87,87,87,72,72,36,104,97,97,95,95,19,0],"gold":44,"neow_bonus":"RANDOM_COLORLESS_2","is_prod":false,"is_daily":false,"chose_seed":false,"campfire_upgraded":7,"win_rate":0,"timestamp":1547668673,"path_taken":["M","M","M","M","M","R","?","R","T","R","M","M","M","M","R","BOSS","M","?","M","M","M","R","?","?","T","R","?","$","?","M","R","BOSS","M","?","M","$","?","E"],"build_version":"2019-01-10","purchased_purges":1,"victory":false,"max_hp_per_floor":[80,80,80,80,80,80,80,80,80,80,80,80,80,80,80,80,98,98,98,98,98,98,98,104,104,104,104,104,104,104,104,104,104,104,104,104,104,104,104,104],"card_choices":[{"not_picked":["Iron Wave","Wild Strike"],"picked":"Headbutt","floor":1},{"not_picked":["Warcry","True Grit"],"picked":"Shockwave","floor":2},{"not_picked":["Clash","Havoc"],"picked":"Cleave","floor":3},{"not_picked":["Rupture","Second Wind"],"picked":"Disarm","floor":4},{"not_picked":["Perfected Strike","Pommel Strike"],"picked":"Shockwave","floor":5},{"not_picked":["Inflame","Feel No Pain"],"picked":"Reaper","floor":11},{"not_picked":["Wild Strike","Shockwave"],"picked":"Blood for Blood","floor":12},{"not_picked":["Searing Blow","Wild Strike"],"picked":"Perfected Strike","floor":13},{"not_picked":["Heavy Blade","Havoc"],"picked":"Headbutt","floor":14},{"not_picked":["Feed","Immolate"],"picked":"Berserk","floor":16},{"not_picked":["Headbutt","Wild Strike+1"],"picked":"Flex+1","floor":18},{"not_picked":["Entrench","Evolve"],"picked":"Shrug It Off","floor":20},{"not_picked":["Berserk","Havoc+1"],"picked":"Perfected Strike","floor":21},{"not_picked":["Body Slam","Headbutt"],"picked":"Flex+1","floor":22},{"not_picked":["Searing Blow+1","Evolve+1"],"picked":"Burning Pact","floor":25},{"not_picked":["Armaments","Evolve"],"picked":"Shockwave","floor":31},{"not_picked":["Bludgeon","Immolate"],"picked":"Barricade","floor":33},{"not_picked":["Clothesline+1","Iron Wave"],"picked":"Flex","floor":34},{"not_picked":["Havoc+1","Shrug It Off+1"],"picked":"Rage+1","floor":34},{"not_picked":["Intimidate","Shockwave"],"picked":"Flex","floor":34},{"not_picked":["Reckless Charge","Combust+1"],"picked":"Body Slam","floor":34},{"not_picked":["Clothesline","Iron Wave"],"picked":"Twin Strike+1","floor":34},{"not_picked":["Warcry","Body Slam"],"picked":"Pommel Strike+1","floor":35},{"not_picked":["Corruption+1","Offering"],"picked":"Pummel+1","floor":37},{"not_picked":["Rupture","Inflame+1"],"picked":"Pummel+1","floor":39}],"player_experience":879599,"relics_obtained":[{"floor":9,"key":"Darkstone Periapt"},{"floor":17,"key":"Tiny Chest"},{"floor":17,"key":"Matryoshka"},{"floor":17,"key":"Bird Faced Urn"},{"floor":26,"key":"Pen Nib"},{"floor":26,"key":"Blood Vial"}],"event_choices":[{"damage_healed":0,"gold_gain":0,"player_choice":"Success","damage_taken":12,"relics_obtained":["Blue Candle"],"max_hp_gain":0,"max_hp_loss":0,"event_name":"Scrap Ooze","floor":7,"gold_loss":0},{"cards_removed":["Pain"],"damage_healed":0,"gold_gain":0,"player_choice":"Gave Gold","damage_taken":0,"max_hp_gain":0,"max_hp_loss":0,"event_name":"Beggar","floor":19,"gold_loss":75},{"damage_healed":0,"gold_gain":0,"cards_transformed":["Decay"],"player_choice":"Transformed","damage_taken":0,"max_hp_gain":0,"max_hp_loss":0,"event_name":"Transmorgrifier","floor":24,"gold_loss":0,"cards_obtained":["Doubt"]},{"damage_healed":0,"gold_gain":0,"player_choice":"Became a vampire (Vial)","damage_taken":0,"max_hp_gain":0,"max_hp_loss":0,"event_name":"Vampires","floor":28,"relics_lost":["Blood Vial"],"gold_loss":0,"cards_obtained":["Bite","Bite","Bite","Bite","Bite"]},{"damage_healed":0,"gold_gain":0,"player_choice":"Obtain J.A.X.","damage_taken":0,"max_hp_gain":0,"max_hp_loss":0,"event_name":"Drug Dealer","floor":30,"gold_loss":0,"cards_obtained":["J.A.X."]},{"damage_healed":0,"gold_gain":0,"player_choice":"Got Potions","damage_taken":0,"max_hp_gain":0,"max_hp_loss":0,"event_name":"Lab","floor":36,"gold_loss":0}],"is_beta":false,"boss_relics":[{"not_picked":["Empty Cage","Snecko Eye"],"picked":"Calling Bell"},{"not_picked":["Lizard Tail","Tiny House"],"picked":"Orrery"}],"items_purged_floors":[29],"is_endless":false,"potions_floor_spawned":[2,5,12,14,18,22,25,31,33,35,39],"killed_by":"Nemesis","ascension_level":0}