{"gold_per_floor":[117,132,149,167,177,177,192,192,192,192,192,192,204,221,221,322,322,335,335,335,345,356,356,92,106,132,132,148,76,76,94,94,194,244,263,276,276,276,48,48,48,48,73,4,15,15,15,29,29,29],"floor_reached":51,"playtime":2188,"items_purged":[],"score":691,"play_id":"72926ceb-535e-414c-a2a4-5864650c4ea8","local_time":"20180827230124","is_ascension_mode":false,"campfire_choices":[{"data":"Buffer","floor":6,"key":"SMITH"},{"floor":8,"key":"REST"},{"data":"White Noise","floor":10,"key":"SMITH"},{"floor":15,"key":"REST"},{"floor":23,"key":"REST"},{"data":"Storm","floor":27,"key":"SMITH"},{"data":"Storm","floor":30,"key":"SMITH"},{"floor":32,"key":"REST"},{"data":"Apotheosis","floor":40,"key":"SMITH"},{"floor":42,"key":"REST"},{"floor":49,"key":"REST"}],"neow_cost":"NONE","seed_source_timestamp":323733126340557,"circlet_count":0,"master_deck":["Strike_B+1","Strike_B+1","Strike_B+1","Strike_B+1","Defend_B+1","Defend_B+1","Defend_B+1","Defend_B+1","Zap+1","Dualcast","Buffer+1","White Noise+1","Sweeping Beam+1","Undo","Machine Learning","Turbo","Defragment+1","Beam Cell","Creative AI","Storm+1","Storm+1","Turbo","White Noise+1","Defragment","Glacier+1","Barrage+1","Tempest","Double Energy","Electrodynamics","Steam","Defragment+1","Defragment","Sunder","Apotheosis+1","Static Discharge","Madness","Madness","Capacitor","Conserve Battery+1","Hologram+1"],"relics":["Cracked Core","Ice Cream","Sozu","Runic Capacitor","Potion Belt","Tiny House","Du-Vu Doll","Oddly Smooth Stone"],"potions_floor_usage":[50],"damage_taken":[{"damage":1,"enemies":"Cultist","floor":1,"turns":3},{"damage":0,"enemies":"Jaw Worm","floor":2,"turns":3},{"damage":8,"enemies":"Small Slimes","floor":3,"turns":5},{"damage":5,"enemies":"Looter","floor":4,"turns":4},{"damage":22,"enemies":"Gremlin Gang","floor":5,"turns":5},{"damage":0,"enemies":"Blue Slaver","floor":7,"turns":4},{"damage":0,"enemies":"2 Fungi Beasts","floor":13,"turns":2},{"damage":15,"enemies":"Exordium Wildlife","floor":14,"turns":3},{"damage":5,"enemies":"Slime Boss","floor":16,"turns":8},{"damage":13,"enemies":"Chosen","floor":18,"turns":6},{"damage":16,"enemies":"Shell Parasite","floor":21,"turns":4},{"damage":0,"enemies":"Chosen and Byrds","floor":22,"turns":4},{"damage":3,"enemies":"Centurion and Healer","floor":25,"turns":3},{"damage":8,"enemies":"Snake Plant","floor":28,"turns":4},{"damage":21,"enemies":"Shelled Parasite and Fungi","floor":31,"turns":3},{"damage":3,"enemies":"Champ","floor":33,"turns":5},{"damage":9,"enemies":"3 Shapes","floor":35,"turns":4},{"damage":22,"enemies":"3 Darklings","floor":36,"turns":3},{"damage":0,"enemies":"Mind Bloom Boss Battle","floor":37,"turns":4},{"damage":0,"enemies":"Maw","floor":45,"turns":4},{"damage":9,"enemies":"Transient","floor":48,"turns":5},{"damage":51,"enemies":"Time Eater","floor":50,"turns":7}],"seed_played":"-6022144773372585815","potions_obtained":[{"floor":1,"key":"Energy Potion"},{"floor":3,"key":"SteroidPotion"},{"floor":7,"key":"Dexterity Potion"}],"is_trial":false,"path_per_floor":["M","M","M","M","M","R","M","R","T","R","?","?","M","M","R","B",null,"M","?","?","M","M","R","$","M","T","R","M","$","R","M","R","B",null,"M","M","?","?","$","R","?","R","T","$","M","?","$","M","R","B"],"character_chosen":"DEFECT","items_purchased":["Defragment","Runic Capacitor","Tempest","Apotheosis","Static Discharge","Capacitor"],"campfire_rested":6,"item_purchase_floors":[24,24,29,39,39,44],"current_hp_per_floor":[74,74,66,61,39,39,39,61,61,61,61,61,61,46,68,63,75,62,62,62,46,46,68,68,65,65,65,57,57,57,36,58,55,80,71,56,56,56,56,56,46,70,70,70,70,70,70,61,80,36],"gold":29,"neow_bonus":"ONE_RANDOM_RARE_CARD","is_prod":false,"is_daily":false,"chose_seed":false,"campfire_upgraded":5,"win_rate":0,"timestamp":1535407284,"path_taken":["M","M","M","M","M","R","M","R","T","R","?","?","M","M","R","BOSS","M","?","?","M","M","R","$","M","T","R","?","$","R","M","R","BOSS","M","M","?","?","$","R","?","R","T","$","?","?","?","M","R","BOSS"],"build_version":"2018-08-23v2","purchased_purges":0,"victory":true,"max_hp_per_floor":[75,75,75,75,75,75,75,75,75,75,75,75,75,75,75,75,75,75,75,75,75,75,75,75,75,75,75,75,75,75,75,75,75,80,80,80,80,80,80,80,80,80,80,80,80,80,80,80,80,80],"card_choices":[{"not_picked":["Ball Lightning","Consume"],"picked":"White Noise","floor":1},{"not_picked":["Doom and Gloom","Lockon"],"picked":"Sweeping Beam","floor":2},{"not_picked":["Turbo","FTL"],"picked":"Undo","floor":3},{"not_picked":["Beam Cell","Coolheaded"],"picked":"Machine Learning","floor":4},{"not_picked":["Rebound","Compile Driver"],"picked":"Turbo","floor":5},{"not_picked":["Aggregate","Steam"],"picked":"Defragment","floor":7},{"not_picked":["Double Energy","Go for the Eyes"],"picked":"Lockon","floor":13},{"not_picked":["Hologram","Barrage"],"picked":"Beam Cell","floor":14},{"not_picked":["Hyperbeam","Buffer"],"picked":"Creative AI","floor":16},{"not_picked":["Scrape","Steam Power+1"],"picked":"Storm","floor":18},{"not_picked":["Chaos","Streamline"],"picked":"Turbo","floor":21},{"not_picked":["Steam Power","Chaos"],"picked":"White Noise+1","floor":22},{"not_picked":["Steam","Cold Snap"],"picked":"Glacier+1","floor":25},{"not_picked":["Leap","BootSequence"],"picked":"Barrage+1","floor":28},{"not_picked":["Tempest","Turbo"],"picked":"Double Energy","floor":31},{"not_picked":["Biased Cognition","Seek"],"picked":"Electrodynamics","floor":33},{"not_picked":["Rip and Tear","Go for the Eyes"],"picked":"Steam","floor":34},{"not_picked":["BootSequence+1","Genetic Algorithm+1"],"picked":"Defragment+1","floor":35},{"not_picked":["Lockon+1","Conserve Battery"],"picked":"Defragment","floor":36},{"not_picked":["Compile Driver","Coolheaded"],"picked":"Sunder","floor":37},{"not_picked":["Hologram","Fusion"],"picked":"Conserve Battery+1","floor":45},{"not_picked":["Redo","Ball Lightning"],"picked":"Hologram+1","floor":48}],"player_experience":456639,"relics_obtained":[{"floor":9,"key":"Ice Cream"},{"floor":26,"key":"Potion Belt"},{"floor":37,"key":"Du-Vu Doll"},{"floor":43,"key":"Oddly Smooth Stone"}],"event_choices":[{"event_name":"Living Wall","player_choice":"Grow","floor":11,"damage_taken":0},{"event_name":"Accursed Blacksmith","player_choice":"Forge","floor":12,"damage_taken":0},{"event_name":"Back to Basics","player_choice":"Simplicity","floor":19,"damage_taken":0},{"event_name":"The Library","player_choice":"Read","floor":20,"damage_taken":0},{"event_name":"MindBloom","player_choice":"Fight","floor":37,"damage_taken":0},{"event_name":"Tomb of Lord Red Mask","player_choice":"Ignored","floor":38,"damage_taken":0},{"event_name":"Winding Halls","player_choice":"Embrace Madness","floor":41,"damage_taken":0},{"event_name":"Falling","player_choice":"Removed Attack","floor":46,"damage_taken":0}],"is_beta":false,"boss_relics":[{"not_picked":["Nuclear Battery","Coffee Dripper"],"picked":"Sozu"},{"not_picked":["Velvet Choker","Snecko Eye"],"picked":"Tiny House"}],"items_purged_floors":[],"is_endless":false,"potions_floor_spawned":[1,3,7,13,14,18,22,33,48],"ascension_level":0}