{"gold_per_floor":[118,131,144,144,3,34,34,62,62,62,74,104,133,152,152,229,229,244,194,213,213,163,163,198,198,198,229,0,0,0,17,17,17],"floor_reached":33,"playtime":2509,"items_purged":["Strike_G","Strike_G"],"score":602,"play_id":"33827a03-7671-48c4-8236-29c14cbc2adf","local_time":"20190319102634","is_ascension_mode":true,"campfire_choices":[{"data":"Dash","floor":7.0,"key":"SMITH"},{"floor":10.0,"key":"REST"},{"floor":15.0,"key":"REST"},{"floor":23.0,"key":"REST"},{"floor":25.0,"key":"REST"},{"floor":29.0,"key":"REST"},{"data":"Noxious Fumes","floor":32,"key":"SMITH"}],"neow_cost":"NONE","seed_source_timestamp":491691818689005,"circlet_count":0,"master_deck":["AscendersBane","Defend_G","Defend_G","Defend_G","Defend_G","Defend_G","Survivor","Neutralize","Slice","Choke","After Image","Dash+1","Crippling Poison","Deflect","Poisoned Stab","Well Laid Plans","Infinite Blades","PiercingWail","Grand Finale","Footwork","Endless Agony","Noxious Fumes+1","Catalyst"],"special_seed":0,"relics":["WristBlade","Oddly Smooth Stone","Darkstone Periapt","Smiling Mask","Bottled Lightning","Odd Mushroom","Empty Cage","Art of War","Potion Belt"],"potions_floor_usage":[33],"damage_taken":[{"damage":4.0,"enemies":"Small Slimes","floor":1.0,"turns":4.0},{"damage":0.0,"enemies":"Jaw Worm","floor":2.0,"turns":4.0},{"damage":0.0,"enemies":"2 Louse","floor":3.0,"turns":3.0},{"damage":14.0,"enemies":"Gremlin Nob","floor":6.0,"turns":4.0},{"damage":11.0,"enemies":"3 Sentries","floor":8.0,"turns":9.0},{"damage":9.0,"enemies":"Gremlin Gang","floor":11.0,"turns":5.0},{"damage":5.0,"enemies":"Lagavulin","floor":12.0,"turns":7.0},{"damage":8.0,"enemies":"The Mushroom Lair","floor":13.0,"turns":4.0},{"damage":3.0,"enemies":"Lots of Slimes","floor":14.0,"turns":3.0},{"damage":9.0,"enemies":"Slime Boss","floor":16.0,"turns":10.0},{"damage":9.0,"enemies":"Shell Parasite","floor":18.0,"turns":7.0},{"damage":8.0,"enemies":"2 Thieves","floor":20.0,"turns":4.0},{"damage":25.0,"enemies":"Slavers","floor":24.0,"turns":9.0},{"damage":32.0,"enemies":"Book of Stabbing","floor":27.0,"turns":9.0},{"damage":2.0,"enemies":"Centurion and Healer","floor":31.0,"turns":8.0},{"damage":31,"enemies":"Automaton","floor":33,"turns":6}],"seed_played":"-112245980188813385","potions_obtained":[{"floor":3.0,"key":"FearPotion"},{"floor":8.0,"key":"Swift Potion"},{"floor":12.0,"key":"AttackPotion"},{"floor":14.0,"key":"SteroidPotion"},{"floor":16.0,"key":"Energy Potion"},{"floor":18.0,"key":"Dexterity Potion"},{"floor":27.0,"key":"LiquidBronze"}],"is_trial":false,"path_per_floor":["M","M","M","?","$","E","R","E","T","R","M","E","?","M","R","B",null,"M","$","M","?","$","R","E","R","T","E","?","R","?","M","R","B"],"character_chosen":"THE_SILENT","items_purchased":["Fire Potion","Dash"],"campfire_rested":5,"item_purchase_floors":[5,5],"current_hp_per_floor":[55,55,55,48,48,34,34,23,23,42,33,28,20,17,36,27,56,47,47,39,21,21,42,17,38,38,6,6,27,27,25,25,0],"gold":17,"neow_bonus":"BOSS_RELIC","is_prod":false,"is_daily":false,"chose_seed":false,"campfire_upgraded":2,"win_rate":0,"timestamp":1553009194,"path_taken":["M","M","M","?","$","E","R","E","T","R","M","E","?","M","R","BOSS","M","$","M","?","$","R","E","R","T","E","?","R","?","M","R","BOSS"],"build_version":"2019-01-23","purchased_purges":2,"victory":false,"max_hp_per_floor":[66,66,66,66,66,66,66,66,66,66,66,66,66,66,66,66,66,66,66,66,71,71,71,71,71,71,71,71,71,71,71,71,71],"card_choices":[{"not_picked":["Caltrops","Acrobatics"],"picked":"Slice","floor":1.0},{"not_picked":["Prepared","Bane"],"picked":"Choke","floor":2.0},{"not_picked":["Well Laid Plans","Terror"],"picked":"After Image","floor":3.0},{"not_picked":["Predator","Bane"],"picked":"Crippling Poison","floor":6.0},{"not_picked":["Burst","Sucker Punch"],"picked":"Deflect","floor":8.0},{"not_picked":["Flying Knee","Outmaneuver"],"picked":"Poisoned Stab","floor":11.0},{"not_picked":["Deadly Poison","Expertise"],"picked":"Well Laid Plans","floor":12.0},{"not_picked":["Dash","Choke"],"picked":"Infinite Blades","floor":13.0},{"not_picked":["Flying Knee","Bane"],"picked":"PiercingWail","floor":14.0},{"not_picked":["Unload","Night Terror"],"picked":"Grand Finale","floor":16.0},{"not_picked":["Calculated Gamble+1","Tactician","Poisoned Stab"],"picked":"SKIP","floor":18.0},{"not_picked":["Sucker Punch","Acrobatics"],"picked":"Footwork","floor":20.0},{"not_picked":["Tactician","Heel Hook"],"picked":"Endless Agony","floor":24.0},{"not_picked":["Flying Knee","Underhanded Strike+1"],"picked":"Noxious Fumes","floor":27.0},{"not_picked":["Dagger Throw","Well Laid Plans"],"picked":"Catalyst","floor":31.0}],"player_experience":839005,"relics_obtained":[{"floor":6.0,"key":"Oddly Smooth Stone"},{"floor":8.0,"key":"Darkstone Periapt"},{"floor":9.0,"key":"Smiling Mask"},{"floor":12.0,"key":"Bottled Lightning"},{"floor":13.0,"key":"Odd Mushroom"},{"floor":24.0,"key":"Art of War"},{"floor":27.0,"key":"Potion Belt"}],"event_choices":[{"cards_removed":["Strike_G"],"damage_healed":0.0,"max_hp_gain":0.0,"max_hp_loss":0.0,"gold_gain":0.0,"event_name":"Golden Wing","player_choice":"Card Removal","floor":4.0,"gold_loss":0.0,"damage_taken":7.0},{"damage_healed":0.0,"max_hp_gain":0.0,"max_hp_loss":0.0,"gold_gain":0.0,"event_name":"Mushrooms","player_choice":"Fought Mushrooms","floor":13.0,"gold_loss":0.0,"damage_taken":0.0},{"damage_healed":0.0,"max_hp_gain":5.0,"max_hp_loss":0.0,"gold_gain":0.0,"event_name":"Forgotten Altar","player_choice":"Shed Blood","floor":21.0,"gold_loss":0.0,"damage_taken":23.0},{"damage_healed":0.0,"max_hp_gain":0.0,"max_hp_loss":0.0,"gold_gain":0.0,"event_name":"Masked Bandits","player_choice":"Paid Fearfully","floor":28.0,"gold_loss":229.0,"damage_taken":0.0},{"damage_healed":0.0,"max_hp_gain":0.0,"max_hp_loss":0.0,"gold_gain":0.0,"event_name":"Transmorgrifier","player_choice":"Ignored","floor":30.0,"gold_loss":0.0,"damage_taken":0.0}],"is_beta":false,"boss_relics":[{"not_picked":["Velvet Choker","Philosopher\u0027s Stone"],"picked":"Empty Cage"}],"items_purged_floors":[19,22],"is_endless":false,"potions_floor_spawned":[3,8,12,14,16,18,27],"killed_by":"Automaton","ascension_level":20}