{"gold_per_floor":[116,131,131,131,143,170,18,34,34,34,49,49,29,46,46,46],"floor_reached":16,"playtime":536,"items_purged":[],"score":102,"play_id":"7c362c37-98a9-42f1-a2ec-4d808a53d53d","local_time":"20190314002900","is_ascension_mode":false,"campfire_choices":[{"floor":12,"key":"REST"},{"data":"Whirlwind","floor":15,"key":"SMITH"}],"neow_cost":"NONE","seed_source_timestamp":62192825507539,"circlet_count":0,"master_deck":["Strike_R","Strike_R","Strike_R","Strike_R","Strike_R","Defend_R","Defend_R","Defend_R","Defend_R","Bash","Barricade","Body Slam","Whirlwind+1","Uppercut","Demon Form","True Grit","Burning Pact"],"relics":["Burning Blood","PreservedInsect","Regal Pillow","The Courier"],"potions_floor_usage":[6,6,11,14,14,14],"damage_taken":[{"damage":13,"enemies":"Jaw Worm","floor":1,"turns":3},{"damage":0,"enemies":"Small Slimes","floor":2,"turns":3},{"damage":7,"enemies":"2 Louse","floor":5,"turns":2},{"damage":30,"enemies":"Lagavulin","floor":6,"turns":7},{"damage":38,"enemies":"Gremlin Gang","floor":8,"turns":7},{"damage":2,"enemies":"Large Slime","floor":11,"turns":6},{"damage":5,"enemies":"Exordium Thugs","floor":14,"turns":5},{"damage":66,"enemies":"Hexaghost","floor":16,"turns":10}],"seed_played":"2894655233130271027","potions_obtained":[{"floor":1,"key":"Energy Potion"},{"floor":5,"key":"AttackPotion"},{"floor":8,"key":"EntropicBrew"},{"floor":11,"key":"Strength Potion"}],"is_trial":false,"path_per_floor":["M","M","?","?","M","E","$","M","T","$","M","R","$","M","R","B"],"character_chosen":"IRONCLAD","items_purchased":["Regal Pillow","True Grit"],"campfire_rested":1,"item_purchase_floors":[7,13],"current_hp_per_floor":[73,79,79,79,78,54,54,22,22,22,26,65,65,66,66,0],"gold":46,"neow_bonus":"ONE_RANDOM_RARE_CARD","is_prod":false,"is_daily":false,"chose_seed":false,"campfire_upgraded":1,"win_rate":0,"timestamp":1552532340,"path_taken":["M","M","?","?","M","E","$","M","T","?","M","R","$","M","R","BOSS"],"build_version":"2019-02-06","purchased_purges":0,"victory":false,"max_hp_per_floor":[80,80,80,80,80,80,80,80,80,80,80,80,80,80,80,80],"card_choices":[{"not_picked":["Seeing Red","Hemokinesis"],"picked":"Body Slam","floor":1},{"not_picked":["Perfected Strike","Thunderclap"],"picked":"Whirlwind","floor":2},{"not_picked":["Flex","Shrug It Off"],"picked":"Uppercut","floor":5},{"not_picked":["Twin Strike","Warcry","Cleave"],"picked":"SKIP","floor":6},{"not_picked":["Anger","Armaments","Clothesline"],"picked":"SKIP","floor":8},{"not_picked":["Iron Wave","Sword Boomerang"],"picked":"Demon Form","floor":11},{"not_picked":["Perfected Strike","Pommel Strike"],"picked":"Burning Pact","floor":14}],"player_experience":703777,"relics_obtained":[{"floor":6,"key":"PreservedInsect"},{"floor":9,"key":"The Courier"}],"event_choices":[{"damage_healed":0,"gold_gain":0,"player_choice":"Ignored","damage_taken":0,"max_hp_gain":0,"max_hp_loss":0,"event_name":"Golden Wing","floor":3,"gold_loss":0},{"damage_healed":0,"gold_gain":0,"player_choice":"Leave","damage_taken":0,"max_hp_gain":0,"max_hp_loss":0,"event_name":"The Cleric","floor":4,"gold_loss":0}],"is_beta":true,"boss_relics":[],"items_purged_floors":[],"is_endless":false,"potions_floor_spawned":[1,5,8,11],"killed_by":"Hexaghost","ascension_level":0}