{"gold_per_floor":[113,113,40,54,74,74,97,97,97,110,110,151,7,7,7,126,126,139,153,153,193,212,212,233,233,233,10,45,45,45,63,63,63],"floor_reached":33,"playtime":6902,"items_purged":["Strike_R"],"score":263,"play_id":"90a2e493-f045-4503-bc1d-b79fca68e21c","local_time":"20190317142247","is_ascension_mode":false,"campfire_choices":[{"data":"Hemokinesis","floor":6,"key":"SMITH"},{"data":"Seeing Red","floor":11,"key":"SMITH"},{"data":"Bash","floor":15,"key":"SMITH"},{"floor":23,"key":"REST"},{"floor":25,"key":"REST"},{"floor":30,"key":"REST"},{"floor":32,"key":"REST"}],"neow_cost":"TEN_PERCENT_HP_LOSS","seed_source_timestamp":604888166432058,"circlet_count":0,"master_deck":["Strike_R","Strike_R","Strike_R+1","Defend_R","Defend_R","Defend_R","Bash+1","Deep Breath","Finesse","Seeing Red+1","Warcry","Twin Strike","Hemokinesis+1","Battle Trance","Power Through","Injury","Intimidate","Armaments+1","Feed","Twin Strike","Whirlwind+1","Anger","Iron Wave+1","Hemokinesis+1","Anger"],"relics":["Burning Blood","Odd Mushroom","Golden Idol","Matryoshka","Self Forming Clay","Vajra","Empty Cage","Red Mask","Blood Vial","Strawberry","Anchor","Ornamental Fan","MutagenicStrength"],"potions_floor_usage":[10,12,12,16,21,22,24,33],"damage_taken":[{"damage":0,"enemies":"Jaw Worm","floor":1,"turns":4},{"damage":5,"enemies":"Small Slimes","floor":4,"turns":4},{"damage":3,"enemies":"2 Louse","floor":5,"turns":2},{"damage":24,"enemies":"The Mushroom Lair","floor":7,"turns":4},{"damage":0,"enemies":"Looter","floor":10,"turns":2},{"damage":21,"enemies":"3 Sentries","floor":12,"turns":8},{"damage":5,"enemies":"Slime Boss","floor":16,"turns":8},{"damage":14,"enemies":"2 Thieves","floor":18,"turns":5},{"damage":14,"enemies":"3 Byrds","floor":19,"turns":5},{"damage":50,"enemies":"Masked Bandits","floor":21,"turns":6},{"damage":14,"enemies":"Snake Plant","floor":22,"turns":4},{"damage":16,"enemies":"Centurion and Healer","floor":24,"turns":6},{"damage":36,"enemies":"Slavers","floor":28,"turns":7},{"damage":4,"enemies":"Snecko","floor":31,"turns":3},{"damage":87,"enemies":"Champ","floor":33,"turns":11}],"seed_played":"665812363574346942","potions_obtained":[{"floor":4,"key":"Fire Potion"},{"floor":7,"key":"Fire Potion"},{"floor":10,"key":"GamblersBrew"},{"floor":12,"key":"Fire Potion"},{"floor":16,"key":"Weak Potion"},{"floor":19,"key":"PowerPotion"},{"floor":22,"key":"Ancient Potion"},{"floor":31,"key":"FearPotion"}],"is_trial":false,"path_per_floor":["M","?","$","M","M","R","?","?","T","M","R","E","$","?","R","B",null,"M","M","?","?","M","R","M","R","T","$","E","?","R","M","R","B"],"character_chosen":"IRONCLAD","items_purchased":["Warcry","Twin Strike","Vajra","Anchor"],"campfire_rested":4,"item_purchase_floors":[3,3,13,27],"current_hp_per_floor":[72,72,72,72,72,72,54,54,54,60,60,45,45,31,31,32,72,64,56,56,15,10,33,23,46,53,53,28,28,54,58,84,0],"gold":63,"neow_bonus":"RANDOM_COLORLESS_2","is_prod":false,"is_daily":false,"chose_seed":false,"campfire_upgraded":3,"win_rate":0.0,"timestamp":1552832567,"path_taken":["M","?","$","M","M","R","?","?","T","M","R","E","?","?","R","BOSS","M","M","?","?","M","R","M","R","T","$","E","?","R","M","R","BOSS"],"build_version":"2019-01-23","purchased_purges":1,"victory":false,"max_hp_per_floor":[72,72,72,72,72,72,72,72,72,72,72,72,72,72,72,72,72,72,72,72,75,78,78,78,78,85,85,88,88,88,88,88,88],"card_choices":[{"not_picked":["Clash","Thunderclap"],"picked":"Seeing Red","floor":1},{"not_picked":["Sword Boomerang","Burning Pact"],"picked":"Hemokinesis","floor":4},{"not_picked":["Clothesline","Heavy Blade"],"picked":"Battle Trance","floor":5},{"not_picked":["Feel No Pain","Infernal Blade"],"picked":"Power Through","floor":7},{"not_picked":["Rupture","Flex"],"picked":"Intimidate","floor":10},{"not_picked":["Pommel Strike","Second Wind"],"picked":"Armaments","floor":12},{"not_picked":["Dark Embrace","Double Tap"],"picked":"Feed","floor":16},{"not_picked":["Perfected Strike","Body Slam"],"picked":"Twin Strike","floor":18},{"not_picked":["Disarm+1","Warcry"],"picked":"Whirlwind+1","floor":19},{"not_picked":["Spot Weakness+1","True Grit+1"],"picked":"Anger","floor":21},{"not_picked":["Whirlwind","Sword Boomerang+1"],"picked":"Iron Wave+1","floor":22},{"not_picked":["Intimidate","Flex","Corruption"],"picked":"SKIP","floor":24},{"not_picked":["Berserk","Inflame+1"],"picked":"Hemokinesis+1","floor":28},{"not_picked":["Clothesline+1","Thunderclap"],"picked":"Anger","floor":31}],"player_experience":11778,"relics_obtained":[{"floor":7,"key":"Odd Mushroom"},{"floor":9,"key":"Matryoshka"},{"floor":12,"key":"Self Forming Clay"},{"floor":21,"key":"Red Mask"},{"floor":26,"key":"Blood Vial"},{"floor":26,"key":"Strawberry"},{"floor":28,"key":"Ornamental Fan"}],"event_choices":[{"damage_healed":0,"gold_gain":0,"player_choice":"Ignored","damage_taken":0,"max_hp_gain":0,"max_hp_loss":0,"event_name":"Liars Game","floor":2,"gold_loss":0},{"damage_healed":0,"gold_gain":0,"player_choice":"Fought Mushrooms","damage_taken":0,"max_hp_gain":0,"max_hp_loss":0,"event_name":"Mushrooms","floor":7,"gold_loss":0},{"damage_healed":0,"gold_gain":0,"player_choice":"Take Wound","damage_taken":0,"relics_obtained":["Golden Idol"],"max_hp_gain":0,"max_hp_loss":0,"event_name":"Golden Idol","floor":8,"gold_loss":0,"cards_obtained":["Injury"]},{"damage_healed":0,"gold_gain":0,"player_choice":"Entered Light","damage_taken":14,"max_hp_gain":0,"max_hp_loss":0,"event_name":"Shining Light","floor":14,"gold_loss":0,"cards_upgraded":["Strike_R","Armaments"]},{"damage_healed":0,"gold_gain":0,"player_choice":"Ignored","damage_taken":0,"max_hp_gain":0,"max_hp_loss":0,"event_name":"Ghosts","floor":20,"gold_loss":0},{"damage_healed":0,"gold_gain":0,"player_choice":"Fought Bandits","damage_taken":0,"max_hp_gain":0,"max_hp_loss":0,"event_name":"Masked Bandits","floor":21,"gold_loss":0},{"damage_healed":0,"gold_gain":0,"player_choice":"Inject Mutagens","damage_taken":0,"relics_obtained":["MutagenicStrength"],"max_hp_gain":0,"max_hp_loss":0,"event_name":"Drug Dealer","floor":29,"gold_loss":0}],"is_beta":false,"boss_relics":[{"not_picked":["Mark of Pain","Snecko Eye"],"picked":"Empty Cage"}],"items_purged_floors":[27],"is_endless":false,"potions_floor_spawned":[4,7,10,12,16,19,22,31],"killed_by":"Champ","ascension_level":0}