{"gold_per_floor":[119,132,207,225,244,270,270,297,297,307,319,319,353,353,353,454,454,466,466,211,224,242,242,259,259,259,270,280,280,280,299,299,402,402,419,419,436,436,446,446,473,55,55,55,0,0,27,40,40,40,40,40,14,46,46],"floor_reached":55,"playtime":3566,"items_purged":[],"score":791,"play_id":"942d3bb5-f2c5-4a33-957b-4e9f61c9ba6d","local_time":"20190315202616","is_ascension_mode":false,"campfire_choices":[{"data":"Perfected Strike","floor":7,"key":"SMITH"},{"data":"Corruption","floor":15,"key":"SMITH"},{"floor":23,"key":"RECALL"},{"floor":25,"key":"REST"},{"floor":29,"key":"REST"},{"data":"Berserk","floor":32,"key":"SMITH"},{"data":"Whirlwind","floor":40,"key":"SMITH"},{"floor":44,"key":"DIG"},{"floor":49,"key":"DIG"},{"floor":52,"key":"DIG"}],"neow_cost":"NONE","seed_source_timestamp":800804291032358,"circlet_count":0,"master_deck":["Strike_R","Strike_R","Strike_R","Strike_R","Strike_R","Defend_R","Defend_R","Defend_R","Bash","Perfected Strike+1","Ghostly Armor","Pommel Strike","Twin Strike","Infernal Blade","Corruption+1","Thunderclap","Inflame","Demon Form","Twin Strike","Spot Weakness","Flex+1","Whirlwind+1","Clash","Ghostly Armor+1","Berserk+1","Dark Embrace","Perfected Strike","Heavy Blade+1","Armaments+1","Pummel","Disarm","Metallicize","Fiend Fire","Perfected Strike+1","Perfected Strike","Clothesline+1"],"relics":["Burning Blood","NeowsBlessing","Red Skull","Odd Mushroom","Gambling Chip","Pocketwatch","Sozu","Dodecahedron","Juzu Bracelet","Shuriken","Coffee Dripper","Shovel","Ginger","Mummified Hand","Calipers","Red Mask","Centennial Puzzle","Happy Flower","Bottled Tornado","Bag of Marbles"],"potions_floor_usage":[13,13,13,13,13,16,38,47],"damage_taken":[{"damage":0,"enemies":"Jaw Worm","floor":1,"turns":1},{"damage":0,"enemies":"2 Louse","floor":2,"turns":1},{"damage":0,"enemies":"Cultist","floor":4,"turns":1},{"damage":2,"enemies":"2 Fungi Beasts","floor":5,"turns":4},{"damage":14,"enemies":"Gremlin Nob","floor":6,"turns":3},{"damage":29,"enemies":"The Mushroom Lair","floor":8,"turns":5},{"damage":1,"enemies":"Large Slime","floor":10,"turns":3},{"damage":24,"enemies":"Exordium Thugs","floor":11,"turns":4},{"damage":13,"enemies":"3 Sentries","floor":13,"turns":6},{"damage":31,"enemies":"Hexaghost","floor":16,"turns":9},{"damage":12,"enemies":"Shell Parasite","floor":18,"turns":4},{"damage":17,"enemies":"Spheric Guardian","floor":21,"turns":4},{"damage":15,"enemies":"Snecko","floor":22,"turns":3},{"damage":10,"enemies":"Chosen and Byrds","floor":24,"turns":4},{"damage":6,"enemies":"3 Cultists","floor":27,"turns":3},{"damage":24,"enemies":"Centurion and Healer","floor":28,"turns":4},{"damage":13,"enemies":"Shelled Parasite and Fungi","floor":31,"turns":4},{"damage":53,"enemies":"Collector","floor":33,"turns":7},{"damage":16,"enemies":"3 Darklings","floor":35,"turns":5},{"damage":11,"enemies":"3 Shapes","floor":37,"turns":5},{"damage":0,"enemies":"Spire Growth","floor":38,"turns":2},{"damage":35,"enemies":"4 Shapes","floor":39,"turns":5},{"damage":0,"enemies":"Giant Head","floor":41,"turns":5},{"damage":6,"enemies":"Nemesis","floor":47,"turns":5},{"damage":50,"enemies":"Maw","floor":48,"turns":5},{"damage":12,"enemies":"Time Eater","floor":50,"turns":4},{"damage":43,"enemies":"Shield and Spear","floor":54,"turns":4},{"damage":49,"enemies":"The Heart","floor":55,"turns":5}],"seed_played":"817686733117336177","potions_obtained":[{"floor":2,"key":"SpeedPotion"},{"floor":5,"key":"EntropicBrew"},{"floor":10,"key":"AttackPotion"},{"floor":13,"key":"Fruit Juice"},{"floor":16,"key":"Weak Potion"}],"is_trial":false,"path_per_floor":["M","M","?","M","M","E","R","?","T","M","M","?","E","?","R","B",null,"M","?","$","M","M","R","M","R","T","M","M","R","T","M","R","B",null,"M","?","M","M","M","R","E","$","T","R","?","?","E","M","R","B",null,"R","$","E","B"],"character_chosen":"IRONCLAD","items_purchased":["Dodecahedron","Ginger","Disarm","Metallicize","Perfected Strike"],"campfire_rested":2,"item_purchase_floors":[20,42,42,42,53],"current_hp_per_floor":[80,80,69,75,79,71,71,48,48,53,35,61,54,42,42,22,85,79,79,79,68,59,59,55,80,80,80,62,85,85,78,78,31,85,75,85,80,85,56,56,62,62,62,62,62,62,62,18,18,12,85,85,85,48,0],"gold":46,"neow_bonus":"THREE_ENEMY_KILL","is_prod":false,"is_daily":false,"chose_seed":false,"campfire_upgraded":4,"win_rate":0,"timestamp":1552681576,"path_taken":["M","M","?","M","M","E","R","?","T","?","M","?","E","?","R","BOSS","M","?","$","M","M","R","M","R","T","M","M","R","?","M","R","BOSS","M","?","M","M","M","R","E","$","T","R","?","?","E","M","R","BOSS","R","$","E","BOSS"],"build_version":"2019-01-23","purchased_purges":0,"victory":false,"max_hp_per_floor":[80,80,80,80,80,80,80,80,80,80,80,80,80,80,80,85,85,85,85,85,85,85,85,85,85,85,85,85,85,85,85,85,85,85,85,85,85,85,85,85,85,85,85,85,85,85,85,85,85,85,85,85,85,85,85],"card_choices":[{"not_picked":["Burning Pact","Body Slam"],"picked":"Perfected Strike","floor":1},{"not_picked":["True Grit","Searing Blow"],"picked":"Ghostly Armor","floor":2},{"not_picked":["Combust","Anger"],"picked":"Pommel Strike","floor":4},{"not_picked":["Inflame","Rampage"],"picked":"Twin Strike","floor":5},{"not_picked":["Rampage","Warcry"],"picked":"Infernal Blade","floor":6},{"not_picked":["Metallicize","Wild Strike"],"picked":"Corruption","floor":8},{"not_picked":["Searing Blow","Uppercut"],"picked":"Evolve","floor":10},{"not_picked":["Sword Boomerang","Body Slam"],"picked":"Thunderclap","floor":11},{"not_picked":["Intimidate","Flex"],"picked":"Inflame","floor":13},{"not_picked":["Berserk","Exhume"],"picked":"Demon Form","floor":16},{"not_picked":["Thunderclap+1","Shrug It Off+1"],"picked":"Twin Strike","floor":18},{"not_picked":["Armaments","Hemokinesis"],"picked":"Spot Weakness","floor":21},{"not_picked":["Armaments","Rage"],"picked":"Flex+1","floor":22},{"not_picked":["Uppercut+1","Headbutt"],"picked":"Whirlwind","floor":24},{"not_picked":["Sword Boomerang","Iron Wave"],"picked":"Clash","floor":27},{"not_picked":["Hemokinesis","Reckless Charge"],"picked":"Ghostly Armor+1","floor":28},{"not_picked":["Fire Breathing","Iron Wave+1"],"picked":"Berserk","floor":31},{"not_picked":["Immolate","Barricade"],"picked":"Dark Embrace","floor":33},{"not_picked":["Dropkick+1","Armaments"],"picked":"Perfected Strike","floor":35},{"not_picked":["Body Slam+1","Clash"],"picked":"Heavy Blade+1","floor":37},{"not_picked":["Twin Strike","Rupture+1"],"picked":"Armaments+1","floor":39},{"not_picked":["Inflame+1","Seeing Red"],"picked":"Pummel","floor":41},{"not_picked":["Anger+1","Clothesline"],"picked":"Fiend Fire","floor":47},{"not_picked":["Searing Blow+1","Pummel+1"],"picked":"Perfected Strike+1","floor":48},{"not_picked":["True Grit","Flex+1"],"picked":"Clothesline+1","floor":54}],"player_experience":1048704,"relics_obtained":[{"floor":6,"key":"Red Skull"},{"floor":8,"key":"Odd Mushroom"},{"floor":13,"key":"Gambling Chip"},{"floor":26,"key":"Juzu Bracelet"},{"floor":30,"key":"Shuriken"},{"floor":41,"key":"Shovel"},{"floor":43,"key":"Mummified Hand"},{"floor":44,"key":"Calipers"},{"floor":47,"key":"Centennial Puzzle"},{"floor":49,"key":"Happy Flower"},{"floor":52,"key":"Bottled Tornado"},{"floor":54,"key":"Bag of Marbles"}],"event_choices":[{"damage_healed":0,"gold_gain":75,"player_choice":"Gather Gold","damage_taken":11,"max_hp_gain":0,"max_hp_loss":0,"event_name":"World of Goop","floor":3,"gold_loss":0},{"damage_healed":0,"gold_gain":0,"player_choice":"Fought Mushrooms","damage_taken":0,"max_hp_gain":0,"max_hp_loss":0,"event_name":"Mushrooms","floor":8,"gold_loss":0},{"damage_healed":26,"gold_gain":0,"player_choice":"Banana","damage_taken":0,"max_hp_gain":0,"max_hp_loss":0,"event_name":"Big Fish","floor":12,"gold_loss":0},{"damage_healed":0,"gold_gain":0,"player_choice":"Success","damage_taken":12,"relics_obtained":["Pocketwatch"],"max_hp_gain":0,"max_hp_loss":0,"event_name":"Scrap Ooze","floor":14,"gold_loss":0},{"damage_healed":0,"gold_gain":0,"player_choice":"Ignored","damage_taken":0,"max_hp_gain":0,"max_hp_loss":0,"event_name":"Vampires","floor":19,"gold_loss":0},{"cards_removed":["Evolve"],"damage_healed":10,"gold_gain":0,"player_choice":"Offered Uncommon","damage_taken":0,"max_hp_gain":0,"max_hp_loss":0,"event_name":"Bonfire Elementals","floor":36,"gold_loss":0},{"damage_healed":0,"gold_gain":0,"player_choice":"Paid","damage_taken":0,"relics_obtained":["Red Mask"],"max_hp_gain":0,"max_hp_loss":0,"event_name":"Tomb of Lord Red Mask","floor":45,"gold_loss":55},{"cards_removed":["Defend_R"],"damage_healed":0,"gold_gain":0,"player_choice":"Removed Skill","damage_taken":0,"max_hp_gain":0,"max_hp_loss":0,"event_name":"Falling","floor":46,"gold_loss":0}],"is_beta":false,"boss_relics":[{"not_picked":["Busted Crown","Ectoplasm"],"picked":"Sozu"},{"not_picked":["Lizard Tail","White Beast Statue"],"picked":"Coffee Dripper"}],"items_purged_floors":[],"is_endless":false,"potions_floor_spawned":[2,5,10,11,13,16,18,24,31,37,38,47,48,54],"killed_by":"The Heart","ascension_level":0}