{"gold_per_floor":[110,110,13,30,30,59,59,77,104,104,123,123,141,157,157,261,261,274,274,290,290,3,3,21,21,71,88,114,114,10,20,20,116,116,131,143,153,172,186,186,111,111,111,111,41,41,71,1,1,1],"floor_reached":51,"playtime":6449,"items_purged":["Strike_G"],"score":789,"play_id":"9fbcd696-8d79-4dc7-be6d-03b27573df31","local_time":"20190326182106","is_ascension_mode":true,"campfire_choices":[{"data":"Panacea","floor":7,"key":"SMITH"},{"data":"Dodge and Roll","floor":10,"key":"SMITH"},{"data":"Cloak And Dagger","floor":12,"key":"SMITH"},{"data":"Finisher","floor":15,"key":"SMITH"},{"data":"Malaise","floor":23,"key":"SMITH"},{"data":"Cloak And Dagger","floor":25,"key":"SMITH"},{"floor":29,"key":"REST"},{"floor":32,"key":"REST"},{"floor":40,"key":"REST"},{"data":"Well Laid Plans","floor":46,"key":"SMITH"},{"floor":49,"key":"REST"}],"neow_cost":"NONE","seed_source_timestamp":343264481658978,"circlet_count":0,"master_deck":["Defend_G+1","Defend_G+1","Defend_G+1","Defend_G+1","Defend_G","Strike_G","Strike_G","Strike_G","Strike_G","Survivor","Neutralize+1","Dagger Throw","Panacea+1","Dodge and Roll+1","Die Die Die","Cloak And Dagger+1","Backflip","Finisher+1","Malaise+1","Cloak And Dagger+1","PiercingWail","Backstab","Deflect+1","Well Laid Plans+1","Sucker Punch","Deadly Poison+1","Acrobatics+1","Cloak And Dagger+1","Cloak And Dagger+1","Noxious Fumes","Footwork","Distraction+1","PiercingWail+1","Panache","Writhe","Noxious Fumes","Noxious Fumes"],"relics":["Ring of the Snake","NeowsBlessing","Art of War","Bag of Preparation","Philosopher\u0027s Stone","Nilry\u0027s Codex","Ice Cream","War Paint","Prayer Wheel","White Beast Statue","Torii","Gambling Chip"],"potions_floor_usage":[16,16,33,33,37,38,39,50],"damage_taken":[{"damage":0,"enemies":"Jaw Worm","floor":1,"turns":1},{"damage":0,"enemies":"2 Louse","floor":4,"turns":1},{"damage":0,"enemies":"Lagavulin","floor":6,"turns":1},{"damage":1,"enemies":"Small Slimes","floor":8,"turns":4},{"damage":0,"enemies":"2 Fungi Beasts","floor":11,"turns":2},{"damage":1,"enemies":"Exordium Wildlife","floor":13,"turns":4},{"damage":1,"enemies":"Blue Slaver","floor":14,"turns":3},{"damage":6,"enemies":"The Guardian","floor":16,"turns":10},{"damage":8,"enemies":"3 Byrds","floor":18,"turns":5},{"damage":0,"enemies":"Shell Parasite","floor":20,"turns":7},{"damage":5,"enemies":"Centurion and Healer","floor":24,"turns":7},{"damage":0,"enemies":"Chosen and Byrds","floor":27,"turns":6},{"damage":19,"enemies":"Slavers","floor":28,"turns":7},{"damage":0,"enemies":"Snecko","floor":31,"turns":4},{"damage":30,"enemies":"Champ","floor":33,"turns":11},{"damage":6,"enemies":"3 Shapes","floor":35,"turns":5},{"damage":18,"enemies":"3 Darklings","floor":36,"turns":9},{"damage":0,"enemies":"Jaw Worm Horde","floor":37,"turns":6},{"damage":12,"enemies":"4 Shapes","floor":38,"turns":7},{"damage":19,"enemies":"Sphere and 2 Shapes","floor":39,"turns":8},{"damage":2,"enemies":"Giant Head","floor":47,"turns":9},{"damage":28,"enemies":"Time Eater","floor":50,"turns":14}],"seed_played":"3418873608946565212","potions_obtained":[{"floor":6,"key":"LiquidBronze"},{"floor":11,"key":"Strength Potion"},{"floor":18,"key":"SteroidPotion"},{"floor":20,"key":"Ancient Potion"},{"floor":35,"key":"Ancient Potion"},{"floor":36,"key":"Energy Potion"},{"floor":37,"key":"SneckoOil"},{"floor":38,"key":"LiquidBronze"},{"floor":39,"key":"SpeedPotion"},{"floor":47,"key":"GamblersBrew"}],"is_trial":false,"path_per_floor":["M","?","$","M","?","E","R","M","T","R","M","R","M","M","R","B",null,"M","?","M","?","$","R","M","R","T","M","E","R","$","M","R","B",null,"M","M","M","M","M","R","$","?","T","?","$","R","E","$","R","B",null],"character_chosen":"THE_SILENT","items_purchased":["Panacea","Ice Cream","Well Laid Plans","Sucker Punch","Noxious Fumes","Noxious Fumes"],"campfire_rested":4,"item_purchase_floors":[3,22,30,30,45,48],"current_hp_per_floor":[70,56,56,56,56,56,56,55,55,55,55,55,54,53,53,47,70,62,62,62,46,46,46,41,41,41,41,22,43,43,43,64,34,70,64,46,46,34,15,36,36,36,36,54,54,54,52,52,70,42],"gold":1,"neow_bonus":"THREE_ENEMY_KILL","is_prod":false,"is_daily":false,"chose_seed":false,"campfire_upgraded":7,"win_rate":0,"timestamp":1553624466,"path_taken":["M","?","$","M","?","E","R","M","T","R","M","R","?","M","R","BOSS","M","?","M","?","$","R","M","R","T","M","E","R","$","M","R","BOSS","M","M","M","M","M","R","$","?","T","?","?","R","E","$","R","BOSS"],"build_version":"2019-01-23","purchased_purges":1,"victory":true,"max_hp_per_floor":[70,70,70,70,70,70,70,70,70,70,70,70,70,70,70,70,70,70,70,70,70,70,70,70,70,70,70,70,70,70,70,70,70,70,70,70,70,70,70,70,70,70,70,70,70,70,70,70,70,70],"card_choices":[{"not_picked":["Bane","Riddle With Holes"],"picked":"Dagger Throw","floor":1},{"not_picked":["Quick Slash","Calculated Gamble"],"picked":"Dodge and Roll","floor":4},{"not_picked":["Outmaneuver","Dagger Spray"],"picked":"Die Die Die","floor":6},{"not_picked":["Masterful Stab","Outmaneuver","Catalyst"],"picked":"SKIP","floor":8},{"not_picked":["Skewer","Flying Knee"],"picked":"Cloak And Dagger","floor":11},{"not_picked":["Prepared","Blade Dance"],"picked":"Backflip","floor":13},{"not_picked":["Acrobatics","Blade Dance"],"picked":"Finisher","floor":14},{"not_picked":["Glass Knife","Die Die Die"],"picked":"Malaise","floor":16},{"not_picked":["Expertise","Eviscerate+1"],"picked":"Cloak And Dagger","floor":18},{"not_picked":["Prepared","Accuracy"],"picked":"PiercingWail","floor":20},{"not_picked":["Deadly Poison","Blade Dance"],"picked":"Backstab","floor":24},{"not_picked":["Underhanded Strike","Outmaneuver+1","Catalyst+1"],"picked":"SKIP","floor":27},{"not_picked":["Concentrate","Tactician"],"picked":"Deflect+1","floor":28},{"not_picked":["Distraction","Terror"],"picked":"Deadly Poison+1","floor":31},{"not_picked":["Underhanded Strike","Tools of the Trade"],"picked":"Acrobatics+1","floor":31},{"not_picked":["Acrobatics","Bane"],"picked":"Cloak And Dagger+1","floor":35},{"not_picked":["Masterful Stab","Flying Knee","Dodge and Roll"],"picked":"SKIP","floor":35},{"not_picked":["Slice+1","Finisher","Phantasmal Killer"],"picked":"SKIP","floor":36},{"not_picked":["Endless Agony+1","Reflex+1","Deadly Poison"],"picked":"SKIP","floor":36},{"not_picked":["Masterful Stab+1","Crippling Poison+1"],"picked":"Cloak And Dagger+1","floor":37},{"not_picked":["Choke+1","Expertise+1"],"picked":"Noxious Fumes","floor":37},{"not_picked":["Dagger Throw+1","Calculated Gamble"],"picked":"Footwork","floor":38},{"not_picked":["Underhanded Strike","Blade Dance+1","Concentrate"],"picked":"SKIP","floor":38},{"not_picked":["Prepared","Bane+1"],"picked":"Distraction+1","floor":39},{"not_picked":["Cloak And Dagger+1","Deflect+1"],"picked":"PiercingWail+1","floor":39},{"not_picked":["Magnetism","Panacea"],"picked":"Panache","floor":42},{"not_picked":["Blade Dance","Corpse Explosion","Dagger Spray+1"],"picked":"SKIP","floor":47}],"player_experience":191548,"relics_obtained":[{"floor":6,"key":"Art of War"},{"floor":9,"key":"Bag of Preparation"},{"floor":21,"key":"Nilry\u0027s Codex"},{"floor":26,"key":"War Paint"},{"floor":28,"key":"Prayer Wheel"},{"floor":43,"key":"Torii"},{"floor":47,"key":"Gambling Chip"}],"event_choices":[{"damage_healed":0,"gold_gain":0,"player_choice":"Entered Light","damage_taken":14,"max_hp_gain":0,"max_hp_loss":0,"event_name":"Shining Light","floor":2,"gold_loss":0,"cards_upgraded":["Defend_G","Defend_G"]},{"damage_healed":0,"gold_gain":0,"player_choice":"Grow","damage_taken":0,"max_hp_gain":0,"max_hp_loss":0,"event_name":"Living Wall","floor":5,"gold_loss":0,"cards_upgraded":["Neutralize"]},{"damage_healed":0,"gold_gain":0,"player_choice":"Ignored","damage_taken":0,"max_hp_gain":0,"max_hp_loss":0,"event_name":"Vampires","floor":19,"gold_loss":0},{"damage_healed":0,"gold_gain":0,"player_choice":"Obtained Book","damage_taken":16,"max_hp_gain":0,"max_hp_loss":0,"event_name":"Cursed Tome","floor":21,"gold_loss":0},{"damage_healed":0,"gold_gain":0,"player_choice":"Memory 1","damage_taken":0,"max_hp_gain":0,"max_hp_loss":0,"event_name":"SensoryStone","floor":42,"gold_loss":0},{"damage_healed":18,"gold_gain":0,"player_choice":"Writhe","damage_taken":0,"max_hp_gain":0,"max_hp_loss":0,"event_name":"Winding Halls","floor":44,"gold_loss":0,"cards_obtained":["Writhe"]}],"is_beta":false,"boss_relics":[{"not_picked":["Busted Crown","Fusion Hammer"],"picked":"Philosopher\u0027s Stone"},{"not_picked":["Coffee Dripper","HoveringKite"],"picked":"White Beast Statue"}],"items_purged_floors":[41],"is_endless":false,"potions_floor_spawned":[6,11,18,20,35,36,37,38,39,47],"ascension_level":2}