{"gold_per_floor":[119,51,64,25,38,38,58,58,58,58,70,70,85,102,102,201,201,218,195,207,222,222,222,232,232,232,245,257,257],"floor_reached":29,"playtime":1243,"items_purged":[],"score":221,"play_id":"42693742-0832-4d40-a502-58ae590a83df","local_time":"20190124115810","is_ascension_mode":false,"campfire_choices":[{"data":"Buffer","floor":6,"key":"SMITH"},{"data":"Capacitor","floor":8,"key":"SMITH"},{"data":"Defragment","floor":12,"key":"SMITH"},{"data":"Zap","floor":15,"key":"SMITH"},{"data":"Defragment","floor":23,"key":"SMITH"},{"data":"Tempest","floor":25,"key":"SMITH"}],"neow_cost":"NONE","seed_source_timestamp":4810970326375184,"circlet_count":0,"master_deck":["Strike_B","Strike_B","Defend_B","Defend_B","Defend_B","Defend_B","Zap+1","Dualcast","Buffer+1","Capacitor+1","Defragment+1","Gash","Tempest+1","Aggregate","Rebound","Scrape","Gash","Reboot","Cold Snap","Electrodynamics","Defragment+1","Conserve Battery","Sunder+1","Fusion","Buffer","Gash","Coolheaded","Undo"],"relics":["Cracked Core","Dodecahedron","Inserter","Blue Candle"],"potions_floor_usage":[13,24,24,29,29,29],"damage_taken":[{"damage":0,"enemies":"Cultist","floor":1,"turns":3},{"damage":0,"enemies":"Jaw Worm","floor":3,"turns":4},{"damage":0,"enemies":"Small Slimes","floor":5,"turns":3},{"damage":0,"enemies":"Looter","floor":7,"turns":3},{"damage":6,"enemies":"3 Louse","floor":11,"turns":3},{"damage":2,"enemies":"2 Fungi Beasts","floor":13,"turns":3},{"damage":8,"enemies":"Exordium Thugs","floor":14,"turns":4},{"damage":37,"enemies":"The Guardian","floor":16,"turns":9},{"damage":0,"enemies":"3 Byrds","floor":18,"turns":3},{"damage":5,"enemies":"Chosen","floor":20,"turns":4},{"damage":7,"enemies":"Snake Plant","floor":21,"turns":4},{"damage":5,"enemies":"Cultist and Chosen","floor":24,"turns":5},{"damage":10,"enemies":"Sentry and Sphere","floor":27,"turns":5},{"damage":32,"enemies":"3 Cultists","floor":28,"turns":4},{"damage":21,"enemies":"Colosseum Slavers","floor":29,"turns":1}],"seed_played":"254702875356387203","potions_obtained":[{"floor":1,"key":"EssenceOfSteel"},{"floor":11,"key":"SpeedPotion"},{"floor":13,"key":"Swift Potion"},{"floor":18,"key":"Poison Potion"},{"floor":27,"key":"Poison Potion"},{"floor":28,"key":"Poison Potion"}],"is_trial":false,"path_per_floor":["M","$","M","$","M","R","M","R","T","?","M","R","M","M","R","B",null,"M","$","M","M","?","R","M","R","T","M","M","?"],"character_chosen":"DEFECT","items_purchased":["Defragment","Tempest","Conserve Battery"],"campfire_rested":0,"item_purchase_floors":[2,4,19],"current_hp_per_floor":[75,75,75,75,75,75,75,75,75,75,69,69,67,59,59,22,75,75,75,70,63,63,63,58,58,58,48,16,0],"gold":257,"neow_bonus":"ONE_RANDOM_RARE_CARD","is_prod":false,"is_daily":false,"chose_seed":false,"campfire_upgraded":6,"win_rate":0,"timestamp":1548331090,"path_taken":["M","$","?","$","M","R","M","R","T","?","M","R","?","M","R","BOSS","M","$","M","M","?","R","?","R","T","M","M","?"],"build_version":"2019-01-23","purchased_purges":0,"victory":false,"max_hp_per_floor":[75,75,75,75,75,75,75,75,75,75,75,75,75,75,75,75,75,75,75,75,75,75,75,75,75,75,75,75,75],"card_choices":[{"not_picked":["Leap","Redo"],"picked":"Capacitor","floor":1},{"not_picked":["Stack","Steam"],"picked":"Gash","floor":3},{"not_picked":["Steam","Tempest"],"picked":"Aggregate","floor":5},{"not_picked":["Streamline","Skim"],"picked":"Rebound","floor":7},{"not_picked":["Steam Power","Melter"],"picked":"Gash","floor":11},{"not_picked":["Darkness","Barrage"],"picked":"Reboot","floor":13},{"not_picked":["Coolheaded","Rip and Tear"],"picked":"Cold Snap","floor":14},{"not_picked":["Thunder Strike","Core Surge"],"picked":"Electrodynamics","floor":16},{"not_picked":["Sweeping Beam","Turbo"],"picked":"Defragment","floor":18},{"not_picked":["Heatsinks","Rebound"],"picked":"Sunder+1","floor":20},{"not_picked":["Melter","Go for the Eyes"],"picked":"Fusion","floor":21},{"not_picked":["Self Repair","Streamline"],"picked":"Gash","floor":24},{"not_picked":["Rebound+1","Compile Driver"],"picked":"Coolheaded","floor":27},{"not_picked":["Lockon+1","Melter"],"picked":"Undo","floor":28}],"player_experience":916580,"relics_obtained":[{"floor":9,"key":"Dodecahedron"},{"floor":26,"key":"Blue Candle"}],"event_choices":[{"damage_healed":0,"gold_gain":0,"cards_transformed":["Strike_B"],"player_choice":"Transformed","damage_taken":0,"max_hp_gain":0,"max_hp_loss":0,"event_name":"Transmorgrifier","floor":10,"gold_loss":0,"cards_obtained":["Scrape"]},{"damage_healed":0,"gold_gain":0,"cards_transformed":["Strike_B"],"player_choice":"Transformed","damage_taken":0,"max_hp_gain":0,"max_hp_loss":0,"event_name":"Transmorgrifier","floor":22,"gold_loss":0,"cards_obtained":["Buffer"]},{"damage_healed":0,"gold_gain":0,"player_choice":"Fight","damage_taken":0,"max_hp_gain":0,"max_hp_loss":0,"event_name":"Colosseum","floor":29,"gold_loss":0}],"is_beta":false,"boss_relics":[{"not_picked":["Empty Cage","Ectoplasm"],"picked":"Inserter"}],"items_purged_floors":[],"is_endless":false,"potions_floor_spawned":[1,11,13,18,27,28],"killed_by":"Colosseum Slavers","ascension_level":0}