{"gold_per_floor":[114,129,3,3,3,3,15,29,81,95,95,108,119,130,130,130],"floor_reached":16,"playtime":711,"items_purged":["Strike_B"],"score":96,"play_id":"682b286f-bd98-4584-8391-3ae70f5f77bf","local_time":"20180820233023","is_ascension_mode":false,"campfire_choices":[{"data":"Zap","floor":6,"key":"SMITH"},{"data":"Dualcast","floor":15,"key":"SMITH"}],"neow_cost":"NONE","seed_source_timestamp":4498961804026377,"circlet_count":0,"master_deck":["Strike_B","Defend_B","Defend_B","Defend_B","Defend_B","Zap+1","Dualcast+1"],"relics":["Cracked Core","Oddly Smooth Stone"],"potions_floor_usage":[14,16,16],"damage_taken":[{"damage":7,"enemies":"Small Slimes","floor":1,"turns":4},{"damage":1,"enemies":"2 Louse","floor":2,"turns":2},{"damage":0,"enemies":"Cultist","floor":7,"turns":4},{"damage":2,"enemies":"Blue Slaver","floor":8,"turns":4},{"damage":0,"enemies":"Large Slime","floor":10,"turns":6},{"damage":1,"enemies":"Exordium Wildlife","floor":12,"turns":4},{"damage":2,"enemies":"3 Louse","floor":13,"turns":3},{"damage":5,"enemies":"Exordium Thugs","floor":14,"turns":4},{"damage":59,"enemies":"Hexaghost","floor":16,"turns":14}],"seed_played":"3420181361120237432","potions_obtained":[{"floor":2,"key":"Dexterity Potion"},{"floor":7,"key":"Fire Potion"}],"is_trial":false,"path_per_floor":["M","M","$","?","?","R","M","M","T","M","?","M","M","M","R"],"character_chosen":"DEFECT","items_purchased":["PowerPotion"],"campfire_rested":0,"item_purchase_floors":[3],"current_hp_per_floor":[68,67,67,67,60,60,60,58,58,58,63,62,60,55,55,0],"gold":130,"neow_bonus":"REMOVE_CARD","is_prod":false,"is_daily":false,"chose_seed":false,"campfire_upgraded":2,"win_rate":0,"timestamp":1534804223,"path_taken":["M","M","$","?","?","R","M","M","T","M","?","?","M","M","R","BOSS"],"build_version":"2018-08-16","purchased_purges":1,"victory":false,"max_hp_per_floor":[75,75,75,75,75,75,75,75,75,75,80,80,80,80,80,80],"card_choices":[{"not_picked":["Barrage","Consume","Cold Snap"],"picked":"SKIP","floor":1},{"not_picked":["Undo","Streamline","Storm"],"picked":"SKIP","floor":2},{"not_picked":["Defragment","Beam Cell","Barrage"],"picked":"SKIP","floor":7},{"not_picked":["Beam Cell","Lockon","Chaos"],"picked":"SKIP","floor":8},{"not_picked":["Hologram","White Noise","Force Field"],"picked":"SKIP","floor":10},{"not_picked":["Stack","Sweeping Beam","Fusion"],"picked":"SKIP","floor":12},{"not_picked":["Steam","Core Surge","FTL"],"picked":"SKIP","floor":13},{"not_picked":["Fusion","Loop","Hello World"],"picked":"SKIP","floor":14}],"player_experience":424966,"relics_obtained":[{"floor":9,"key":"Oddly Smooth Stone"}],"event_choices":[{"event_name":"The Cleric","player_choice":"Leave","floor":4,"damage_taken":0},{"event_name":"Golden Wing","player_choice":"Card Removal","floor":5,"damage_taken":0},{"event_name":"Big Fish","player_choice":"Donut","floor":11,"damage_taken":0}],"is_beta":false,"boss_relics":[],"items_purged_floors":[3],"is_endless":false,"potions_floor_spawned":[2,7,8,12],"killed_by":"Hexaghost","ascension_level":0}