{"gold_per_floor":[116,132,150,170,189,189,214,214,214,214,245,63,63,108,108,203,203,222,115,115,129,148,148,174,174,197,213,8,19,19,19,19,121,121,139,139,159,177,197,197,214,214,237,247,122,139,139,151,151,151],"floor_reached":51,"playtime":5007,"items_purged":["Strike_R","Searing Blow","Pain"],"score":1165,"play_id":"11f8907b-59e4-4d3e-a7b5-83c0c7cc218b","local_time":"20190328103843","is_ascension_mode":true,"campfire_choices":[{"floor":6.0,"key":"REST"},{"data":"Bash","floor":8.0,"key":"SMITH"},{"data":"Carnage","floor":13.0,"key":"SMITH"},{"data":"Armaments","floor":15.0,"key":"SMITH"},{"data":"Fiend Fire","floor":23.0,"key":"SMITH"},{"data":"Uppercut","floor":25.0,"key":"SMITH"},{"data":"Corruption","floor":30.0,"key":"SMITH"},{"data":"Barricade","floor":32.0,"key":"SMITH"},{"data":"Fiend Fire","floor":40.0,"key":"SMITH"},{"data":"Demon Form","floor":42.0,"key":"SMITH"},{"floor":47.0,"key":"DIG"},{"data":"Limit Break","floor":49.0,"key":"SMITH"}],"neow_cost":"PERCENT_DAMAGE","seed_source_timestamp":602296362934400,"circlet_count":0,"master_deck":["AscendersBane","Bash+1","Armaments+1","Armaments","Anger","Metallicize","Shrug It Off","Disarm","Battle Trance","Carnage+1","Feed","Limit Break+1","Demon Form+1","Exhume","Pommel Strike","Twin Strike","Reckless Charge","Fiend Fire+1","Disarm","Feel No Pain","Uppercut+1","Barricade+1","Feel No Pain","Disarm","Battle Trance+1","Disarm+1","Corruption+1","Dual Wield","Fiend Fire+1","Headbutt","Purity","Inflame","Shrug It Off","True Grit","Sentinel"],"special_seed":0,"relics":["Burning Blood","FossilizedHelix","Pantograph","Shovel","Gremlin Horn","Vajra","Pandora\u0027s Box","Peace Pipe","Pen Nib","Cursed Key","Centennial Puzzle","Torii"],"potions_floor_usage":[50],"damage_taken":[{"damage":0.0,"enemies":"Cultist","floor":1.0,"turns":3.0},{"damage":0.0,"enemies":"Small Slimes","floor":2.0,"turns":3.0},{"damage":0.0,"enemies":"Jaw Worm","floor":3.0,"turns":4.0},{"damage":19.0,"enemies":"Large Slime","floor":4.0,"turns":7.0},{"damage":25.0,"enemies":"Gremlin Gang","floor":5.0,"turns":8.0},{"damage":22.0,"enemies":"Gremlin Nob","floor":7.0,"turns":5.0},{"damage":13.0,"enemies":"Lagavulin","floor":11.0,"turns":10.0},{"damage":52.0,"enemies":"Slime Boss","floor":16.0,"turns":10.0},{"damage":10.0,"enemies":"3 Byrds","floor":18.0,"turns":4.0},{"damage":0.0,"enemies":"Spheric Guardian","floor":21.0,"turns":3.0},{"damage":9.0,"enemies":"Snecko","floor":22.0,"turns":5.0},{"damage":0.0,"enemies":"Slavers","floor":24.0,"turns":4.0},{"damage":13.0,"enemies":"Centurion and Healer","floor":27.0,"turns":6.0},{"damage":0.0,"enemies":"3 Cultists","floor":29.0,"turns":6.0},{"damage":25.0,"enemies":"Automaton","floor":33.0,"turns":10.0},{"damage":17.0,"enemies":"3 Darklings","floor":35.0,"turns":5.0},{"damage":0.0,"enemies":"Orb Walker","floor":37.0,"turns":2.0},{"damage":23.0,"enemies":"Jaw Worm Horde","floor":38.0,"turns":6.0},{"damage":0.0,"enemies":"Sphere and 2 Shapes","floor":39.0,"turns":4.0},{"damage":4.0,"enemies":"Writhing Mass","floor":41.0,"turns":8.0},{"damage":0.0,"enemies":"Transient","floor":44.0,"turns":5.0},{"damage":11.0,"enemies":"Jaw Worm Horde","floor":46.0,"turns":9.0},{"damage":18.0,"enemies":"3 Darklings","floor":48.0,"turns":9.0},{"damage":64,"enemies":"Awakened One","floor":50,"turns":10}],"seed_played":"7927808906882519357","potions_obtained":[{"floor":2.0,"key":"Dexterity Potion"},{"floor":16.0,"key":"PowerPotion"},{"floor":18.0,"key":"AttackPotion"},{"floor":21.0,"key":"Energy Potion"},{"floor":24.0,"key":"Fire Potion"},{"floor":38.0,"key":"Weak Potion"},{"floor":41.0,"key":"Strength Potion"},{"floor":46.0,"key":"Swift Potion"}],"is_trial":false,"path_per_floor":["M","M","M","M","M","R","E","R","T","?","E","$","R","T","R","B",null,"M","$","?","M","M","R","E","R","T","M","$","M","R","?","R","B",null,"M","?","M","M","M","R","M","R","T","M","$","M","R","M","R","B",null],"character_chosen":"IRONCLAD","items_purchased":["Battle Trance","Carnage","Feel No Pain","Uppercut","Corruption","Dual Wield"],"campfire_rested":1,"item_purchase_floors":[12,12,19,19,28,28],"current_hp_per_floor":[57,63,69,56,37,61,45,45,45,45,38,38,38,38,38,17,64,60,60,60,66,63,63,69,69,69,66,66,72,72,84,84,68,82,74,74,80,66,72,72,77,77,77,83,83,86,86,74,74,41],"gold":151,"neow_bonus":"ONE_RARE_RELIC","is_prod":false,"is_daily":false,"chose_seed":false,"campfire_upgraded":10,"win_rate":1,"timestamp":1553794723,"path_taken":["M","M","M","M","?","R","E","R","T","?","E","$","R","?","R","BOSS","M","$","?","M","M","R","E","R","T","?","?","M","R","?","R","BOSS","M","?","M","M","M","R","M","R","T","M","$","M","R","M","R","BOSS"],"build_version":"2019-01-23","purchased_purges":3,"victory":true,"max_hp_per_floor":[80,80,80,80,80,80,80,80,80,80,80,80,80,80,80,80,80,80,80,80,80,80,80,80,80,80,84,84,84,84,84,84,87,87,90,90,90,93,93,93,96,96,96,96,96,104,104,104,104,104],"card_choices":[{"not_picked":["Power Through","Thunderclap"],"picked":"Armaments","floor":1.0},{"not_picked":["Thunderclap","Heavy Blade"],"picked":"Armaments","floor":2.0},{"not_picked":["Cleave","Sever Soul"],"picked":"Combust","floor":3.0},{"not_picked":["Metallicize","Flex"],"picked":"Anger","floor":4.0},{"not_picked":["Sentinel","Searing Blow"],"picked":"Metallicize","floor":5.0},{"not_picked":["Double Tap","Flex"],"picked":"Shrug It Off","floor":7.0},{"not_picked":["Armaments","Pommel Strike"],"picked":"Disarm","floor":11.0},{"not_picked":["Reaper","Limit Break"],"picked":"Feed","floor":16.0},{"not_picked":["Iron Wave","Shockwave+1"],"picked":"Disarm","floor":18.0},{"not_picked":["Pommel Strike","Whirlwind"],"picked":"Feel No Pain","floor":21.0},{"not_picked":["Power Through","Clash"],"picked":"Disarm","floor":22.0},{"not_picked":["Warcry+1","Thunderclap"],"picked":"Battle Trance+1","floor":24.0},{"not_picked":["Infernal Blade","Dropkick"],"picked":"Disarm+1","floor":27.0},{"not_picked":["Pommel Strike","Havoc","Iron Wave"],"picked":"SKIP","floor":29.0},{"not_picked":["Barricade","Bludgeon"],"picked":"Fiend Fire","floor":33.0},{"not_picked":["True Grit","Sword Boomerang+1"],"picked":"Headbutt","floor":35.0},{"not_picked":["Twin Strike","Blood for Blood"],"picked":"Inflame","floor":37.0},{"not_picked":["Anger","Searing Blow","Infernal Blade"],"picked":"SKIP","floor":38.0},{"not_picked":["Flex+1","Rage+1"],"picked":"Shrug It Off","floor":39.0},{"not_picked":["Rampage","Clothesline"],"picked":"True Grit","floor":41.0},{"not_picked":["Cleave","Searing Blow+1","Intimidate"],"picked":"SKIP","floor":44.0},{"not_picked":["Fire Breathing+1","Infernal Blade","Rupture"],"picked":"SKIP","floor":46.0},{"not_picked":["Fire Breathing+1","Infernal Blade","Rupture"],"picked":"SKIP","floor":46.0},{"not_picked":["Uppercut","Wild Strike"],"picked":"Sentinel","floor":48.0}],"player_experience":141460,"relics_obtained":[{"floor":7.0,"key":"Pantograph"},{"floor":9.0,"key":"Shovel"},{"floor":11.0,"key":"Gremlin Horn"},{"floor":14.0,"key":"Vajra"},{"floor":24.0,"key":"Peace Pipe"},{"floor":26.0,"key":"Pen Nib"},{"floor":43.0,"key":"Centennial Puzzle"},{"floor":47.0,"key":"Torii"}],"event_choices":[{"damage_healed":0.0,"max_hp_gain":0.0,"max_hp_loss":0.0,"gold_gain":0.0,"event_name":"Shining Light","player_choice":"Ignored","floor":10.0,"gold_loss":0.0,"damage_taken":0.0},{"damage_healed":0.0,"max_hp_gain":0.0,"max_hp_loss":0.0,"gold_gain":0.0,"event_name":"Match and Keep!","player_choice":"1 cards matched","floor":20.0,"gold_loss":0.0,"damage_taken":0.0,"cards_obtained":["Barricade"]},{"cards_removed":["Combust"],"damage_healed":12.0,"max_hp_gain":0.0,"max_hp_loss":0.0,"gold_gain":0.0,"event_name":"Bonfire Elementals","player_choice":"Offered Uncommon","floor":31.0,"gold_loss":0.0,"damage_taken":0.0},{"damage_healed":0.0,"max_hp_gain":0.0,"max_hp_loss":0.0,"gold_gain":0.0,"event_name":"Match and Keep!","player_choice":"1 cards matched","floor":36.0,"gold_loss":0.0,"damage_taken":0.0,"cards_obtained":["Purity"]}],"is_beta":false,"boss_relics":[{"not_picked":["White Beast Statue","Calling Bell"],"picked":"Pandora\u0027s Box"},{"not_picked":["Black Star","Velvet Choker"],"picked":"Cursed Key"}],"items_purged_floors":[12,28,45],"is_endless":false,"potions_floor_spawned":[2,16,18,21,24,38,41,44,46],"ascension_level":12}