{"gold_per_floor":[116,116,134,134,159,159,192,192,216,216,94,117,131,50,50,50],"floor_reached":16,"playtime":562,"items_purged":[],"score":113,"play_id":"a738c701-4c02-4c0f-9cc0-f6823463b9dd","local_time":"20190319013237","is_ascension_mode":true,"campfire_choices":[{"data":"Zap","floor":6,"key":"SMITH"},{"floor":8,"key":"REST"},{"floor":15,"key":"REST"}],"neow_cost":"NONE","seed_source_timestamp":504578005794283,"circlet_count":0,"master_deck":["Strike_B","Strike_B","Strike_B","Strike_B","Defend_B","Defend_B","Defend_B","Defend_B","Zap+1","Dualcast","Conserve Battery","Turbo","Core Surge","Consume","Defragment","Stack","Genetic Algorithm","Capacitor"],"relics":["Cracked Core","Golden Idol","Art of War","Happy Flower","Pen Nib","Ancient Tea Set"],"potions_floor_usage":[16],"damage_taken":[{"damage":2,"enemies":"Jaw Worm","floor":1,"turns":3},{"damage":0,"enemies":"2 Louse","floor":3,"turns":2},{"damage":1,"enemies":"Cultist","floor":5,"turns":4},{"damage":43,"enemies":"Gremlin Nob","floor":7,"turns":5},{"damage":23,"enemies":"Large Slime","floor":13,"turns":7},{"damage":40,"enemies":"Hexaghost","floor":16,"turns":10}],"seed_played":"-2373302920356051945","potions_obtained":[{"floor":13,"key":"Swift Potion"}],"is_trial":false,"path_per_floor":["M","?","M","?","M","R","E","R","T","?","$","T","M","$","R","B"],"character_chosen":"DEFECT","items_purchased":["Defragment","Stack","Capacitor"],"campfire_rested":2,"item_purchase_floors":[11,11,14],"current_hp_per_floor":[80,60,60,65,64,64,21,47,47,35,35,35,12,12,38,0],"gold":50,"neow_bonus":"TEN_PERCENT_HP_BONUS","is_prod":false,"is_daily":false,"chose_seed":false,"campfire_upgraded":1,"win_rate":0,"timestamp":1552973557,"path_taken":["M","?","M","?","M","R","E","R","T","?","$","?","?","?","R","BOSS"],"build_version":"2019-01-23","purchased_purges":0,"victory":false,"max_hp_per_floor":[82,82,82,87,87,87,87,87,87,87,87,87,87,87,87,87],"card_choices":[{"not_picked":["Rebound","Hello World"],"picked":"Conserve Battery","floor":1},{"not_picked":["Go for the Eyes","Redo"],"picked":"Turbo","floor":3},{"not_picked":["Ball Lightning","Go for the Eyes"],"picked":"Core Surge","floor":5},{"not_picked":["Steam","Compile Driver"],"picked":"Consume","floor":7},{"not_picked":["Turbo","Steam"],"picked":"Genetic Algorithm","floor":13}],"player_experience":1266829,"relics_obtained":[{"floor":7,"key":"Art of War"},{"floor":9,"key":"Happy Flower"},{"floor":12,"key":"Ancient Tea Set"}],"event_choices":[{"damage_healed":0,"gold_gain":0,"player_choice":"Take Damage","damage_taken":20,"relics_obtained":["Golden Idol"],"max_hp_gain":0,"max_hp_loss":0,"event_name":"Golden Idol","floor":2,"gold_loss":0},{"damage_healed":0,"gold_gain":0,"player_choice":"Donut","damage_taken":0,"max_hp_gain":5,"max_hp_loss":0,"event_name":"Big Fish","floor":4,"gold_loss":0},{"damage_healed":0,"gold_gain":0,"player_choice":"Success","damage_taken":12,"relics_obtained":["Pen Nib"],"max_hp_gain":0,"max_hp_loss":0,"event_name":"Scrap Ooze","floor":10,"gold_loss":0}],"is_beta":false,"boss_relics":[],"items_purged_floors":[],"is_endless":false,"potions_floor_spawned":[13],"killed_by":"Hexaghost","ascension_level":3}