{"gold_per_floor":[109,109,109,123,123,139,139,17,44,64,64,129,129,143,143,243,243,183,197,28,0,50,50,62,62,89,106,106,156,156,49,49,49],"floor_reached":33,"playtime":1485,"items_purged":["Regret"],"score":233,"play_id":"cb0d35d1-5de5-4773-9fc3-7f7c6df024c8","local_time":"20181206011002","is_ascension_mode":false,"campfire_choices":[{"data":"Static Discharge","floor":7,"key":"SMITH"},{"data":"Self Repair","floor":11,"key":"SMITH"},{"data":"Conserve Battery","floor":13,"key":"SMITH"},{"data":"Capacitor","floor":15,"key":"SMITH"},{"floor":23,"key":"RECALL"},{"data":"Fission","floor":25,"key":"SMITH"},{"data":"Loop","floor":28,"key":"SMITH"},{"data":"Hologram","floor":30,"key":"SMITH"},{"data":"Static Discharge","floor":32,"key":"SMITH"}],"neow_cost":"NONE","seed_source_timestamp":538238037930652,"circlet_count":0,"master_deck":["Strike_B+1","Strike_B+1","Strike_B+1","Strike_B+1","Defend_B+1","Defend_B+1","Defend_B+1","Defend_B+1","Zap","Dualcast","Panacea","Static Discharge+1","Sunder","Gash","Self Repair+1","Conserve Battery+1","Barrage","Capacitor+1","Fission+1","Aggregate","Ball Lightning","Sunder","Discovery","Loop+1","Hologram+1","Consume","Static Discharge+1","Gash"],"relics":["Cracked Core","Smiling Mask","SsserpentHead","Potion Belt","Nuclear Battery","MutagenicStrength"],"potions_floor_usage":[10,18,33],"damage_taken":[{"damage":0,"enemies":"Cultist","floor":1,"turns":4},{"damage":13,"enemies":"Jaw Worm","floor":4,"turns":4},{"damage":2,"enemies":"2 Louse","floor":6,"turns":2},{"damage":0,"enemies":"Gremlin Gang","floor":10,"turns":3},{"damage":20,"enemies":"Exordium Wildlife","floor":12,"turns":3},{"damage":0,"enemies":"2 Fungi Beasts","floor":14,"turns":2},{"damage":43,"enemies":"Hexaghost","floor":16,"turns":7},{"damage":0,"enemies":"2 Thieves","floor":18,"turns":4},{"damage":18,"enemies":"Spheric Guardian","floor":19,"turns":5},{"damage":23,"enemies":"Chosen and Byrds","floor":24,"turns":6},{"damage":14,"enemies":"Sentry and Sphere","floor":27,"turns":4},{"damage":55,"enemies":"Collector","floor":33,"turns":8}],"seed_played":"7980981847361807636","potions_obtained":[{"floor":1,"key":"SneckoOil"},{"floor":4,"key":"SpeedPotion"},{"floor":24,"key":"Weak Potion"},{"floor":27,"key":"Weak Potion"}],"is_trial":false,"path_per_floor":["M","?","?","M","?","M","R","$","T","M","R","M","R","M","R","B",null,"M","M","$","?","?","R","M","R","T","M","R","?","R","$","R","B"],"character_chosen":"DEFECT","items_purchased":["Self Repair","Sunder","Discovery","Consume","Static Discharge","Gash"],"campfire_rested":0,"item_purchase_floors":[8,20,20,31,31,31],"current_hp_per_floor":[75,75,75,62,62,60,60,60,60,67,67,57,57,67,67,24,75,75,67,67,67,67,67,54,54,54,50,50,50,50,50,50,0],"gold":49,"neow_bonus":"RANDOM_COLORLESS","is_prod":false,"is_daily":false,"chose_seed":false,"campfire_upgraded":8,"win_rate":0,"timestamp":1544058602,"path_taken":["M","?","?","M","?","M","R","$","T","M","R","?","R","M","R","BOSS","M","M","$","?","?","R","M","R","T","M","R","?","R","?","R","BOSS"],"build_version":"2018-11-15","purchased_purges":1,"victory":false,"max_hp_per_floor":[75,75,75,75,75,75,75,75,75,75,75,75,75,75,75,75,75,75,75,75,75,75,75,75,75,75,75,75,75,75,75,75,75],"card_choices":[{"not_picked":["Turbo","Rebound"],"picked":"Static Discharge","floor":1},{"not_picked":["Blizzard","Tempest"],"picked":"Sunder","floor":4},{"not_picked":["Redo","Ball Lightning"],"picked":"Gash","floor":6},{"not_picked":["Ball Lightning","Cold Snap"],"picked":"Conserve Battery","floor":10},{"not_picked":["Stack","Redo"],"picked":"Barrage","floor":12},{"not_picked":["Stack","Streamline"],"picked":"Capacitor","floor":14},{"not_picked":["Rainbow","Reboot"],"picked":"Fission","floor":16},{"not_picked":["Barrage","Gash"],"picked":"Aggregate","floor":18},{"not_picked":["Lockon","Redo"],"picked":"Ball Lightning","floor":19},{"not_picked":["Compile Driver","Hologram"],"picked":"Loop","floor":24},{"not_picked":["Chaos+1","Steam"],"picked":"Hologram","floor":27}],"player_experience":783259,"relics_obtained":[{"floor":9,"key":"Potion Belt"}],"event_choices":[{"damage_healed":0,"gold_gain":0,"player_choice":"Leave","damage_taken":0,"max_hp_gain":0,"max_hp_loss":0,"event_name":"The Cleric","floor":2,"gold_loss":0},{"damage_healed":0,"gold_gain":0,"player_choice":"Box","damage_taken":0,"relics_obtained":["Smiling Mask"],"max_hp_gain":0,"max_hp_loss":0,"event_name":"Big Fish","floor":3,"gold_loss":0,"cards_obtained":["Regret"]},{"damage_healed":0,"gold_gain":0,"player_choice":"Trade","damage_taken":0,"relics_obtained":["SsserpentHead"],"max_hp_gain":0,"max_hp_loss":0,"event_name":"FaceTrader","floor":5,"gold_loss":0},{"damage_healed":0,"gold_gain":0,"player_choice":"Paid Fearfully","damage_taken":0,"max_hp_gain":0,"max_hp_loss":0,"event_name":"Masked Bandits","floor":21,"gold_loss":78},{"damage_healed":0,"gold_gain":0,"player_choice":"Simplicity","damage_taken":0,"max_hp_gain":0,"max_hp_loss":0,"event_name":"Back to Basics","floor":22,"gold_loss":0,"cards_upgraded":["Strike_B","Strike_B","Strike_B","Strike_B","Defend_B","Defend_B","Defend_B","Defend_B"]},{"damage_healed":0,"gold_gain":0,"player_choice":"Inject Mutagens","damage_taken":0,"relics_obtained":["MutagenicStrength"],"max_hp_gain":0,"max_hp_loss":0,"event_name":"Drug Dealer","floor":29,"gold_loss":0}],"is_beta":false,"boss_relics":[{"not_picked":["Empty Cage","Cursed Key"],"picked":"Nuclear Battery"}],"items_purged_floors":[8],"is_endless":false,"potions_floor_spawned":[1,4,24,27],"killed_by":"Collector","ascension_level":0}