{"gold_per_floor":[364,202,219,235,410,421,421,32,56,73,99,164,164,19,19,124,124,142,156,255,255,255,255,255],"floor_reached":24,"playtime":1123,"items_purged":["Doubt"],"score":194,"play_id":"119b64b5-dad2-4b3c-b6b1-84751be30706","local_time":"20190326215256","is_ascension_mode":false,"campfire_choices":[{"data":"Bash","floor":7.0,"key":"SMITH"},{"floor":15,"key":"REST"},{"data":"Barricade","floor":23,"key":"SMITH"}],"neow_cost":"TEN_PERCENT_HP_LOSS","seed_source_timestamp":160598546655815,"circlet_count":0,"master_deck":["Strike_R","Strike_R","Strike_R","Strike_R","Strike_R","Defend_R","Defend_R","Defend_R","Defend_R","Bash+1","Evolve","Demon Form","Feel No Pain","Shrug It Off","Pommel Strike","Whirlwind","Barricade+1","Immolate","Shrug It Off","Flame Barrier","Pommel Strike"],"special_seed":0,"relics":["Burning Blood","Shuriken","Boot","PreservedInsect","Blue Candle","Orichalcum","Velvet Choker"],"potions_floor_usage":[18,24],"damage_taken":[{"damage":6.0,"enemies":"Cultist","floor":1.0,"turns":3.0},{"damage":7.0,"enemies":"Small Slimes","floor":3.0,"turns":4.0},{"damage":5.0,"enemies":"2 Louse","floor":4.0,"turns":3.0},{"damage":28.0,"enemies":"Large Slime","floor":6.0,"turns":11.0},{"damage":12.0,"enemies":"2 Fungi Beasts","floor":10.0,"turns":5.0},{"damage":13.0,"enemies":"Lagavulin","floor":11.0,"turns":7.0},{"damage":13.0,"enemies":"3 Sentries","floor":12.0,"turns":8.0},{"damage":51,"enemies":"The Guardian","floor":16,"turns":10},{"damage":18,"enemies":"Shell Parasite","floor":18,"turns":4},{"damage":16,"enemies":"Spheric Guardian","floor":19,"turns":4},{"damage":52,"enemies":"Book of Stabbing","floor":24,"turns":5}],"seed_played":"3281129796979676976","potions_obtained":[{"floor":4.0,"key":"SkillPotion"},{"floor":6.0,"key":"Regen Potion"},{"floor":12.0,"key":"SteroidPotion"},{"floor":16,"key":"Strength Potion"},{"floor":19,"key":"PowerPotion"}],"is_trial":false,"path_per_floor":["M","$","M","M","?","M","R","$","T","M","E","?","?","$","R","B",null,"M","M","?","?","$","R","E"],"character_chosen":"IRONCLAD","items_purchased":["Demon Form","Shuriken","Pommel Strike","Orichalcum"],"campfire_rested":1,"item_purchase_floors":[2,8,8,14],"current_hp_per_floor":[72,72,71,72,72,50,50,50,50,58,51,44,44,44,65,20,72,60,50,50,50,50,50,0],"gold":255,"neow_bonus":"TWO_FIFTY_GOLD","is_prod":false,"is_daily":false,"chose_seed":false,"campfire_upgraded":2,"win_rate":0,"timestamp":1553646176,"path_taken":["M","$","M","M","?","M","R","$","T","M","E","?","?","$","R","BOSS","M","M","?","?","$","R","E"],"build_version":"2019-03-15","purchased_purges":1,"victory":false,"max_hp_per_floor":[72,72,72,72,72,72,72,72,72,72,72,72,72,72,72,72,72,72,72,72,72,72,72,72],"card_choices":[{"not_picked":["Headbutt","Rupture"],"picked":"Evolve","floor":1.0},{"not_picked":["Anger","True Grit","Twin Strike"],"picked":"SKIP","floor":3.0},{"not_picked":["Clash","Sentinel"],"picked":"Feel No Pain","floor":4.0},{"not_picked":["Iron Wave","Sentinel"],"picked":"Shrug It Off","floor":6.0},{"not_picked":["Carnage","Anger"],"picked":"Whirlwind","floor":10.0},{"not_picked":["Sentinel","Sword Boomerang"],"picked":"Barricade","floor":11.0},{"not_picked":["Fiend Fire","Demon Form"],"picked":"Immolate","floor":16},{"not_picked":["Ghostly Armor","Anger"],"picked":"Shrug It Off","floor":18},{"not_picked":["Warcry+1","Body Slam"],"picked":"Flame Barrier","floor":19}],"player_experience":778685,"relics_obtained":[{"floor":9.0,"key":"Boot"},{"floor":11.0,"key":"PreservedInsect"}],"event_choices":[{"damage_healed":0.0,"max_hp_gain":0.0,"max_hp_loss":0.0,"gold_gain":175.0,"event_name":"Liars Game","player_choice":"AGREE","floor":5.0,"gold_loss":0.0,"damage_taken":0.0,"cards_obtained":["Doubt"]},{"damage_healed":0.0,"max_hp_gain":0.0,"max_hp_loss":0.0,"gold_gain":0.0,"event_name":"Dead Adventurer","player_choice":"Searched \u00272\u0027 times","floor":12.0,"gold_loss":0.0,"damage_taken":0.0,"relics_obtained":["Blue Candle"]},{"damage_healed":0.0,"max_hp_gain":0.0,"max_hp_loss":0.0,"gold_gain":0.0,"event_name":"Shining Light","player_choice":"Ignored","floor":13.0,"gold_loss":0.0,"damage_taken":0.0},{"damage_healed":0,"gold_gain":99,"player_choice":"Stole From Cult","damage_taken":0,"max_hp_gain":0,"max_hp_loss":0,"event_name":"Nest","floor":20,"gold_loss":0},{"damage_healed":0,"gold_gain":0,"player_choice":"Copied","damage_taken":0,"max_hp_gain":0,"max_hp_loss":0,"event_name":"Duplicator","floor":21,"gold_loss":0,"cards_obtained":["Pommel Strike"]}],"is_beta":true,"boss_relics":[{"not_picked":["Eternal Feather","Coffee Dripper"],"picked":"Velvet Choker"}],"items_purged_floors":[8],"is_endless":false,"potions_floor_spawned":[4,6,12,16,19],"killed_by":"Book of Stabbing","ascension_level":0}