{"gold_per_floor":[112,58,233,163,163,194,194,222,268,268,286,286,79,94,94,189,189,206,115,126,126,401,401,411,431,502,502],"floor_reached":27,"playtime":4023,"items_purged":[],"score":269,"play_id":"d80ad900-0a70-4cba-b312-8479939c4443","local_time":"20190328015752","is_ascension_mode":false,"campfire_choices":[{"data":"Creative AI","floor":7,"key":"SMITH"},{"floor":10,"key":"RECALL"},{"data":"Zap","floor":12,"key":"SMITH"},{"data":"Defragment","floor":15,"key":"SMITH"},{"data":"Sunder","floor":23,"key":"SMITH"}],"neow_cost":"NONE","seed_source_timestamp":261129563581000,"circlet_count":0,"master_deck":["Strike_B","Strike_B","Strike_B","Strike_B","Defend_B","Defend_B","Defend_B+1","Defend_B+1","Zap+1","Dualcast","Stack","Conserve Battery","Creative AI+1","Defragment","Leap","Sunder+1","Doom and Gloom","Defragment+1","Seek","Consume","Self Repair","Storm","Regret"],"relics":["Cracked Core","NeowsBlessing","The Courier","War Paint","PreservedInsect","Regal Pillow","Busted Crown","Cables"],"potions_floor_usage":[16,16,18,20,25],"damage_taken":[{"damage":0,"enemies":"Cultist","floor":1,"turns":1},{"damage":0,"enemies":"3 Sentries","floor":6,"turns":1},{"damage":0,"enemies":"Lagavulin","floor":8,"turns":1},{"damage":2,"enemies":"2 Louse","floor":11,"turns":4},{"damage":5,"enemies":"Jaw Worm","floor":14,"turns":5},{"damage":12,"enemies":"Slime Boss","floor":16,"turns":6},{"damage":2,"enemies":"Chosen","floor":18,"turns":4},{"damage":13,"enemies":"Shell Parasite","floor":20,"turns":6},{"damage":25,"enemies":"Sentry and Sphere","floor":24,"turns":5},{"damage":20,"enemies":"3 Cultists","floor":25,"turns":5},{"damage":24,"enemies":"Masked Bandits","floor":27,"turns":2}],"seed_played":"-4770738074323538139","potions_obtained":[{"floor":6,"key":"Strength Potion"},{"floor":14,"key":"FearPotion"},{"floor":16,"key":"Fire Potion"},{"floor":18,"key":"AttackPotion"},{"floor":24,"key":"Energy Potion"}],"is_trial":false,"path_per_floor":["M","$","?","$","?","E","R","E","T","R","M","R","$","M","R","B",null,"M","$","M","?","?","R","M","M","T","?"],"character_chosen":"DEFECT","items_purchased":["Conserve Battery","Creative AI","Sunder","Regal Pillow","Doom and Gloom","Consume","Self Repair"],"campfire_rested":0,"item_purchase_floors":[2,4,13,13,13,19,19],"current_hp_per_floor":[75,75,75,75,68,68,68,68,68,68,66,66,66,61,61,49,75,73,73,67,53,53,53,35,22,22,0],"gold":502,"neow_bonus":"THREE_ENEMY_KILL","is_prod":false,"is_daily":false,"chose_seed":false,"campfire_upgraded":4,"win_rate":0,"timestamp":1553747272,"path_taken":["M","?","?","$","?","E","R","E","T","R","M","R","$","M","R","BOSS","M","$","M","?","?","R","?","M","T","?"],"build_version":"2019-03-15","purchased_purges":0,"victory":false,"max_hp_per_floor":[75,75,75,75,75,75,75,75,75,75,75,75,75,75,75,75,75,75,75,75,80,80,80,80,80,80,80],"card_choices":[{"not_picked":["Beam Cell","Lockon"],"picked":"Stack","floor":1},{"not_picked":["Barrage","Stack","Reinforced Body"],"picked":"SKIP","floor":6},{"not_picked":["Conserve Battery","Heatsinks"],"picked":"Defragment","floor":8},{"not_picked":["Sweeping Beam","Storm"],"picked":"Leap","floor":11},{"not_picked":["Fusion","Stack"],"picked":"Defragment","floor":14},{"not_picked":["Echo Form","Meteor Strike"],"picked":"Seek","floor":16},{"not_picked":["Cold Snap"],"picked":"SKIP","floor":18},{"not_picked":[],"picked":"Storm","floor":20},{"not_picked":["Leap"],"picked":"SKIP","floor":24},{"not_picked":["Reinforced Body"],"picked":"SKIP","floor":25}],"player_experience":785128,"relics_obtained":[{"floor":6,"key":"The Courier"},{"floor":8,"key":"War Paint"},{"floor":9,"key":"PreservedInsect"},{"floor":26,"key":"Cables"}],"event_choices":[{"damage_healed":0,"gold_gain":175,"player_choice":"AGREE","damage_taken":0,"max_hp_gain":0,"max_hp_loss":0,"event_name":"Liars Game","floor":3,"gold_loss":0,"cards_obtained":["Doubt"]},{"cards_removed":["Doubt"],"damage_healed":0,"gold_gain":0,"player_choice":"Card Removal","damage_taken":7,"max_hp_gain":0,"max_hp_loss":0,"event_name":"Golden Wing","floor":5,"gold_loss":0},{"damage_healed":0,"gold_gain":0,"player_choice":"Shed Blood","damage_taken":19,"max_hp_gain":5,"max_hp_loss":0,"event_name":"Forgotten Altar","floor":21,"gold_loss":0},{"damage_healed":0,"gold_gain":275,"player_choice":"Desecrate","damage_taken":0,"max_hp_gain":0,"max_hp_loss":0,"event_name":"Golden Shrine","floor":22,"gold_loss":0,"cards_obtained":["Regret"]},{"damage_healed":0,"gold_gain":0,"player_choice":"Fought Bandits","damage_taken":0,"max_hp_gain":0,"max_hp_loss":0,"event_name":"Masked Bandits","floor":27,"gold_loss":0}],"is_beta":true,"boss_relics":[{"not_picked":["Runic Pyramid","FrozenCore"],"picked":"Busted Crown"}],"items_purged_floors":[],"is_endless":false,"potions_floor_spawned":[6,14,16,18,24],"killed_by":"Masked Bandits","ascension_level":0}