{"gold_per_floor":[109,109,121,121,121,151,166,192,192,192,83,83,117,127,127,200,200,214,233,233,233,249,249,277,277,277,277,292,116,145,165,165,243,243,256,272,327,277,288,322,322,350,350,360,387,401,413,447,447,447,447,447,447,20,53,53],"floor_reached":57,"playtime":6440,"items_purged":["All Out Attack"],"score":3160,"play_id":"012a644d-6424-4aa7-92bf-9752916de07c","local_time":"20190317105620","is_ascension_mode":true,"campfire_choices":[{"data":"Corpse Explosion","floor":10.0,"key":"SMITH"},{"data":"Neutralize","floor":12.0,"key":"SMITH"},{"data":"Leg Sweep","floor":15.0,"key":"SMITH"},{"floor":23.0,"key":"REST"},{"data":"Well Laid Plans","floor":25.0,"key":"SMITH"},{"floor":27.0,"key":"REST"},{"data":"Night Terror","floor":32.0,"key":"SMITH"},{"floor":41.0,"key":"REST"},{"floor":49.0,"key":"RECALL"},{"floor":53.0,"key":"REST"}],"neow_cost":"NONE","seed_source_timestamp":0,"circlet_count":0,"master_deck":["AscendersBane","Defend_G","Defend_G","Defend_G","Defend_G","Defend_G","Survivor","Neutralize+1","Dagger Spray","Adrenaline+1","Flying Knee+1","Well Laid Plans+1","Blade Dance","Corpse Explosion+1","Footwork+1","Backflip","Leg Sweep+1","Dodge and Roll","Night Terror+1","Footwork+1","Underhanded Strike+1","Underhanded Strike+1","Dagger Throw+1","Noxious Fumes+1","Heel Hook","Endless Agony+1","Blur","Leg Sweep+1","Well Laid Plans+1","Finesse","Footwork+1","Bullet Time","Prepared+1","Noxious Fumes+1","Backflip+1","After Image+1","Cloak And Dagger+1","PiercingWail+1","Deflect+1","Backflip+1","Dodge and Roll+1","Noxious Fumes+1"],"special_seed":0,"relics":["Ring of the Snake","NeowsBlessing","Vajra","Frozen Egg 2","Anchor","Mercury Hourglass","Astrolabe","Blue Candle","The Courier","Mango","Fusion Hammer","Dead Branch","Whetstone","Tingsha","Toxic Egg 2","Sundial","Dodecahedron","Bag of Marbles","Shuriken"],"potions_floor_usage":[56,56],"damage_taken":[{"damage":0.0,"enemies":"2 Louse","floor":1.0,"turns":1.0},{"damage":0.0,"enemies":"Cultist","floor":3.0,"turns":1.0},{"damage":0.0,"enemies":"Gremlin Nob","floor":6.0,"turns":1.0},{"damage":0.0,"enemies":"Jaw Worm","floor":7.0,"turns":3.0},{"damage":19.0,"enemies":"Lagavulin","floor":8.0,"turns":8.0},{"damage":2.0,"enemies":"3 Sentries","floor":13.0,"turns":5.0},{"damage":1.0,"enemies":"Looter","floor":14.0,"turns":3.0},{"damage":5.0,"enemies":"The Guardian","floor":16.0,"turns":12.0},{"damage":9.0,"enemies":"2 Thieves","floor":18.0,"turns":3.0},{"damage":8.0,"enemies":"Spheric Guardian","floor":19.0,"turns":4.0},{"damage":9.0,"enemies":"Snecko","floor":22.0,"turns":4.0},{"damage":0.0,"enemies":"Book of Stabbing","floor":24.0,"turns":5.0},{"damage":1.0,"enemies":"Snake Plant","floor":28.0,"turns":3.0},{"damage":19.0,"enemies":"Slavers","floor":30.0,"turns":5.0},{"damage":0.0,"enemies":"Centurion and Healer","floor":31.0,"turns":5.0},{"damage":17.0,"enemies":"Automaton","floor":33.0,"turns":11.0},{"damage":0.0,"enemies":"3 Shapes","floor":35.0,"turns":1.0},{"damage":0.0,"enemies":"Orb Walker","floor":36.0,"turns":3.0},{"damage":16.0,"enemies":"2 Orb Walkers","floor":37.0,"turns":3.0},{"damage":1.0,"enemies":"Maw","floor":39.0,"turns":7.0},{"damage":1.0,"enemies":"Nemesis","floor":40.0,"turns":9.0},{"damage":1.0,"enemies":"Reptomancer","floor":42.0,"turns":4.0},{"damage":5.0,"enemies":"Transient","floor":44.0,"turns":6.0},{"damage":0.0,"enemies":"Giant Head","floor":45.0,"turns":7.0},{"damage":11.0,"enemies":"Sphere and 2 Shapes","floor":46.0,"turns":5.0},{"damage":7.0,"enemies":"Jaw Worm Horde","floor":47.0,"turns":4.0},{"damage":0.0,"enemies":"Nemesis","floor":48.0,"turns":9.0},{"damage":5.0,"enemies":"Time Eater","floor":50.0,"turns":16.0},{"damage":8.0,"enemies":"Awakened One","floor":51.0,"turns":16.0},{"damage":0.0,"enemies":"Shield and Spear","floor":55.0,"turns":6.0},{"damage":77,"enemies":"The Heart","floor":56,"turns":14}],"seed_played":"-5670357519648578989","potions_obtained":[{"floor":3.0,"key":"Fire Potion"},{"floor":8.0,"key":"AttackPotion"},{"floor":24.0,"key":"Ancient Potion"},{"floor":30.0,"key":"AttackPotion"},{"floor":36.0,"key":"FearPotion"},{"floor":44.0,"key":"GhostInAJar"},{"floor":55.0,"key":"SpeedPotion"}],"is_trial":false,"path_per_floor":["M","?","M","$","?","E","M","E","T","R","$","R","E","M","R","B",null,"M","M","?","?","M","R","E","R","T","R","M","$","E","M","R","B",null,"M","M","?","?","M","E","R","E","T","M","E","M","M","E","R","B","B",null,"R","$","E","B",null],"character_chosen":"THE_SILENT","items_purchased":["Footwork+1","Backflip","Well Laid Plans+1","Finesse","Footwork+1","Dodecahedron","Bag of Marbles","Dodge and Roll+1"],"campfire_rested":4,"item_purchase_floors":[11,11,29,29,29,54,54,54],"current_hp_per_floor":[59,59,59,59,59,59,59,40,40,40,40,40,38,37,37,32,58,49,41,41,23,14,35,35,35,35,56,55,55,50,50,50,33,72,72,72,56,56,55,54,79,78,78,73,73,62,55,55,55,50,42,74,85,85,85,8],"gold":53,"neow_bonus":"THREE_ENEMY_KILL","is_prod":false,"is_daily":false,"chose_seed":false,"campfire_upgraded":5,"win_rate":0,"timestamp":1552838180,"path_taken":["M","?","?","$","?","E","M","E","T","R","?","R","E","M","R","BOSS","M","M","?","?","M","R","E","R","T","R","M","?","E","M","R","BOSS","M","M","?","?","M","E","R","E","T","M","E","?","M","E","R","BOSS","BOSS","R","$","E","BOSS"],"build_version":"2019-01-23","purchased_purges":1,"victory":true,"max_hp_per_floor":[66,66,66,66,66,66,66,66,66,66,66,66,66,66,66,66,66,66,66,66,71,71,71,71,71,71,71,71,71,85,85,85,85,85,85,85,85,85,85,85,85,85,85,85,85,85,85,85,85,85,85,85,85,85,85,85],"card_choices":[{"not_picked":["Acrobatics","Masterful Stab"],"picked":"Dagger Spray","floor":1.0},{"not_picked":["Sucker Punch","Acrobatics"],"picked":"Flying Knee","floor":3.0},{"not_picked":["Dagger Spray","PiercingWail"],"picked":"Well Laid Plans","floor":6.0},{"not_picked":["Outmaneuver","Blade Dance","Tactician"],"picked":"SKIP","floor":7.0},{"not_picked":["Outmaneuver","Tactician"],"picked":"Blade Dance","floor":7.0},{"not_picked":["Choke","Dagger Spray"],"picked":"Corpse Explosion","floor":8.0},{"not_picked":["Sucker Punch","Cloak And Dagger"],"picked":"Leg Sweep","floor":13.0},{"not_picked":["Eviscerate","Outmaneuver"],"picked":"Dodge and Roll","floor":14.0},{"not_picked":["Corpse Explosion","Venomology"],"picked":"Night Terror","floor":16.0},{"not_picked":["Sucker Punch","Setup"],"picked":"Dagger Throw","floor":18.0},{"not_picked":["Reflex","Flying Knee"],"picked":"Noxious Fumes+1","floor":19.0},{"not_picked":["Quick Slash","Tactician"],"picked":"Endless Agony+1","floor":22.0},{"not_picked":["Blade Dance","Masterful Stab"],"picked":"Blur","floor":24.0},{"not_picked":["Distraction+1","Deadly Poison"],"picked":"Leg Sweep","floor":28.0},{"not_picked":["Dagger Spray","Concentrate","Outmaneuver+1"],"picked":"SKIP","floor":30.0},{"not_picked":["Reflex","Underhanded Strike","Acrobatics"],"picked":"SKIP","floor":31.0},{"not_picked":["A Thousand Cuts+1","Malaise"],"picked":"Bullet Time","floor":33.0},{"not_picked":["Sucker Punch","Flying Knee+1"],"picked":"Prepared+1","floor":35.0},{"not_picked":["Leg Sweep","Setup"],"picked":"Noxious Fumes+1","floor":36.0},{"not_picked":["Flying Knee","Blade Dance"],"picked":"Backflip+1","floor":37.0},{"not_picked":["Deadly Poison","Blade Dance"],"picked":"After Image+1","floor":39.0},{"not_picked":["Skewer","Phantasmal Killer"],"picked":"Cloak And Dagger+1","floor":40.0},{"not_picked":["Bane","Sucker Punch","Flying Knee+1"],"picked":"SKIP","floor":42.0},{"not_picked":["Blade Dance","Dash"],"picked":"PiercingWail+1","floor":44.0},{"not_picked":["Underhanded Strike","Slice","Storm of Steel"],"picked":"SKIP","floor":45.0},{"not_picked":["Flying Knee+1","Cloak And Dagger+1"],"picked":"Deflect+1","floor":46.0},{"not_picked":["Caltrops+1","Slice"],"picked":"Backflip+1","floor":47.0},{"not_picked":["Dagger Throw","Predator","Heel Hook"],"picked":"SKIP","floor":48.0},{"not_picked":["Skewer","Venomology+1"],"picked":"Noxious Fumes+1","floor":55.0}],"player_experience":795102,"relics_obtained":[{"floor":6.0,"key":"Vajra"},{"floor":8.0,"key":"Frozen Egg 2"},{"floor":9.0,"key":"Anchor"},{"floor":13.0,"key":"Mercury Hourglass"},{"floor":24.0,"key":"Blue Candle"},{"floor":26.0,"key":"The Courier"},{"floor":30.0,"key":"Mango"},{"floor":37.0,"key":"Dead Branch"},{"floor":40.0,"key":"Whetstone"},{"floor":42.0,"key":"Tingsha"},{"floor":45.0,"key":"Toxic Egg 2"},{"floor":48.0,"key":"Sundial"},{"floor":55.0,"key":"Shuriken"}],"event_choices":[{"damage_healed":0.0,"max_hp_gain":0.0,"max_hp_loss":0.0,"gold_gain":0.0,"event_name":"Match and Keep!","player_choice":"1 cards matched","floor":2.0,"gold_loss":0.0,"damage_taken":0.0,"cards_obtained":["Adrenaline"]},{"damage_healed":0.0,"max_hp_gain":0.0,"max_hp_loss":0.0,"gold_gain":0.0,"event_name":"Living Wall","player_choice":"Grow","floor":5.0,"gold_loss":0.0,"damage_taken":0.0,"cards_upgraded":["Adrenaline"]},{"damage_healed":0.0,"max_hp_gain":0.0,"max_hp_loss":0.0,"gold_gain":0.0,"cards_transformed":["Strike_G","Strike_G"],"event_name":"Drug Dealer","player_choice":"Became Test Subject","floor":20.0,"gold_loss":0.0,"damage_taken":0.0,"cards_obtained":["All Out Attack","Heel Hook"]},{"damage_healed":0.0,"max_hp_gain":5.0,"max_hp_loss":0.0,"gold_gain":0.0,"event_name":"Forgotten Altar","player_choice":"Shed Blood","floor":21.0,"gold_loss":0.0,"damage_taken":23.0},{"damage_healed":0.0,"max_hp_gain":0.0,"max_hp_loss":0.0,"gold_gain":0.0,"event_name":"Mysterious Sphere","player_choice":"Fight","floor":37.0,"gold_loss":0.0,"damage_taken":0.0},{"damage_healed":0.0,"max_hp_gain":0.0,"max_hp_loss":0.0,"gold_gain":0.0,"event_name":"Designer","player_choice":"Upgrade","floor":38.0,"gold_loss":50.0,"damage_taken":0.0,"cards_upgraded":["Leg Sweep"]}],"is_beta":false,"boss_relics":[{"not_picked":["White Beast Statue","Black Star"],"picked":"Astrolabe"},{"not_picked":["Runic Dome","Ring of the Serpent"],"picked":"Fusion Hammer"}],"items_purged_floors":[54],"is_endless":false,"potions_floor_spawned":[3,8,16,18,24,30,33,36,37,40,44,55],"ascension_level":20}