{"gold_per_floor":[114,114,114,133,152,190,190,209,209,228,228,247,247,285,285,410,410,429,448,448,467,486,486,505,505,505,524,562,581,600,515,515,515],"floor_reached":33,"playtime":2124,"items_purged":[],"score":308,"play_id":"7377cefd-b639-4e2c-8495-95502dcd8723","local_time":"20180725114608","daily_mods":["Allstar","Time Dilation","Lethality"],"is_ascension_mode":false,"campfire_choices":[{"data":"Mind Blast","floor":7,"key":"SMITH"},{"data":"Mind Blast","floor":11,"key":"SMITH"},{"floor":13,"key":"REST"},{"data":"Dualcast","floor":15,"key":"SMITH"},{"data":"Hello World","floor":23,"key":"SMITH"},{"data":"Defragment","floor":25,"key":"SMITH"},{"floor":32,"key":"REST"}],"neow_cost":"","seed_source_timestamp":0,"circlet_count":0,"master_deck":["Strike_B","Strike_B","Strike_B","Strike_B","Defend_B","Defend_B","Defend_B","Defend_B","Zap","Dualcast+1","Dramatic Entrance","Sadistic Nature","Mind Blast+1","Mind Blast+1","Panacea","Loop","Turbo","Turbo","Electrodynamics","Beam Cell","Ball Lightning","Gash","Ball Lightning","Amplify","Defragment+1","Hello World+1","Steam","Chill+1","Conserve Battery","Darkness","Sunder","Force Field","Go for the Eyes"],"special_seed":17737,"relics":["Cracked Core","Golden Idol","Singing Bowl","Bottled Flame","Orichalcum","Cursed Key","Ornamental Fan","DataDisk"],"potions_floor_usage":[16,16,22,27,27,28,30,33],"damage_taken":[{"damage":8,"enemies":"Small Slimes","floor":1,"turns":2},{"damage":9,"enemies":"Jaw Worm","floor":4,"turns":2},{"damage":0,"enemies":"2 Louse","floor":5,"turns":1},{"damage":29,"enemies":"Gremlin Nob","floor":6,"turns":4},{"damage":0,"enemies":"Looter","floor":8,"turns":1},{"damage":0,"enemies":"3 Louse","floor":10,"turns":1},{"damage":0,"enemies":"Large Slime","floor":12,"turns":1},{"damage":0,"enemies":"3 Sentries","floor":14,"turns":2},{"damage":47,"enemies":"Hexaghost","floor":16,"turns":5},{"damage":0,"enemies":"Spheric Guardian","floor":18,"turns":1},{"damage":20,"enemies":"3 Byrds","floor":19,"turns":3},{"damage":9,"enemies":"Slaver and Parasite","floor":21,"turns":2},{"damage":0,"enemies":"3 Cultists","floor":22,"turns":2},{"damage":0,"enemies":"Snecko","floor":24,"turns":2},{"damage":0,"enemies":"Centurion and Healer","floor":27,"turns":3},{"damage":21,"enemies":"Book of Stabbing","floor":28,"turns":3},{"damage":0,"enemies":"Snake Plant","floor":29,"turns":1},{"damage":0,"enemies":"Chosen and Byrds","floor":30,"turns":2},{"damage":59,"enemies":"Champ","floor":33,"turns":4}],"seed_played":"4244373246101252923","potions_obtained":[{"floor":5,"key":"Ancient Potion"},{"floor":10,"key":"FocusPotion"},{"floor":14,"key":"Energy Potion"},{"floor":16,"key":"FocusPotion"},{"floor":21,"key":"Fire Potion"},{"floor":22,"key":"Block Potion"},{"floor":27,"key":"Swift Potion"},{"floor":28,"key":"Block Potion"}],"is_trial":false,"path_per_floor":["M","?","?","M","M","E","R","M","T","M","R","M","R","E","R","B",null,"M","M","?","M","M","R","M","R","T","M","E","M","M","?","R"],"character_chosen":"DEFECT","items_purchased":[],"campfire_rested":2,"item_purchase_floors":[],"current_hp_per_floor":[67,49,74,65,65,36,36,36,36,36,36,36,58,58,58,11,75,75,55,55,46,46,46,46,46,46,46,25,25,25,25,47,0],"gold":515,"neow_bonus":"","is_prod":false,"is_daily":true,"chose_seed":false,"campfire_upgraded":5,"win_rate":0,"timestamp":1532515568,"path_taken":["M","?","?","M","M","E","R","M","T","M","R","M","R","E","R","BOSS","M","M","?","M","M","R","M","R","T","M","E","M","M","?","R","BOSS"],"build_version":"2018-07-19v2","purchased_purges":0,"victory":false,"max_hp_per_floor":[75,75,75,75,75,75,75,75,75,75,75,75,75,75,75,75,75,75,75,75,75,75,75,75,75,75,75,75,75,75,75,75,75],"card_choices":[{"not_picked":["Skim","Turbo"],"picked":"Loop","floor":1},{"not_picked":["Fusion","Streamline"],"picked":"Turbo","floor":4},{"not_picked":["Consume","Recycle"],"picked":"Turbo","floor":5},{"not_picked":["Sunder","White Noise"],"picked":"Electrodynamics","floor":6},{"not_picked":["Gash","Reinforced Body"],"picked":"Beam Cell","floor":8},{"not_picked":["Hologram","Sweeping Beam"],"picked":"Ball Lightning","floor":10},{"not_picked":["Cold Snap","Sweeping Beam"],"picked":"Gash","floor":12},{"not_picked":["Stack","Coolheaded"],"picked":"Ball Lightning","floor":14},{"not_picked":["Reboot","Rainbow"],"picked":"Amplify","floor":16},{"not_picked":["Go for the Eyes+1","Steam"],"picked":"Defragment","floor":18},{"not_picked":["Skim","Streamline"],"picked":"Hello World","floor":19},{"not_picked":["Heatsinks+1","Compile Driver"],"picked":"Steam","floor":21},{"not_picked":["Redo+1","Barrage"],"picked":"Chill+1","floor":22},{"not_picked":["Steam","Force Field"],"picked":"Conserve Battery","floor":24},{"not_picked":["Redo","Machine Learning"],"picked":"Darkness","floor":27},{"not_picked":["Gash+1","Leap"],"picked":"Sunder","floor":28},{"not_picked":["Reinforced Body+1","Rebound"],"picked":"Force Field","floor":29},{"not_picked":["Rebound+1","Turbo"],"picked":"Go for the Eyes","floor":30}],"player_experience":210633,"relics_obtained":[{"floor":6,"key":"Singing Bowl"},{"floor":9,"key":"Bottled Flame"},{"floor":14,"key":"Orichalcum"},{"floor":28,"key":"Ornamental Fan"}],"event_choices":[{"event_name":"Golden Idol","player_choice":"Take Damage","floor":2,"damage_taken":0},{"event_name":"Big Fish","player_choice":"Banana","floor":3,"damage_taken":0},{"event_name":"Drug Dealer","player_choice":"Ignored","floor":20,"damage_taken":0},{"event_name":"Addict","player_choice":"Obtained Relic","floor":31,"damage_taken":0}],"is_beta":false,"boss_relics":[{"not_picked":["Velvet Choker","Lizard Tail"],"picked":"Cursed Key"}],"items_purged_floors":[],"is_endless":false,"potions_floor_spawned":[5,10,14,16,21,22,27,28],"killed_by":"Champ","ascension_level":0}