{"gold_per_floor":[116,60,80,98,98,98,124,136,214,214,279,279,309,68,68,147,147,162,142,160,60,74,105,105,30,30,49,78,78,3,21,21,97,97,110,110,110,127,127,146,159,190,214,214,249,262,289,74,74,74,74,74,74,24,52,52],"floor_reached":56,"playtime":5585,"items_purged":["Pain","Strike_G","Strike_G"],"score":2165,"play_id":"5751a7b4-84c1-4e87-9bea-ed96d961a814","local_time":"20190227141649","is_ascension_mode":true,"campfire_choices":[{"data":"All Out Attack","floor":6.0,"key":"SMITH"},{"floor":10.0,"key":"REST"},{"data":"Leg Sweep","floor":12.0,"key":"SMITH"},{"data":"Wraith Form v2","floor":15.0,"key":"SMITH"},{"floor":24.0,"key":"REST"},{"floor":29.0,"key":"REST"},{"floor":32.0,"key":"RECALL"},{"floor":44.0,"key":"REST"},{"floor":49.0,"key":"REST"},{"floor":53.0,"key":"REST"}],"neow_cost":"NONE","seed_source_timestamp":0,"circlet_count":0,"master_deck":["AscendersBane","Defend_G","Defend_G","Defend_G","Defend_G","Defend_G","Survivor","Neutralize+1","Slice","All Out Attack+1","Backstab","Dagger Throw","Dagger Spray","Leg Sweep+1","Wraith Form v2+1","Adrenaline","Deadly Poison","A Thousand Cuts","Backflip","Adrenaline","Footwork","Dodge and Roll","Deflect","Storm of Steel","Venomology","Dodge and Roll","Deadly Poison","Well Laid Plans","Neutralize","Bouncing Flask","Catalyst","Night Terror","Catalyst","Deflect+1","Caltrops","Deadly Poison+1","PiercingWail+1","After Image"],"special_seed":0,"relics":["Ring of the Snake","WarpedTongs","FossilizedHelix","Tiny Chest","Blood Vial","Oddly Smooth Stone","Fusion Hammer","Dodecahedron","Bag of Marbles","Pantograph","White Beast Statue","Mummified Hand","Boot","Ancient Tea Set","Bag of Preparation","Toxic Egg 2","Orichalcum"],"potions_floor_usage":[56,56],"damage_taken":[{"damage":0.0,"enemies":"2 Louse","floor":1.0,"turns":5.0},{"damage":1.0,"enemies":"Cultist","floor":3.0,"turns":4.0},{"damage":4.0,"enemies":"Small Slimes","floor":4.0,"turns":4.0},{"damage":18.0,"enemies":"3 Sentries","floor":7.0,"turns":8.0},{"damage":0.0,"enemies":"2 Fungi Beasts","floor":8.0,"turns":1.0},{"damage":3.0,"enemies":"Gremlin Nob","floor":11.0,"turns":3.0},{"damage":11.0,"enemies":"3 Sentries","floor":13.0,"turns":4.0},{"damage":27.0,"enemies":"Slime Boss","floor":16.0,"turns":11.0},{"damage":0.0,"enemies":"Spheric Guardian","floor":18.0,"turns":4.0},{"damage":1.0,"enemies":"2 Thieves","floor":19.0,"turns":4.0},{"damage":20.0,"enemies":"Snake Plant","floor":20.0,"turns":5.0},{"damage":0.0,"enemies":"Snecko","floor":22.0,"turns":6.0},{"damage":21.0,"enemies":"Book of Stabbing","floor":23.0,"turns":5.0},{"damage":6.0,"enemies":"Centurion and Healer","floor":27.0,"turns":8.0},{"damage":0.0,"enemies":"Slavers","floor":28.0,"turns":5.0},{"damage":0.0,"enemies":"Cultist and Chosen","floor":31.0,"turns":6.0},{"damage":62.0,"enemies":"Automaton","floor":33.0,"turns":15.0},{"damage":0.0,"enemies":"3 Darklings","floor":35.0,"turns":5.0},{"damage":0.0,"enemies":"Orb Walker","floor":38.0,"turns":4.0},{"damage":0.0,"enemies":"Sphere and 2 Shapes","floor":40.0,"turns":9.0},{"damage":0.0,"enemies":"4 Shapes","floor":41.0,"turns":6.0},{"damage":8.0,"enemies":"Giant Head","floor":42.0,"turns":9.0},{"damage":0.0,"enemies":"Nemesis","floor":45.0,"turns":7.0},{"damage":0.0,"enemies":"Spire Growth","floor":46.0,"turns":4.0},{"damage":3.0,"enemies":"Reptomancer","floor":47.0,"turns":4.0},{"damage":35.0,"enemies":"Time Eater","floor":50.0,"turns":14.0},{"damage":48.0,"enemies":"Awakened One","floor":51.0,"turns":16.0},{"damage":29.0,"enemies":"Shield and Spear","floor":55.0,"turns":9.0},{"damage":64,"enemies":"The Heart","floor":56,"turns":8}],"seed_played":"5337784860497368801","potions_obtained":[{"floor":3.0,"key":"Energy Potion"},{"floor":8.0,"key":"PowerPotion"},{"floor":11.0,"key":"LiquidBronze"},{"floor":13.0,"key":"Poison Potion"},{"floor":19.0,"key":"SkillPotion"},{"floor":27.0,"key":"GamblersBrew"},{"floor":35.0,"key":"FairyPotion"},{"floor":38.0,"key":"Poison Potion"},{"floor":40.0,"key":"Strength Potion"},{"floor":41.0,"key":"Poison Potion"},{"floor":42.0,"key":"Swift Potion"},{"floor":47.0,"key":"Regen Potion"},{"floor":55.0,"key":"Fire Potion"}],"is_trial":false,"path_per_floor":["M","$","M","M","?","R","E","M","T","R","E","R","E","$","R","B",null,"M","M","M","$","M","E","R","?","T","M","E","R","?","M","R","B",null,"M","$","T","M","?","M","M","E","T","R","E","M","E","$","R","B","B",null,"R","$","E","B"],"character_chosen":"THE_SILENT","items_purchased":["Strength Potion","Oddly Smooth Stone","Caltrops","Deadly Poison+1","PiercingWail+1"],"campfire_rested":6,"item_purchase_floors":[2,14,48,48,54],"current_hp_per_floor":[59,59,58,54,54,54,36,36,36,55,52,52,41,41,41,16,54,56,57,39,39,41,22,41,41,41,37,39,58,58,60,60,4,51,53,53,53,55,55,57,59,53,53,66,66,66,63,63,66,36,15,53,66,66,37,0],"gold":52,"neow_bonus":"UPGRADE_CARD","is_prod":false,"is_daily":false,"chose_seed":false,"campfire_upgraded":3,"win_rate":0,"timestamp":1551298609,"path_taken":["M","$","M","M","?","R","E","M","T","R","E","R","E","$","R","BOSS","M","M","M","?","M","E","R","?","T","M","E","R","?","M","R","BOSS","M","$","?","M","?","M","M","E","T","R","E","?","E","$","R","BOSS","BOSS","R","$","E","BOSS"],"build_version":"2019-01-23","purchased_purges":3,"victory":false,"max_hp_per_floor":[66,66,66,66,66,66,66,66,66,66,66,66,66,66,66,66,66,66,66,66,66,66,66,66,66,66,66,66,66,66,66,66,66,66,66,66,66,66,66,66,66,66,66,66,66,66,66,66,66,66,66,66,66,66,66,66],"card_choices":[{"not_picked":["PiercingWail","Tactician"],"picked":"Slice","floor":1.0},{"not_picked":["Blade Dance","Outmaneuver"],"picked":"All Out Attack","floor":3.0},{"not_picked":["Catalyst","Bouncing Flask"],"picked":"Backstab","floor":4.0},{"not_picked":["Heel Hook","Poisoned Stab"],"picked":"Dagger Throw","floor":7.0},{"not_picked":["Setup","Blur"],"picked":"Dagger Spray","floor":8.0},{"not_picked":["Bane","Flying Knee"],"picked":"Leg Sweep","floor":11.0},{"not_picked":["Prepared","Dagger Throw"],"picked":"Wraith Form v2","floor":13.0},{"not_picked":["Storm of Steel","Bullet Time"],"picked":"Adrenaline","floor":16.0},{"not_picked":["Flying Knee","Outmaneuver"],"picked":"Deadly Poison","floor":18.0},{"not_picked":["Backflip","Acrobatics"],"picked":"A Thousand Cuts","floor":19.0},{"not_picked":["Outmaneuver","Slice"],"picked":"Backflip","floor":20.0},{"not_picked":["Bouncing Flask","Quick Slash"],"picked":"Adrenaline","floor":22.0},{"not_picked":["Prepared","Outmaneuver","Skewer"],"picked":"SKIP","floor":23.0},{"not_picked":["PiercingWail","Distraction"],"picked":"Footwork","floor":27.0},{"not_picked":["Slice","Backflip"],"picked":"Dodge and Roll","floor":28.0},{"not_picked":["Flying Knee","Slice+1","Prepared"],"picked":"SKIP","floor":31.0},{"not_picked":["Die Die Die","Glass Knife"],"picked":"Venomology","floor":33.0},{"not_picked":["Eviscerate","Poisoned Stab"],"picked":"Dodge and Roll","floor":35.0},{"not_picked":["Deflect","Dash"],"picked":"Deadly Poison","floor":38.0},{"not_picked":["Terror","Backflip"],"picked":"Bouncing Flask","floor":40.0},{"not_picked":["Infinite Blades+1","Well Laid Plans"],"picked":"Catalyst","floor":41.0},{"not_picked":["Crippling Poison","Dagger Throw"],"picked":"Night Terror","floor":42.0},{"not_picked":["Quick Slash","All Out Attack+1"],"picked":"Catalyst","floor":45.0},{"not_picked":["Flying Knee","Calculated Gamble","Blade Dance"],"picked":"SKIP","floor":46.0},{"not_picked":["Die Die Die","Outmaneuver+1"],"picked":"Deflect","floor":47.0},{"not_picked":["Heel Hook","Crippling Poison+1"],"picked":"After Image","floor":55.0}],"player_experience":650638,"relics_obtained":[{"floor":7.0,"key":"FossilizedHelix"},{"floor":11.0,"key":"Tiny Chest"},{"floor":13.0,"key":"Blood Vial"},{"floor":23.0,"key":"Dodecahedron"},{"floor":26.0,"key":"Bag of Marbles"},{"floor":28.0,"key":"Pantograph"},{"floor":37.0,"key":"Mummified Hand"},{"floor":42.0,"key":"Boot"},{"floor":43.0,"key":"Ancient Tea Set"},{"floor":45.0,"key":"Bag of Preparation"},{"floor":47.0,"key":"Toxic Egg 2"},{"floor":55.0,"key":"Orichalcum"}],"event_choices":[{"damage_healed":0.0,"max_hp_gain":0.0,"max_hp_loss":0.0,"gold_gain":0.0,"event_name":"Accursed Blacksmith","player_choice":"Rummage","floor":5.0,"gold_loss":0.0,"damage_taken":0.0,"relics_obtained":["WarpedTongs"],"cards_obtained":["Pain"]},{"cards_removed":["Strike_G"],"damage_healed":0.0,"max_hp_gain":0.0,"max_hp_loss":0.0,"gold_gain":0.0,"event_name":"Beggar","player_choice":"Gave Gold","floor":25.0,"gold_loss":75.0,"damage_taken":0.0},{"damage_healed":0.0,"max_hp_gain":0.0,"max_hp_loss":0.0,"gold_gain":0.0,"cards_transformed":["Strike_G","Strike_G"],"event_name":"Designer","player_choice":"Transformed Cards","floor":30.0,"gold_loss":75.0,"damage_taken":0.0,"cards_obtained":["Deflect","Storm of Steel"]},{"damage_healed":0.0,"max_hp_gain":0.0,"max_hp_loss":0.0,"gold_gain":0.0,"event_name":"Match and Keep!","player_choice":"2 cards matched","floor":39.0,"gold_loss":0.0,"damage_taken":0.0,"cards_obtained":["Well Laid Plans","Neutralize"]}],"is_beta":false,"boss_relics":[{"not_picked":["Ring of the Serpent","Pandora\u0027s Box"],"picked":"Fusion Hammer"},{"not_picked":["Eternal Feather","Velvet Choker"],"picked":"White Beast Statue"}],"items_purged_floors":[14,21,48],"is_endless":false,"potions_floor_spawned":[3,8,11,13,19,20,22,27,35,38,40,41,42,45,46,47,55],"killed_by":"The Heart","ascension_level":20}