{"gold_per_floor":[114,129,144,144,159,159,174,174,174,349,24,24,24,24,24,124,124,124,72,27,0,0,0,0,0,0,0,0,0,0,0,0,0,0,0,0,0,0,0],"floor_reached":40,"playtime":3252,"items_purged":["Doubt"],"score":571,"play_id":"8272b7de-97f0-4362-a80e-0bfd394de081","local_time":"20180803032654","daily_mods":["Heirloom","Time Dilation","Night Terrors"],"is_ascension_mode":false,"campfire_choices":[{"data":"Cloak And Dagger","floor":6,"key":"SMITH"},{"data":"Cloak And Dagger","floor":8,"key":"SMITH"},{"data":"Poisoned Stab","floor":15,"key":"SMITH"},{"data":"Envenom","floor":23,"key":"SMITH"},{"data":"A Thousand Cuts","floor":25,"key":"SMITH"},{"floor":32,"key":"REST"}],"neow_cost":"","seed_source_timestamp":0,"circlet_count":0,"master_deck":["Defend_G","Defend_G","Defend_G","Defend_G+1","Defend_G","Strike_G","Strike_G","Strike_G+1","Strike_G","Strike_G","Survivor","Neutralize","Cloak And Dagger+1","Poisoned Stab+1","Flechettes","Cloak And Dagger+1","Envenom+1","Crippling Poison+1","Blade Dance+1","Poisoned Stab","A Thousand Cuts+1","Blade Dance+1","Outmaneuver+1","Adrenaline+1","After Image","Outmaneuver+1","Finisher+1","Outmaneuver+1"],"special_seed":17746,"relics":["Ring of the Snake","Peace Pipe","Ornamental Fan","Toxic Egg 2","Ectoplasm","Orichalcum","Gremlin Horn","Runic Pyramid"],"potions_floor_usage":[27,33],"damage_taken":[{"damage":0,"enemies":"2 Louse","floor":1,"turns":3},{"damage":0,"enemies":"Small Slimes","floor":2,"turns":3},{"damage":0,"enemies":"Jaw Worm","floor":3,"turns":4},{"damage":0,"enemies":"2 Fungi Beasts","floor":5,"turns":4},{"damage":0,"enemies":"Large Slime","floor":7,"turns":5},{"damage":44,"enemies":"The Guardian","floor":16,"turns":18},{"damage":0,"enemies":"Shell Parasite","floor":18,"turns":6},{"damage":6,"enemies":"2 Thieves","floor":20,"turns":3},{"damage":4,"enemies":"Gremlin Leader","floor":24,"turns":5},{"damage":10,"enemies":"Centurion and Healer","floor":27,"turns":4},{"damage":8,"enemies":"Snecko","floor":29,"turns":4},{"damage":11,"enemies":"Snake Plant","floor":31,"turns":4},{"damage":23,"enemies":"Collector","floor":33,"turns":6},{"damage":4,"enemies":"Flame Bruiser 1 Orb","floor":35,"turns":4},{"damage":5,"enemies":"3 Darklings","floor":36,"turns":3},{"damage":11,"enemies":"Sphere and 2 Shapes","floor":37,"turns":5},{"damage":24,"enemies":"Donu and Deca","floor":39,"turns":8}],"seed_played":"1315967547394537302","potions_obtained":[{"floor":5,"key":"GhostInAJar"},{"floor":22,"key":"Fruit Juice"},{"floor":22,"key":"AttackPotion"},{"floor":27,"key":"Block Potion"},{"floor":29,"key":"GhostInAJar"}],"is_trial":false,"path_per_floor":["M","M","M","?","M","R","M","R","T","?","$","?","?","$","R","B",null,"M","$","M","?","?","R","E","R","T","M","$","M","?","M","R","B",null,"M","M","M","?","B"],"character_chosen":"THE_SILENT","items_purchased":["Toxic Egg 2","Blade Dance+1"],"campfire_rested":1,"item_purchase_floors":[11,19],"current_hp_per_floor":[70,70,70,56,56,56,56,56,56,56,56,56,56,56,56,12,70,70,70,64,64,64,64,60,60,60,55,55,47,52,41,70,47,70,66,61,50,50,26],"gold":0,"neow_bonus":"","is_prod":false,"is_daily":true,"chose_seed":false,"campfire_upgraded":5,"win_rate":0,"timestamp":1533263214,"path_taken":["M","M","M","?","M","R","M","R","T","?","$","?","?","?","R","BOSS","M","$","M","?","?","R","E","R","T","M","?","?","?","M","R","BOSS","M","?","?","?","BOSS"],"build_version":"2018-08-02","purchased_purges":1,"victory":true,"max_hp_per_floor":[70,70,70,70,70,70,70,70,70,70,70,70,70,70,70,70,70,70,70,70,70,70,70,70,70,70,75,75,75,75,75,70,70,70,70,70,70,70,70],"card_choices":[{"not_picked":["PiercingWail","Backflip"],"picked":"Cloak And Dagger","floor":1},{"not_picked":["Outmaneuver","Calculated Gamble"],"picked":"Poisoned Stab","floor":2},{"not_picked":["Unload","Dodge and Roll"],"picked":"Flechettes","floor":3},{"not_picked":["Sucker Punch","Reflex"],"picked":"Acrobatics","floor":5},{"not_picked":["Dagger Throw","Heel Hook"],"picked":"Cloak And Dagger","floor":7},{"not_picked":["Grand Finale","Night Terror+1"],"picked":"Envenom","floor":16},{"not_picked":["Sucker Punch","Distraction+1"],"picked":"Crippling Poison+1","floor":18},{"not_picked":["Dagger Throw","Heel Hook"],"picked":"Poisoned Stab","floor":20},{"not_picked":["Flying Knee","Poisoned Stab"],"picked":"A Thousand Cuts","floor":24},{"not_picked":["Slice+1","Dodge and Roll+1"],"picked":"Blade Dance+1","floor":27},{"not_picked":["Bouncing Flask+1","Noxious Fumes"],"picked":"Outmaneuver+1","floor":29},{"not_picked":["Acrobatics+1","Cloak And Dagger+1"],"picked":"Adrenaline+1","floor":31},{"not_picked":["Storm of Steel+1","Die Die Die"],"picked":"After Image","floor":33},{"not_picked":["Reflex+1","Slice"],"picked":"Outmaneuver+1","floor":35},{"not_picked":["Dagger Spray+1","Backflip+1"],"picked":"Finisher+1","floor":36},{"not_picked":["Quick Slash+1","Well Laid Plans+1"],"picked":"Outmaneuver+1","floor":37}],"player_experience":282155,"relics_obtained":[{"floor":9,"key":"Ornamental Fan"},{"floor":24,"key":"Orichalcum"},{"floor":26,"key":"Gremlin Horn"}],"event_choices":[{"event_name":"Shining Light","player_choice":"Entered Light","floor":4,"damage_taken":0},{"event_name":"Liars Game","player_choice":"agreed","floor":10,"damage_taken":0},{"event_name":"Golden Wing","player_choice":"Ignored","floor":12,"damage_taken":0},{"event_name":"The Cleric","player_choice":"Leave","floor":13,"damage_taken":0},{"event_name":"Masked Bandits","player_choice":"Paid Bandits 27 gold","floor":21,"damage_taken":0},{"event_name":"The Lab","player_choice":"Got Potions","floor":22,"damage_taken":0},{"event_name":"Bonfire Elementals","player_choice":"COMMON","floor":30,"damage_taken":0},{"event_name":"SecretPortal","player_choice":"Took Portal.","floor":38,"damage_taken":0}],"is_beta":false,"boss_relics":[{"not_picked":["Lizard Tail","Tiny House"],"picked":"Ectoplasm"},{"not_picked":["Pandora\u0027s Box","Philosopher\u0027s Stone"],"picked":"Runic Pyramid"}],"items_purged_floors":[11],"is_endless":false,"potions_floor_spawned":[5,27,29],"ascension_level":0}