{"gold_per_floor":[114,114,114,129,144,174,174,189,189,204,204,219,219,19,19,119,119,134,149,149,164,179,179,194,194,194,209,224,254,169,184,184,284,284,299,314,30,4,19,19,34,34,34,34,34,0,30,45,45,45],"floor_reached":51,"playtime":5902,"items_purged":[],"score":953,"play_id":"469cf597-19a0-4548-b1c0-f8746d4ea017","local_time":"20180725171415","daily_mods":["Allstar","Time Dilation","Lethality"],"is_ascension_mode":false,"campfire_choices":[{"data":"Mind Blast","floor":7,"key":"SMITH"},{"data":"Hologram","floor":11,"key":"SMITH"},{"data":"White Noise","floor":13,"key":"SMITH"},{"data":"Beam Cell","floor":15,"key":"SMITH"},{"data":"Creative AI","floor":23,"key":"SMITH"},{"data":"Hello World","floor":25,"key":"SMITH"},{"data":"Mind Blast","floor":32,"key":"SMITH"},{"data":"Defragment","floor":40,"key":"SMITH"},{"data":"Blind","floor":42,"key":"SMITH"},{"data":"Electrodynamics","floor":44,"key":"SMITH"},{"data":"Loop","floor":49,"key":"SMITH"}],"neow_cost":"","seed_source_timestamp":0,"circlet_count":0,"master_deck":["Strike_B","Strike_B","Strike_B","Strike_B","Defend_B","Defend_B","Defend_B","Defend_B","Zap","Dualcast","Dramatic Entrance","Sadistic Nature","Mind Blast+1","Mind Blast+1","Panacea","Loop+1","Streamline","Turbo","White Noise+1","Beam Cell+1","Hologram+1","Gash","Self Repair","Blind+1","Cold Snap","Creative AI+1","Defragment+1","Hello World+1","Heatsinks+1","Chill+1","Force Field","Machine Learning","Gash+1","Force Field","Go for the Eyes","Electrodynamics+1","Hologram+1","Streamline+1","Skim","Coolheaded","Fusion+1","Gash","Chaos","Turbo+1","Cold Snap+1"],"special_seed":17737,"relics":["Cracked Core","Singing Bowl","Bottled Flame","Lizard Tail","Ornamental Fan","Orichalcum","Blue Candle","White Beast Statue","Bottled Lightning","DataDisk","Ice Cream","Oddly Smooth Stone"],"potions_floor_usage":[16,19,21,27,33,33,36,47,47,50,50,50],"damage_taken":[{"damage":8,"enemies":"Small Slimes","floor":1,"turns":2},{"damage":9,"enemies":"Jaw Worm","floor":4,"turns":2},{"damage":0,"enemies":"2 Louse","floor":5,"turns":1},{"damage":17,"enemies":"Gremlin Nob","floor":6,"turns":3},{"damage":0,"enemies":"Looter","floor":8,"turns":1},{"damage":0,"enemies":"3 Louse","floor":10,"turns":1},{"damage":0,"enemies":"Large Slime","floor":12,"turns":1},{"damage":37,"enemies":"Hexaghost","floor":16,"turns":5},{"damage":0,"enemies":"Spheric Guardian","floor":18,"turns":1},{"damage":0,"enemies":"3 Byrds","floor":19,"turns":2},{"damage":31,"enemies":"Slaver and Parasite","floor":21,"turns":3},{"damage":9,"enemies":"3 Cultists","floor":22,"turns":4},{"damage":0,"enemies":"Snecko","floor":24,"turns":1},{"damage":5,"enemies":"Centurion and Healer","floor":27,"turns":6},{"damage":0,"enemies":"Snake Plant","floor":28,"turns":1},{"damage":12,"enemies":"Book of Stabbing","floor":29,"turns":2},{"damage":8,"enemies":"Chosen and Byrds","floor":31,"turns":4},{"damage":21,"enemies":"Champ","floor":33,"turns":8},{"damage":0,"enemies":"Flame Bruiser 1 Orb","floor":35,"turns":1},{"damage":3,"enemies":"3 Darklings","floor":36,"turns":4},{"damage":0,"enemies":"Maw","floor":39,"turns":4},{"damage":0,"enemies":"Spire Growth","floor":41,"turns":1},{"damage":0,"floor":45,"turns":2},{"damage":9,"enemies":"Giant Head","floor":47,"turns":8},{"damage":1,"enemies":"Sphere and 2 Shapes","floor":48,"turns":8},{"damage":80,"enemies":"Awakened One","floor":50,"turns":10}],"seed_played":"4244373246101252923","potions_obtained":[{"floor":5,"key":"Ancient Potion"},{"floor":10,"key":"FocusPotion"},{"floor":16,"key":"PowerPotion"},{"floor":18,"key":"Swift Potion"},{"floor":21,"key":"Regen Potion"},{"floor":24,"key":"Ancient Potion"},{"floor":35,"key":"FocusPotion"},{"floor":36,"key":"Poison Potion"},{"floor":39,"key":"GamblersBrew"},{"floor":41,"key":"Dexterity Potion"},{"floor":47,"key":"Strength Potion"},{"floor":48,"key":"Strength Potion"}],"is_trial":false,"path_per_floor":["M","?","?","M","M","E","R","M","T","M","R","M","R","$","R","B",null,"M","M","?","M","M","R","M","R","T","M","M","E","?","M","R","B",null,"M","M","$","$","M","R","M","R","T","R","?","$","E","M","R","B"],"character_chosen":"DEFECT","items_purchased":["Self Repair","Blind","Cold Snap","Bottled Lightning","Skim","Coolheaded","Chaos"],"campfire_rested":0,"item_purchase_floors":[14,14,14,37,37,38,46],"current_hp_per_floor":[67,67,72,63,63,46,46,46,46,46,46,46,46,46,46,16,80,80,80,80,56,47,47,47,47,47,49,49,37,37,36,36,37,80,80,80,80,80,80,80,80,80,80,80,82,82,80,82,82,2],"gold":45,"neow_bonus":"","is_prod":false,"is_daily":true,"chose_seed":false,"campfire_upgraded":11,"win_rate":0,"timestamp":1532535255,"path_taken":["M","?","?","M","M","E","R","M","T","M","R","M","R","$","R","BOSS","M","M","?","M","M","R","M","R","T","M","M","E","?","?","R","BOSS","M","M","?","$","M","R","?","R","T","R","?","?","E","M","R","BOSS"],"build_version":"2018-07-19v2","purchased_purges":0,"victory":true,"max_hp_per_floor":[75,75,80,80,80,80,80,80,80,80,80,80,80,80,80,80,80,80,80,80,80,80,80,80,80,80,80,80,80,80,80,80,80,80,80,80,80,80,80,80,80,80,80,80,82,82,82,82,82,82],"card_choices":[{"not_picked":["Skim","Turbo"],"picked":"Loop","floor":1},{"not_picked":["Turbo","Fusion"],"picked":"Streamline","floor":4},{"not_picked":["Consume","Recycle"],"picked":"Turbo","floor":5},{"not_picked":["Electrodynamics","Sunder"],"picked":"White Noise","floor":6},{"not_picked":["Gash","Reinforced Body"],"picked":"Beam Cell","floor":8},{"not_picked":["Ball Lightning","Sweeping Beam"],"picked":"Hologram","floor":10},{"not_picked":["Cold Snap","Sweeping Beam"],"picked":"Gash","floor":12},{"not_picked":["Rainbow","Buffer"],"picked":"Creative AI","floor":16},{"not_picked":["Go for the Eyes+1","Steam"],"picked":"Defragment","floor":18},{"not_picked":["Skim","Streamline"],"picked":"Hello World","floor":19},{"not_picked":["Compile Driver","Steam"],"picked":"Heatsinks+1","floor":21},{"not_picked":["Redo+1","Barrage"],"picked":"Chill+1","floor":22},{"not_picked":["Conserve Battery","Steam"],"picked":"Force Field","floor":24},{"not_picked":["Redo","Darkness"],"picked":"Machine Learning","floor":27},{"not_picked":["Sunder","Leap"],"picked":"Gash+1","floor":28},{"not_picked":["Reinforced Body+1","Fusion"],"picked":"Force Field","floor":29},{"not_picked":["Rebound+1","Turbo"],"picked":"Go for the Eyes","floor":31},{"not_picked":["Core Surge","Reboot"],"picked":"Electrodynamics","floor":33},{"not_picked":["Gash","Rip and Tear"],"picked":"Hologram+1","floor":35},{"not_picked":["Lockon","Chaos+1"],"picked":"Streamline+1","floor":36},{"not_picked":["Reinforced Body","Rip and Tear+1"],"picked":"Fusion+1","floor":39},{"not_picked":["Hologram+1","Sweeping Beam+1"],"picked":"Gash","floor":41},{"not_picked":["Recycle+1","Fission","Sweeping Beam"],"picked":"Singing Bowl","floor":45},{"not_picked":["Sweeping Beam","Stack"],"picked":"Turbo+1","floor":47},{"not_picked":["Steam Power","Glacier+1"],"picked":"Cold Snap+1","floor":48}],"player_experience":213544,"relics_obtained":[{"floor":6,"key":"Singing Bowl"},{"floor":9,"key":"Bottled Flame"},{"floor":26,"key":"Ornamental Fan"},{"floor":29,"key":"Orichalcum"},{"floor":43,"key":"DataDisk"},{"floor":45,"key":"Ice Cream"},{"floor":47,"key":"Oddly Smooth Stone"}],"event_choices":[{"event_name":"Golden Idol","player_choice":"Ignored","floor":2,"damage_taken":0},{"event_name":"Big Fish","player_choice":"Donut","floor":3,"damage_taken":0},{"event_name":"Drug Dealer","player_choice":"Ignored","floor":20,"damage_taken":0},{"event_name":"Addict","player_choice":"Obtained Relic","floor":30,"damage_taken":0},{"event_name":"MindBloom","player_choice":"Fight","floor":45,"damage_taken":0}],"is_beta":false,"boss_relics":[{"not_picked":["Velvet Choker","Cursed Key"],"picked":"Lizard Tail"},{"not_picked":["Snecko Eye","Calling Bell"],"picked":"White Beast Statue"}],"items_purged_floors":[],"is_endless":false,"potions_floor_spawned":[5,10,16,18,21,24,35,36,39,41,45,47,48],"ascension_level":0}