{"gold_per_floor":[117,117,66,31,48,48,68,85,115,129,142,142,91,105,105,205,205,216,229,328,345,345,345,345,345,345,345,364,376,395,450,450,450],"floor_reached":33,"playtime":1506,"items_purged":[],"score":316,"play_id":"7d73c994-b42a-4f47-ada8-fc3d4821b2ef","local_time":"20180829050345","is_ascension_mode":false,"campfire_choices":[{"data":"Heavy Blade","floor":6,"key":"SMITH"},{"data":"Inflame","floor":12,"key":"SMITH"},{"data":"Cleave","floor":15,"key":"SMITH"},{"floor":23,"key":"REST"},{"floor":25,"key":"REST"},{"data":"Demon Form","floor":27,"key":"SMITH"},{"data":"Heavy Blade","floor":32,"key":"SMITH"}],"neow_cost":"NONE","seed_source_timestamp":105247422923318,"circlet_count":0,"master_deck":["Strike_R","Strike_R","Strike_R","Strike_R","Strike_R","Defend_R","Defend_R","Defend_R","Defend_R","Bash","Cleave+1","Flex+1","Heavy Blade+1","Dual Wield+1","Flex+1","Inflame+1","Ghostly Armor+1","Flex+1","Flex+1","Demon Form+1","Battle Trance+1","Ghostly Armor+1","Pommel Strike","Bloodletting+1","Entrench+1","Infernal Blade+1","Shrug It Off+1","Armaments+1","Writhe","Flame Barrier+1","Heavy Blade+1","Shockwave+1"],"relics":["Burning Blood","Bag of Marbles","Toxic Egg 2","Tiny Chest","Orrery","Strawberry","The Courier","Regal Pillow"],"potions_floor_usage":[21,21,30,30],"damage_taken":[{"damage":4,"enemies":"Small Slimes","floor":1,"turns":4},{"damage":0,"enemies":"2 Louse","floor":5,"turns":1},{"damage":0,"enemies":"Cultist","floor":7,"turns":2},{"damage":0,"enemies":"Exordium Wildlife","floor":8,"turns":2},{"damage":19,"enemies":"Blue Slaver","floor":10,"turns":3},{"damage":0,"enemies":"3 Louse","floor":11,"turns":1},{"damage":0,"enemies":"Gremlin Gang","floor":14,"turns":1},{"damage":0,"enemies":"Slime Boss","floor":16,"turns":4},{"damage":20,"enemies":"2 Thieves","floor":18,"turns":4},{"damage":26,"enemies":"Spheric Guardian","floor":19,"turns":6},{"damage":44,"enemies":"Shelled Parasite and Fungi","floor":21,"turns":6},{"damage":8,"enemies":"Centurion and Healer","floor":28,"turns":3},{"damage":4,"enemies":"Snecko","floor":29,"turns":3},{"damage":30,"enemies":"Cultist and Chosen","floor":30,"turns":7},{"damage":67,"enemies":"Automaton","floor":33,"turns":6}],"seed_played":"-8560464191819890231","potions_obtained":[{"floor":7,"key":"EssenceOfSteel"},{"floor":11,"key":"LiquidBronze"},{"floor":16,"key":"SpeedPotion"},{"floor":28,"key":"Regen Potion"},{"floor":30,"key":"SteroidPotion"}],"is_trial":false,"path_per_floor":["M","?","$","?","M","R","M","M","T","M","M","R","$","M","R","B",null,"M","M","?","M","?","R","?","R","T","R","M","M","M","T","R"],"character_chosen":"IRONCLAD","items_purchased":["Flex+1","Flex+1"],"campfire_rested":2,"item_purchase_floors":[3,13],"current_hp_per_floor":[80,73,73,80,80,80,80,80,80,67,73,73,73,79,79,80,80,66,46,46,8,8,32,39,65,65,65,63,65,53,53,53,0],"gold":450,"neow_bonus":"RANDOM_COMMON_RELIC","is_prod":false,"is_daily":false,"chose_seed":false,"campfire_upgraded":5,"win_rate":0,"timestamp":1535515425,"path_taken":["M","?","$","?","M","R","?","M","T","M","M","R","$","M","R","BOSS","M","M","?","?","?","R","?","R","T","R","M","M","M","?","R","BOSS"],"build_version":"2018-08-23v2","purchased_purges":0,"victory":false,"max_hp_per_floor":[80,80,80,80,80,80,80,80,80,80,80,80,80,80,80,80,80,80,80,80,80,80,80,87,87,87,87,87,87,87,87,87,87],"card_choices":[{"not_picked":["Sever Soul","Shockwave"],"picked":"Cleave","floor":1},{"not_picked":["Twin Strike","Power Through+1"],"picked":"Heavy Blade","floor":5},{"not_picked":["Cleave","Sword Boomerang"],"picked":"Dual Wield+1","floor":7},{"not_picked":["Intimidate+1","Havoc+1"],"picked":"Flex+1","floor":8},{"not_picked":["Flex+1","Thunderclap"],"picked":"Inflame","floor":10},{"not_picked":["True Grit+1","Metallicize"],"picked":"Ghostly Armor+1","floor":11},{"not_picked":["Sword Boomerang","Anger"],"picked":"Flex+1","floor":14},{"not_picked":["Dark Embrace","Immolate"],"picked":"Demon Form","floor":16},{"not_picked":["Wild Strike","Headbutt"],"picked":"Battle Trance+1","floor":17},{"not_picked":["Feel No Pain","Hemokinesis"],"picked":"Ghostly Armor+1","floor":17},{"not_picked":["Headbutt","Reckless Charge"],"picked":"Pommel Strike","floor":17},{"not_picked":["Rampage","Clash"],"picked":"Bloodletting+1","floor":17},{"not_picked":["Fire Breathing","Anger"],"picked":"Entrench+1","floor":17},{"not_picked":["Sever Soul","Rampage"],"picked":"Infernal Blade+1","floor":18},{"not_picked":["Pommel Strike","Body Slam+1"],"picked":"Shrug It Off+1","floor":19},{"not_picked":["Searing Blow","Perfected Strike"],"picked":"Armaments+1","floor":21},{"not_picked":["Warcry+1","Shrug It Off+1"],"picked":"Flame Barrier+1","floor":28},{"not_picked":["Headbutt","Warcry+1"],"picked":"Heavy Blade","floor":29},{"not_picked":["Corruption+1","Iron Wave+1"],"picked":"Shockwave+1","floor":30}],"player_experience":462142,"relics_obtained":[{"floor":9,"key":"Tiny Chest"},{"floor":26,"key":"The Courier"},{"floor":31,"key":"Regal Pillow"}],"event_choices":[{"event_name":"Scrap Ooze","player_choice":"success","floor":2,"damage_taken":7},{"event_name":"The Cleric","player_choice":"Healed","floor":4,"damage_taken":0},{"event_name":"Nest","player_choice":"Stole From Cult","floor":20,"damage_taken":0},{"event_name":"Cursed Tome","player_choice":"Ignored","floor":22,"damage_taken":0},{"event_name":"The Mausoleum","player_choice":"Yes","floor":24,"damage_taken":0}],"is_beta":false,"boss_relics":[{"not_picked":["Fusion Hammer","Black Star"],"picked":"Orrery"}],"items_purged_floors":[],"is_endless":false,"potions_floor_spawned":[7,11,16,28,30],"killed_by":"Automaton","ascension_level":0}