{"gold_per_floor":[109,129,129,140,140,140,151,167,216,216,141,160,176,192,192,290,290,304,304,304,6,17,17,17],"floor_reached":24,"playtime":1261,"items_purged":["Strike_B"],"score":190,"play_id":"7be4513c-84bb-458b-b8be-ee637ca912e8","local_time":"20180825173940","is_ascension_mode":false,"campfire_choices":[{"data":"Zap","floor":6,"key":"SMITH"},{"floor":10,"key":"REST"},{"data":"Dualcast","floor":15,"key":"SMITH"},{"data":"Defend_B","floor":23,"key":"SMITH"}],"neow_cost":"NONE","seed_source_timestamp":132569733674810,"circlet_count":0,"master_deck":["Defend_B+1","Defend_B","Defend_B","Defend_B","Zap+1","Dualcast+1"],"relics":["Cracked Core","Centennial Puzzle","White Beast Statue","Thread and Needle"],"potions_floor_usage":[16,16,19,19],"damage_taken":[{"damage":0,"enemies":"Small Slimes","floor":1,"turns":3},{"damage":0,"enemies":"2 Louse","floor":2,"turns":4},{"damage":1,"enemies":"Jaw Worm","floor":4,"turns":4},{"damage":0,"enemies":"Large Slime","floor":7,"turns":5},{"damage":30,"enemies":"Exordium Wildlife","floor":8,"turns":8},{"damage":3,"enemies":"Red Slaver","floor":12,"turns":3},{"damage":4,"enemies":"Blue Slaver","floor":13,"turns":5},{"damage":2,"enemies":"Exordium Thugs","floor":14,"turns":5},{"damage":39,"enemies":"Hexaghost","floor":16,"turns":9},{"damage":40,"enemies":"Chosen","floor":18,"turns":9},{"damage":5,"enemies":"Colosseum Slavers","floor":19,"turns":5},{"damage":0,"enemies":"Shell Parasite","floor":22,"turns":18},{"damage":36,"enemies":"Cultist and Chosen","floor":24,"turns":4}],"seed_played":"-553562638813188411","potions_obtained":[{"floor":1,"key":"AttackPotion"},{"floor":2,"key":"PowerPotion"},{"floor":7,"key":"Poison Potion"},{"floor":18,"key":"Block Potion"},{"floor":22,"key":"LiquidBronze"}],"is_trial":false,"path_per_floor":["M","M","?","M","?","R","M","M","T","R","$","M","M","M","R","B",null,"M","?","?","$","M","R"],"character_chosen":"DEFECT","items_purchased":["Thread and Needle"],"campfire_rested":1,"item_purchase_floors":[21],"current_hp_per_floor":[75,75,68,67,67,67,67,37,37,59,59,56,52,50,50,11,75,35,30,30,30,30,30,0],"gold":17,"neow_bonus":"REMOVE_CARD","is_prod":false,"is_daily":false,"chose_seed":false,"campfire_upgraded":3,"win_rate":0,"timestamp":1535215180,"path_taken":["M","M","?","M","?","R","M","M","T","R","?","?","M","M","R","BOSS","M","?","?","$","M","R","M"],"build_version":"2018-08-23v2","purchased_purges":1,"victory":false,"max_hp_per_floor":[75,75,75,75,75,75,75,75,75,75,75,75,75,75,75,75,75,75,75,75,75,75,75,75],"card_choices":[{"not_picked":["Capacitor","Chaos","Sweeping Beam"],"picked":"SKIP","floor":1},{"not_picked":["Coolheaded","BootSequence","Steam"],"picked":"SKIP","floor":2},{"not_picked":["Cold Snap","Barrage","Undo"],"picked":"SKIP","floor":4},{"not_picked":["Rip and Tear","Loop","Leap"],"picked":"SKIP","floor":7},{"not_picked":["Rip and Tear","Go for the Eyes","Sweeping Beam"],"picked":"SKIP","floor":8},{"not_picked":["Barrage","Defragment","Ball Lightning"],"picked":"SKIP","floor":12},{"not_picked":["Rebound","Melter","Cold Snap"],"picked":"SKIP","floor":13},{"not_picked":["White Noise","Self Repair","Redo"],"picked":"SKIP","floor":14},{"not_picked":["Stack","Gash","Redo+1"],"picked":"SKIP","floor":18},{"not_picked":["Redo+1","Heatsinks","Gash"],"picked":"SKIP","floor":22}],"player_experience":443704,"relics_obtained":[{"floor":9,"key":"Centennial Puzzle"}],"event_choices":[{"event_name":"Golden Wing","player_choice":"Card Removal","floor":3,"damage_taken":0},{"event_name":"Living Wall","player_choice":"Forget","floor":5,"damage_taken":0},{"event_name":"Colosseum","player_choice":"Fight","floor":19,"damage_taken":0},{"event_name":"Colosseum","player_choice":"Fled From Nobs","floor":19,"damage_taken":0},{"event_name":"Duplicator","player_choice":"Ignored","floor":20,"damage_taken":0}],"is_beta":false,"boss_relics":[{"not_picked":["Eternal Feather","Calling Bell"],"picked":"White Beast Statue"}],"items_purged_floors":[11],"is_endless":false,"potions_floor_spawned":[1,2,7,18,19,22],"killed_by":"Cultist and Chosen","ascension_level":0}