{"gold_per_floor":[110,35,35,51,70,70,81,81,129,141,152,152,0,12,12,111,111,123,136,166,42,42,42,59,70,96,107,107,31,31,50,50,50],"floor_reached":33,"playtime":3269,"items_purged":["Defend_R","Strike_R"],"score":241,"play_id":"0a3898ee-d481-495a-9be7-c16c11e970ba","local_time":"20190317222613","is_ascension_mode":false,"campfire_choices":[{"data":"Searing Blow","floor":6.0,"key":"SMITH"},{"data":"Searing Blow+1","floor":8.0,"key":"SMITH"},{"data":"Searing Blow+2","floor":12.0,"key":"SMITH"},{"data":"Searing Blow+3","floor":15.0,"key":"SMITH"},{"floor":23.0,"key":"REST"},{"floor":32.0,"key":"REST"}],"neow_cost":"NONE","seed_source_timestamp":0,"circlet_count":0,"master_deck":["Strike_R+1","Strike_R+1","Strike_R+1","Strike_R+1","Defend_R+1","Defend_R+1","Defend_R+1","Bash","Pommel Strike","Twin Strike","Fiend Fire+1","Flex","Searing Blow+4","Seeing Red","Whirlwind","Headbutt","True Grit","Shrug It Off","True Grit","Reaper","Flex","Anger","Carnage","Flex","Anger+1","Pommel Strike","Shrug It Off","Metallicize","Body Slam+1"],"special_seed":0,"relics":["Burning Blood","Potion Belt","Eternal Feather","Red Mask","Blood Vial"],"potions_floor_usage":[33],"damage_taken":[{"damage":7.0,"enemies":"Small Slimes","floor":1.0,"turns":4.0},{"damage":0.0,"enemies":"2 Louse","floor":4.0,"turns":2.0},{"damage":0.0,"enemies":"Jaw Worm","floor":5.0,"turns":1.0},{"damage":5.0,"enemies":"Looter","floor":7.0,"turns":2.0},{"damage":7.0,"enemies":"Blue Slaver","floor":10.0,"turns":2.0},{"damage":3.0,"enemies":"Exordium Thugs","floor":11.0,"turns":3.0},{"damage":0.0,"enemies":"3 Louse","floor":14.0,"turns":2.0},{"damage":66.0,"enemies":"Hexaghost","floor":16.0,"turns":11.0},{"damage":3.0,"enemies":"Spheric Guardian","floor":18.0,"turns":3.0},{"damage":27.0,"enemies":"Chosen","floor":19.0,"turns":6.0},{"damage":52.0,"enemies":"Masked Bandits","floor":20.0,"turns":5.0},{"damage":22.0,"enemies":"Sentry and Sphere","floor":24.0,"turns":5.0},{"damage":39.0,"enemies":"Centurion and Healer","floor":25.0,"turns":6.0},{"damage":22.0,"enemies":"Snecko","floor":27.0,"turns":5.0},{"damage":25.0,"enemies":"Sentry and Sphere","floor":31.0,"turns":6.0},{"damage":88,"enemies":"Collector","floor":33,"turns":8}],"seed_played":"-6944075730353980910","potions_obtained":[{"floor":7.0,"key":"Ancient Potion"},{"floor":10.0,"key":"AttackPotion"},{"floor":11.0,"key":"PowerPotion"},{"floor":16.0,"key":"Ancient Potion"},{"floor":18.0,"key":"FairyPotion"},{"floor":25.0,"key":"AttackPotion"}],"is_trial":false,"path_per_floor":["M","$","?","M","M","R","M","R","T","M","M","R","$","M","R","B",null,"M","M","?","$","?","R","M","M","T","M","?","$","?","M","R","B"],"character_chosen":"IRONCLAD","items_purchased":["Fiend Fire","True Grit","Shrug It Off","Flex","Metallicize"],"campfire_rested":2,"item_purchase_floors":[2,13,13,21,29],"current_hp_per_floor":[79,79,79,80,80,80,80,80,80,79,80,80,80,80,80,20,80,80,63,29,29,14,51,35,8,8,14,42,42,42,25,65,0],"gold":50,"neow_bonus":"THREE_CARDS","is_prod":false,"is_daily":false,"chose_seed":false,"campfire_upgraded":4,"win_rate":0.0,"timestamp":1552861573,"path_taken":["M","$","?","M","M","R","M","R","T","M","M","R","$","M","R","BOSS","M","M","?","$","?","R","M","?","T","M","?","$","?","M","R","BOSS"],"build_version":"2019-01-23","purchased_purges":2,"victory":false,"max_hp_per_floor":[80,80,80,80,80,80,80,80,80,80,80,80,80,80,80,80,80,80,80,80,80,85,85,85,85,85,85,85,85,85,85,85,85],"card_choices":[{"not_picked":["Clothesline","Rage"],"picked":"Pommel Strike","floor":0.0},{"not_picked":["Clothesline","Whirlwind"],"picked":"Twin Strike","floor":1.0},{"not_picked":["Clash","Corruption"],"picked":"Flex","floor":4.0},{"not_picked":["Clothesline","Dual Wield"],"picked":"Searing Blow","floor":5.0},{"not_picked":["Clothesline","Rampage"],"picked":"Seeing Red","floor":7.0},{"not_picked":["Shockwave","Corruption"],"picked":"Whirlwind","floor":10.0},{"not_picked":["Burning Pact","Pommel Strike"],"picked":"Headbutt","floor":11.0},{"not_picked":["Clash","Combust"],"picked":"True Grit","floor":14.0},{"not_picked":["Offering","Double Tap"],"picked":"Reaper","floor":16.0},{"not_picked":["Armaments","Fire Breathing"],"picked":"Flex","floor":18.0},{"not_picked":["Rupture+1","Clothesline"],"picked":"Anger","floor":19.0},{"not_picked":["Perfected Strike","Shockwave"],"picked":"Carnage","floor":20.0},{"not_picked":["Inflame","Fire Breathing+1"],"picked":"Anger+1","floor":24.0},{"not_picked":["Thunderclap+1","Shockwave"],"picked":"Pommel Strike","floor":25.0},{"not_picked":["Clash","Rampage"],"picked":"Shrug It Off","floor":27.0},{"not_picked":["Rampage","True Grit"],"picked":"Body Slam+1","floor":31.0}],"player_experience":29778,"relics_obtained":[{"floor":9.0,"key":"Potion Belt"},{"floor":20.0,"key":"Red Mask"},{"floor":26.0,"key":"Blood Vial"}],"event_choices":[{"damage_healed":0.0,"max_hp_gain":0.0,"max_hp_loss":0.0,"gold_gain":0.0,"event_name":"Living Wall","player_choice":"Grow","floor":3.0,"gold_loss":0.0,"damage_taken":0.0,"cards_upgraded":["Fiend Fire"]},{"damage_healed":0.0,"max_hp_gain":0.0,"max_hp_loss":0.0,"gold_gain":0.0,"event_name":"Masked Bandits","player_choice":"Fought Bandits","floor":20.0,"gold_loss":0.0,"damage_taken":0.0},{"damage_healed":0.0,"max_hp_gain":5.0,"max_hp_loss":0.0,"gold_gain":0.0,"event_name":"Forgotten Altar","player_choice":"Shed Blood","floor":22.0,"gold_loss":0.0,"damage_taken":20.0},{"damage_healed":28.0,"max_hp_gain":0.0,"max_hp_loss":0.0,"gold_gain":0.0,"event_name":"The Library","player_choice":"Heal","floor":28.0,"gold_loss":0.0,"damage_taken":0.0},{"damage_healed":0.0,"max_hp_gain":0.0,"max_hp_loss":0.0,"gold_gain":0.0,"event_name":"Back to Basics","player_choice":"Simplicity","floor":30.0,"gold_loss":0.0,"damage_taken":0.0,"cards_upgraded":["Strike_R","Strike_R","Strike_R","Strike_R","Defend_R","Defend_R","Defend_R"]}],"is_beta":false,"boss_relics":[{"not_picked":["Tiny House","White Beast Statue"],"picked":"Eternal Feather"}],"items_purged_floors":[13,21],"is_endless":false,"potions_floor_spawned":[7,10,11,16,18,25],"killed_by":"Collector","ascension_level":0}