{"gold_per_floor":[110,110,110,110,110,110,124,124,205,221,240,240,259,275,275,375,425,438,353,132,132,132,132,143,143,143,143,155,171,182,199,199,199],"floor_reached":33,"playtime":1763,"items_purged":[],"score":239,"play_id":"14e3735d-9332-4843-a4ee-a9d62c5f1cda","local_time":"20190124152929","is_ascension_mode":false,"campfire_choices":[{"data":"Zap","floor":6,"key":"SMITH"},{"data":"Sweeping Beam","floor":12,"key":"SMITH"},{"data":"Ball Lightning","floor":15,"key":"SMITH"},{"data":"Self Repair","floor":23,"key":"SMITH"},{"data":"Dualcast","floor":25,"key":"SMITH"},{"data":"Defend_B","floor":27,"key":"SMITH"},{"data":"Cold Snap","floor":32,"key":"SMITH"}],"neow_cost":"NONE","seed_source_timestamp":4823129161476894,"circlet_count":0,"master_deck":["Strike_B","Strike_B","Strike_B","Strike_B","Defend_B","Defend_B+1","Defend_B","Defend_B+1","Zap+1","Dualcast+1","Ball Lightning+1","Sweeping Beam+1","Self Repair+1","Redo+1","Coolheaded+1","Force Field+1","Seek+1","Chill+1","Redo+1","Apotheosis+1","Redo+1","Storm+1","Fission+1","Ball Lightning+1","Cold Snap+1","Melter"],"relics":["Cracked Core","Question Card","Toxic Egg 2","Tiny House","Centennial Puzzle","Orichalcum"],"potions_floor_usage":[11,28,29,33],"damage_taken":[{"damage":6,"enemies":"Jaw Worm","floor":1,"turns":3},{"damage":0,"enemies":"Small Slimes","floor":7,"turns":3},{"damage":1,"enemies":"2 Louse","floor":10,"turns":2},{"damage":0,"enemies":"Looter","floor":11,"turns":2},{"damage":1,"enemies":"2 Fungi Beasts","floor":13,"turns":2},{"damage":13,"enemies":"Exordium Thugs","floor":14,"turns":4},{"damage":58,"enemies":"Hexaghost","floor":16,"turns":14},{"damage":1,"enemies":"Chosen","floor":18,"turns":6},{"damage":8,"enemies":"Shell Parasite","floor":24,"turns":5},{"damage":15,"enemies":"3 Cultists","floor":28,"turns":6},{"damage":17,"enemies":"Chosen and Byrds","floor":29,"turns":8},{"damage":10,"enemies":"Snake Plant","floor":30,"turns":3},{"damage":10,"enemies":"Snecko","floor":31,"turns":6},{"damage":87,"enemies":"Automaton","floor":33,"turns":10}],"seed_played":"6373710652817233296","potions_obtained":[{"floor":0,"key":"Explosive Potion"},{"floor":0,"key":"Weak Potion"},{"floor":0,"key":"Fire Potion"},{"floor":14,"key":"Strength Potion"},{"floor":29,"key":"Fire Potion"}],"is_trial":false,"path_per_floor":["M","?","?","?","?","R","M","?","T","M","M","R","M","M","R","B",null,"M","?","$","?","?","R","M","R","T","R","M","M","M","M","R","B"],"character_chosen":"DEFECT","items_purchased":["Apotheosis+1","Redo+1"],"campfire_rested":0,"item_purchase_floors":[20,20],"current_hp_per_floor":[69,69,74,67,67,67,67,67,67,66,66,66,72,66,66,15,85,85,85,85,85,85,85,85,85,85,85,80,73,73,73,73,0],"gold":199,"neow_bonus":"THREE_SMALL_POTIONS","is_prod":false,"is_daily":false,"chose_seed":false,"campfire_upgraded":7,"win_rate":0,"timestamp":1548343769,"path_taken":["M","?","?","?","?","R","M","?","T","?","M","R","M","M","R","BOSS","M","?","$","?","?","R","M","R","T","R","M","M","M","M","R","BOSS"],"build_version":"2019-01-23","purchased_purges":0,"victory":false,"max_hp_per_floor":[75,75,80,80,80,80,80,80,80,80,80,80,80,80,80,80,85,85,85,85,85,85,85,85,85,85,85,85,85,85,85,85,85],"card_choices":[{"not_picked":["Blizzard","Heatsinks"],"picked":"Ball Lightning","floor":1},{"not_picked":["Leap","Cold Snap","Go for the Eyes"],"picked":"Sweeping Beam","floor":7},{"not_picked":["Sweeping Beam","BootSequence+1","Recycle+1"],"picked":"Self Repair","floor":10},{"not_picked":["Streamline","Glacier+1","Go for the Eyes"],"picked":"Redo+1","floor":11},{"not_picked":["Reinforced Body+1","Leap+1","Go for the Eyes"],"picked":"Coolheaded+1","floor":13},{"not_picked":["Rebound","Melter","Blizzard"],"picked":"Force Field+1","floor":14},{"not_picked":["Hyperbeam","Thunder Strike","Biased Cognition"],"picked":"Seek+1","floor":16},{"not_picked":["Coolheaded+1","Redo+1","Beam Cell"],"picked":"Chill+1","floor":17},{"not_picked":["Coolheaded+1","Steam+1","Genetic Algorithm+1"],"picked":"Redo+1","floor":18},{"not_picked":["Hologram+1","Rebound","Leap+1"],"picked":"Storm+1","floor":24},{"not_picked":["Capacitor","Go for the Eyes","Leap+1"],"picked":"Fission+1","floor":28},{"not_picked":["Steam+1","Barrage","Rip and Tear+1"],"picked":"Ball Lightning+1","floor":29},{"not_picked":["Genetic Algorithm+1","Sweeping Beam","Rip and Tear"],"picked":"Cold Snap","floor":30},{"not_picked":["Lockon","Stack+1","Scrape"],"picked":"Melter","floor":31}],"player_experience":920221,"relics_obtained":[{"floor":9,"key":"Toxic Egg 2"},{"floor":26,"key":"Orichalcum"}],"event_choices":[{"damage_healed":0,"gold_gain":0,"player_choice":"Leave","damage_taken":0,"max_hp_gain":0,"max_hp_loss":0,"event_name":"The Cleric","floor":2,"gold_loss":0},{"damage_healed":0,"gold_gain":0,"player_choice":"Donut","damage_taken":0,"max_hp_gain":5,"max_hp_loss":0,"event_name":"Big Fish","floor":3,"gold_loss":0},{"damage_healed":0,"gold_gain":0,"player_choice":"Success","damage_taken":7,"relics_obtained":["Question Card"],"max_hp_gain":0,"max_hp_loss":0,"event_name":"Scrap Ooze","floor":4,"gold_loss":0},{"damage_healed":0,"gold_gain":0,"player_choice":"Ignored","damage_taken":0,"max_hp_gain":0,"max_hp_loss":0,"event_name":"Golden Wing","floor":5,"gold_loss":0},{"damage_healed":0,"gold_gain":0,"player_choice":"Ignored","damage_taken":0,"max_hp_gain":0,"max_hp_loss":0,"event_name":"Golden Idol","floor":8,"gold_loss":0},{"damage_healed":0,"gold_gain":0,"player_choice":"Obtained Relic","damage_taken":0,"relics_obtained":["Centennial Puzzle"],"max_hp_gain":0,"max_hp_loss":0,"event_name":"Addict","floor":19,"gold_loss":85},{"damage_healed":0,"gold_gain":0,"player_choice":"Ignored","damage_taken":0,"max_hp_gain":0,"max_hp_loss":0,"event_name":"Vampires","floor":21,"gold_loss":0},{"damage_healed":0,"gold_gain":0,"player_choice":"Ignored","damage_taken":0,"max_hp_gain":0,"max_hp_loss":0,"event_name":"Beggar","floor":22,"gold_loss":0}],"is_beta":false,"boss_relics":[{"not_picked":["Ectoplasm","White Beast Statue"],"picked":"Tiny House"}],"items_purged_floors":[],"is_endless":false,"potions_floor_spawned":[1,7,10,14,24,29],"killed_by":"Automaton","ascension_level":0}