{"gold_per_floor":[116,131,146,146,59,88,88,105,105,105,105,132,45,75,75,147,147,160,160,85,60,75,75,75],"floor_reached":24,"playtime":1302,"items_purged":["Strike_G"],"score":428,"play_id":"490099d9-8f6d-4dc4-8943-313171f8bb12","local_time":"20190312222943","is_ascension_mode":true,"campfire_choices":[{"floor":7.0,"key":"REST"},{"data":"Noxious Fumes","floor":10.0,"key":"SMITH"},{"data":"Catalyst","floor":15.0,"key":"SMITH"},{"data":"Dash","floor":23.0,"key":"SMITH"}],"neow_cost":"NONE","seed_source_timestamp":911421333641876,"circlet_count":0,"master_deck":["AscendersBane","Defend_G","Defend_G","Defend_G","Defend_G","Defend_G","Strike_G","Strike_G","Strike_G","Survivor","Neutralize","Terror","Dagger Spray","Sucker Punch","Footwork+1","Noxious Fumes+1","Dagger Throw","Catalyst+1","Night Terror","Burst","PiercingWail","Dodge and Roll","Dash+1"],"special_seed":0,"relics":["Ring of the Snake","Omamori","Girya","Meat on the Bone","Bottled Lightning","Torii","Coffee Dripper","MutagenicStrength"],"potions_floor_usage":[24],"damage_taken":[{"damage":16.0,"enemies":"Jaw Worm","floor":1.0,"turns":7.0},{"damage":0.0,"enemies":"Cultist","floor":2.0,"turns":3.0},{"damage":3.0,"enemies":"Small Slimes","floor":3.0,"turns":5.0},{"damage":23.0,"enemies":"Lagavulin","floor":6.0,"turns":8.0},{"damage":4.0,"enemies":"3 Louse","floor":8.0,"turns":4.0},{"damage":9.0,"enemies":"Gremlin Nob","floor":12.0,"turns":4.0},{"damage":19.0,"enemies":"Lagavulin","floor":14.0,"turns":6.0},{"damage":21.0,"enemies":"The Guardian","floor":16.0,"turns":9.0},{"damage":22.0,"enemies":"Shell Parasite","floor":18.0,"turns":6.0},{"damage":16.0,"enemies":"2 Thieves","floor":21.0,"turns":4.0},{"damage":29.0,"enemies":"Cultist and Chosen","floor":22.0,"turns":7.0},{"damage":25,"enemies":"Slavers","floor":24,"turns":2}],"seed_played":"-3369196064053289265","potions_obtained":[{"floor":1.0,"key":"Poison Potion"},{"floor":3.0,"key":"GhostInAJar"},{"floor":6.0,"key":"Dexterity Potion"},{"floor":12.0,"key":"Regen Potion"},{"floor":16.0,"key":"SpeedPotion"}],"is_trial":false,"path_per_floor":["M","M","M","?","$","E","R","M","T","R","?","E","$","E","R","B",null,"M","?","$","M","M","R","E"],"character_chosen":"THE_SILENT","items_purchased":["Footwork","Catalyst"],"campfire_rested":1,"item_purchase_floors":[5,13],"current_hp_per_floor":[43,43,40,40,40,17,36,32,32,32,32,35,35,28,28,19,54,44,44,44,40,23,23,0],"gold":75,"neow_bonus":"RANDOM_COMMON_RELIC","is_prod":false,"is_daily":false,"chose_seed":false,"campfire_upgraded":3,"win_rate":0,"timestamp":1552447783,"path_taken":["M","M","M","?","$","E","R","?","T","R","?","E","$","E","R","BOSS","M","?","$","M","M","R","E"],"build_version":"2019-01-23","purchased_purges":1,"victory":false,"max_hp_per_floor":[66,66,66,66,66,66,66,66,66,66,66,66,66,66,66,66,66,66,66,66,66,66,66,66],"card_choices":[{"not_picked":["Masterful Stab","Blade Dance"],"picked":"Terror","floor":1.0},{"not_picked":["Dagger Throw","Choke"],"picked":"Dagger Spray","floor":2.0},{"not_picked":["Accuracy","Eviscerate","Reflex"],"picked":"SKIP","floor":3.0},{"not_picked":["Poisoned Stab","Expertise"],"picked":"Noxious Fumes","floor":6.0},{"not_picked":["Expertise","Underhanded Strike"],"picked":"Dagger Throw","floor":8.0},{"not_picked":["Sucker Punch","Bane","Underhanded Strike"],"picked":"SKIP","floor":12.0},{"not_picked":["Flying Knee","Dagger Spray"],"picked":"Night Terror","floor":14.0},{"not_picked":["Doppelganger","Phantasmal Killer"],"picked":"Burst","floor":16.0},{"not_picked":["Terror","All Out Attack+1"],"picked":"PiercingWail","floor":18.0},{"not_picked":["Quick Slash","Underhanded Strike"],"picked":"Dodge and Roll","floor":21.0},{"not_picked":["Riddle With Holes","Underhanded Strike"],"picked":"Dash","floor":22.0}],"player_experience":760389,"relics_obtained":[{"floor":6.0,"key":"Girya"},{"floor":9.0,"key":"Meat on the Bone"},{"floor":12.0,"key":"Bottled Lightning"},{"floor":14.0,"key":"Torii"}],"event_choices":[{"damage_healed":0.0,"max_hp_gain":0.0,"max_hp_loss":0.0,"gold_gain":0.0,"cards_transformed":["Strike_G"],"event_name":"Transmorgrifier","player_choice":"Transformed","floor":4.0,"gold_loss":0.0,"damage_taken":0.0,"cards_obtained":["Sucker Punch"]},{"damage_healed":0.0,"max_hp_gain":0.0,"max_hp_loss":0.0,"gold_gain":0.0,"event_name":"Living Wall","player_choice":"Grow","floor":11.0,"gold_loss":0.0,"damage_taken":0.0,"cards_upgraded":["Footwork"]},{"damage_healed":0.0,"max_hp_gain":0.0,"max_hp_loss":0.0,"gold_gain":0.0,"event_name":"Drug Dealer","player_choice":"Inject Mutagens","floor":19.0,"gold_loss":0.0,"damage_taken":0.0,"relics_obtained":["MutagenicStrength"]}],"is_beta":false,"boss_relics":[{"not_picked":["Calling Bell","Fusion Hammer"],"picked":"Coffee Dripper"}],"items_purged_floors":[20],"is_endless":false,"potions_floor_spawned":[1,3,6,12,16,18],"killed_by":"Slavers","ascension_level":20}