{"gold_per_floor":[110,110,35,110,10,25,40,58,82,82,93,93,111,126,126,126],"floor_reached":16,"playtime":723,"items_purged":["Defend_R","Strike_R"],"score":119,"play_id":"8fc81274-fb68-4b88-b144-71c7874057ec","local_time":"20190326194902","is_ascension_mode":false,"campfire_choices":[{"data":"Bash","floor":10,"key":"SMITH"},{"data":"Shrug It Off","floor":12,"key":"SMITH"},{"data":"Strike_R","floor":15,"key":"SMITH"}],"neow_cost":"NONE","seed_source_timestamp":277765515289599,"circlet_count":0,"master_deck":["Strike_R+1","Strike_R","Strike_R","Defend_R","Defend_R","Defend_R","Bash+1","Flex","Shrug It Off+1"],"relics":["Burning Blood","Strawberry"],"potions_floor_usage":[14,16],"damage_taken":[{"damage":8,"enemies":"Jaw Worm","floor":1,"turns":3},{"damage":1,"enemies":"2 Louse","floor":6,"turns":3},{"damage":2,"enemies":"Small Slimes","floor":7,"turns":3},{"damage":20,"enemies":"Red Slaver","floor":8,"turns":4},{"damage":14,"enemies":"Exordium Wildlife","floor":11,"turns":4},{"damage":18,"enemies":"Lots of Slimes","floor":13,"turns":6},{"damage":7,"enemies":"Blue Slaver","floor":14,"turns":5},{"damage":60,"enemies":"Hexaghost","floor":16,"turns":14}],"seed_played":"2831572916973571926","potions_obtained":[{"floor":1,"key":"Dexterity Potion"},{"floor":13,"key":"Fire Potion"},{"floor":14,"key":"Fruit Juice"}],"is_trial":false,"path_per_floor":["M","?","$","?","$","M","M","M","T","R","M","R","M","M","R","B"],"character_chosen":"IRONCLAD","items_purchased":[],"campfire_rested":0,"item_purchase_floors":[],"current_hp_per_floor":[78,83,83,72,72,77,81,67,74,74,66,66,54,58,58,0],"gold":126,"neow_bonus":"TRANSFORM_CARD","is_prod":false,"is_daily":false,"chose_seed":false,"campfire_upgraded":3,"win_rate":0,"timestamp":1553647742,"path_taken":["M","?","$","?","$","M","M","M","T","R","M","R","M","M","R","BOSS"],"build_version":"2019-01-23","purchased_purges":2,"victory":false,"max_hp_per_floor":[80,85,85,85,85,85,85,85,92,92,92,92,92,97,97,97],"card_choices":[{"not_picked":["Metallicize","Dual Wield"],"picked":"Shrug It Off","floor":1},{"not_picked":["Body Slam","Intimidate","Armaments"],"picked":"SKIP","floor":6},{"not_picked":["Hemokinesis","Flame Barrier","Sword Boomerang"],"picked":"SKIP","floor":7},{"not_picked":["Combust","Evolve","Battle Trance"],"picked":"SKIP","floor":8},{"not_picked":["Bloodletting","Ghostly Armor","Armaments"],"picked":"SKIP","floor":11},{"not_picked":["Dual Wield","Sentinel","Flex"],"picked":"SKIP","floor":13},{"not_picked":["Iron Wave","Shrug It Off","Demon Form"],"picked":"SKIP","floor":14}],"player_experience":785937,"relics_obtained":[{"floor":9,"key":"Strawberry"}],"event_choices":[{"damage_healed":0,"gold_gain":0,"player_choice":"Donut","damage_taken":0,"max_hp_gain":5,"max_hp_loss":0,"event_name":"Big Fish","floor":2,"gold_loss":0},{"damage_healed":0,"gold_gain":75,"player_choice":"Gather Gold","damage_taken":11,"max_hp_gain":0,"max_hp_loss":0,"event_name":"World of Goop","floor":4,"gold_loss":0}],"is_beta":false,"boss_relics":[],"items_purged_floors":[3,5],"is_endless":false,"potions_floor_spawned":[1,13,14],"killed_by":"Hexaghost","ascension_level":0}