{"gold_per_floor":[117,35,35,11,11,11,29,42,68,86,97,172,200,219,219,219],"floor_reached":16,"playtime":1422,"items_purged":[],"score":102,"play_id":"5ff0c720-602e-45c3-8698-f878c1ba3f6c","local_time":"20190322231131","is_ascension_mode":false,"campfire_choices":[{"data":"Shrug It Off","floor":6,"key":"SMITH"},{"floor":15,"key":"REST"}],"neow_cost":"NONE","seed_source_timestamp":834243900025219,"circlet_count":0,"master_deck":["Strike_R","Strike_R","Strike_R","Strike_R","Strike_R","Defend_R","Defend_R","Defend_R","Defend_R","Bash+1","Power Through","Shrug It Off+1","Flame Barrier","Shrug It Off","Shockwave","Feel No Pain"],"relics":["Burning Blood","Oddly Smooth Stone","Paper Frog"],"potions_floor_usage":[11,13,16],"damage_taken":[{"damage":0,"enemies":"Small Slimes","floor":1,"turns":3},{"damage":6,"enemies":"Cultist","floor":7,"turns":3},{"damage":6,"enemies":"2 Louse","floor":8,"turns":3},{"damage":1,"enemies":"2 Fungi Beasts","floor":10,"turns":4},{"damage":6,"enemies":"Blue Slaver","floor":11,"turns":6},{"damage":24,"enemies":"3 Sentries","floor":13,"turns":16},{"damage":0,"enemies":"3 Louse","floor":14,"turns":4},{"damage":81,"enemies":"Hexaghost","floor":16,"turns":16}],"seed_played":"3394948843323201267","potions_obtained":[{"floor":7,"key":"GamblersBrew"},{"floor":8,"key":"Block Potion"},{"floor":13,"key":"Energy Potion"}],"is_trial":false,"path_per_floor":["M","$","?","$","?","R","M","M","T","M","M","?","E","M","R","B"],"character_chosen":"IRONCLAD","items_purchased":["Power Through","Shrug It Off"],"campfire_rested":1,"item_purchase_floors":[2,4],"current_hp_per_floor":[80,80,80,80,80,80,80,80,80,80,80,69,51,57,80,0],"gold":219,"neow_bonus":"RANDOM_COLORLESS","is_prod":false,"is_daily":false,"chose_seed":false,"campfire_upgraded":1,"win_rate":0,"timestamp":1553305291,"path_taken":["M","$","?","?","?","R","M","M","T","M","M","?","E","?","R","BOSS"],"build_version":"2019-03-15","purchased_purges":0,"victory":false,"max_hp_per_floor":[80,80,80,80,80,80,80,80,80,80,80,80,80,80,80,80],"card_choices":[{"not_picked":["Sword Boomerang","Sentinel","Twin Strike"],"picked":"SKIP","floor":1},{"not_picked":["Bloodletting","Iron Wave"],"picked":"Flame Barrier","floor":7},{"not_picked":["Anger","Armaments"],"picked":"Shrug It Off","floor":8},{"not_picked":["Shrug It Off","Perfected Strike","Thunderclap"],"picked":"SKIP","floor":10},{"not_picked":["Anger","Thunderclap"],"picked":"Shockwave","floor":11},{"not_picked":["Warcry","Perfected Strike","Power Through"],"picked":"SKIP","floor":13},{"not_picked":["Rage","Second Wind"],"picked":"Feel No Pain","floor":14}],"player_experience":748595,"relics_obtained":[{"floor":9,"key":"Oddly Smooth Stone"},{"floor":13,"key":"Paper Frog"}],"event_choices":[{"cards_removed":["Finesse"],"damage_healed":0,"gold_gain":0,"player_choice":"Offered Uncommon","damage_taken":0,"max_hp_gain":0,"max_hp_loss":0,"event_name":"Bonfire Elementals","floor":3,"gold_loss":0},{"damage_healed":0,"gold_gain":0,"player_choice":"Grow","damage_taken":0,"max_hp_gain":0,"max_hp_loss":0,"event_name":"Living Wall","floor":5,"gold_loss":0,"cards_upgraded":["Bash"]},{"damage_healed":0,"gold_gain":75,"player_choice":"Gather Gold","damage_taken":11,"max_hp_gain":0,"max_hp_loss":0,"event_name":"World of Goop","floor":12,"gold_loss":0}],"is_beta":true,"boss_relics":[],"items_purged_floors":[],"is_endless":false,"potions_floor_spawned":[7,8,13],"killed_by":"Hexaghost","ascension_level":0}