{"gold_per_floor":[116,416,426,426,426,451,12,29,52,66,79,29,29,57,57,155,155,175,175,190,205,205,219,219,131,131,164,164,193,211,236,236,334,334,348,348,364,31,131,141,141,169,169,185,185,204,217,245,245,245],"floor_reached":51,"playtime":4206,"items_purged":["Defend_G","Shame","Decay"],"score":847,"play_id":"d2156f00-b74a-471c-94a3-e8471ae5ab9a","local_time":"20190217185018","is_ascension_mode":false,"campfire_choices":[{"data":"Footwork","floor":15,"key":"SMITH"},{"data":"Tools of the Trade","floor":24,"key":"SMITH"},{"data":"Envenom","floor":32,"key":"SMITH"},{"data":"Endless Agony","floor":41,"key":"SMITH"},{"data":"A Thousand Cuts","floor":45,"key":"SMITH"},{"floor":49,"key":"REST"}],"neow_cost":"NONE","seed_source_timestamp":18035461117096,"circlet_count":0,"master_deck":["Defend_G","Defend_G","Defend_G","Defend_G","Strike_G","Strike_G","Strike_G","Strike_G","Survivor","Neutralize+1","Footwork+1","Backflip+1","Glass Knife","Concentrate","Die Die Die","Deflect+1","Eviscerate","Tools of the Trade+1","Eviscerate","Blind","Catalyst","Slice","Cloak And Dagger+1","Crippling Poison","Endless Agony+1","Acrobatics","Envenom+1","Deflect","Malaise","Choke","Concentrate","Underhanded Strike","Deflect","Cloak And Dagger+1","Blade Dance+1","A Thousand Cuts+1","Calculated Gamble+1","Deflect"],"relics":["Ring of the Snake","Bag of Preparation","Old Coin","Tingsha","Unceasing Top","Smiling Mask","Odd Mushroom","Black Star","Centennial Puzzle","Singing Bowl","Red Mask","Regal Pillow","Lantern","Art of War","PreservedInsect","Sozu","Paper Crane","Mango","War Paint","Prayer Wheel","Kunai","Incense Burner","Ninja Scroll"],"potions_floor_usage":[10,21,31,33,35,50],"damage_taken":[{"damage":0,"enemies":"Cultist","floor":1,"turns":3},{"damage":0,"enemies":"2 Louse","floor":3,"turns":4},{"damage":15,"enemies":"3 Sentries","floor":6,"turns":12},{"damage":0,"enemies":"Small Slimes","floor":8,"turns":2},{"damage":0,"enemies":"Red Slaver","floor":10,"turns":1},{"damage":0,"enemies":"Looter","floor":11,"turns":2},{"damage":0,"enemies":"The Mushroom Lair","floor":14,"turns":3},{"damage":36,"enemies":"The Guardian","floor":16,"turns":18},{"damage":0,"enemies":"Chosen","floor":18,"turns":5},{"damage":5,"enemies":"Shell Parasite","floor":20,"turns":5},{"damage":6,"enemies":"Snake Plant","floor":21,"turns":4},{"damage":0,"enemies":"Snecko","floor":23,"turns":5},{"damage":2,"enemies":"Masked Bandits","floor":27,"turns":4},{"damage":3,"enemies":"Book of Stabbing","floor":29,"turns":5},{"damage":2,"enemies":"Centurion and Healer","floor":30,"turns":9},{"damage":24,"enemies":"Slavers","floor":31,"turns":3},{"damage":8,"enemies":"Collector","floor":33,"turns":8},{"damage":0,"enemies":"Orb Walker","floor":35,"turns":3},{"damage":24,"enemies":"3 Darklings","floor":37,"turns":6},{"damage":0,"enemies":"Mind Bloom Boss Battle","floor":39,"turns":6},{"damage":0,"enemies":"4 Shapes","floor":40,"turns":3},{"damage":0,"enemies":"Giant Head","floor":42,"turns":6},{"damage":9,"enemies":"Maw","floor":44,"turns":6},{"damage":11,"enemies":"Spire Growth","floor":46,"turns":3},{"damage":0,"enemies":"Jaw Worm Horde","floor":47,"turns":1},{"damage":6,"enemies":"Reptomancer","floor":48,"turns":4},{"damage":9,"enemies":"Donu and Deca","floor":50,"turns":8}],"seed_played":"-5536667779933580221","potions_obtained":[{"floor":8,"key":"Fruit Juice"},{"floor":10,"key":"GhostInAJar"},{"floor":16,"key":"Regen Potion"},{"floor":27,"key":"Energy Potion"},{"floor":29,"key":"Swift Potion"},{"floor":33,"key":"Ancient Potion"}],"is_trial":false,"path_per_floor":["M","T","M","?","?","E","$","M","T","M","M","$","?","?","R","B",null,"M","?","M","M","?","M","R","$","T","?","?","E","M","E","R","B",null,"M","?","M","$","?","M","R","E","T","M","R","M","M","E","R","B",null],"character_chosen":"THE_SILENT","items_purchased":["Unceasing Top","Die Die Die","Crippling Poison","Paper Crane","Underhanded Strike"],"campfire_rested":1,"item_purchase_floors":[7,7,25,38,38],"current_hp_per_floor":[70,70,70,70,70,55,55,55,55,60,60,60,60,60,60,24,75,75,75,70,64,64,64,64,64,64,62,62,59,57,42,42,34,75,75,71,47,47,61,61,61,61,61,54,54,43,47,43,85,76],"gold":245,"neow_bonus":"RANDOM_COMMON_RELIC","is_prod":false,"is_daily":false,"chose_seed":false,"campfire_upgraded":5,"win_rate":0,"timestamp":1550425818,"path_taken":["M","?","?","?","?","E","$","M","T","?","M","$","?","?","R","BOSS","M","?","?","M","?","M","R","$","T","?","?","E","?","E","R","BOSS","M","?","M","$","?","M","R","E","T","M","R","M","M","E","R","BOSS"],"build_version":"2019-01-23","purchased_purges":3,"victory":true,"max_hp_per_floor":[70,70,70,70,70,70,70,70,70,75,75,75,75,75,75,75,75,75,75,75,75,75,75,75,75,75,75,75,75,75,75,75,75,75,75,71,71,71,85,85,85,85,85,87,87,87,91,93,93,93],"card_choices":[{"not_picked":["Outmaneuver","Underhanded Strike"],"picked":"Footwork","floor":1},{"not_picked":["Tactician","Terror"],"picked":"Backflip","floor":3},{"not_picked":["Deflect","PiercingWail"],"picked":"Concentrate","floor":6},{"not_picked":["Dash","Infinite Blades","Phantasmal Killer"],"picked":"SKIP","floor":8},{"not_picked":["Expertise","Bane","Poisoned Stab"],"picked":"SKIP","floor":10},{"not_picked":["Blade Dance","Expertise"],"picked":"Deflect","floor":11},{"not_picked":["Bane","Accuracy"],"picked":"Eviscerate","floor":14},{"not_picked":["Envenom","Wraith Form v2"],"picked":"Tools of the Trade","floor":16},{"not_picked":["Poisoned Stab","Backflip"],"picked":"Eviscerate","floor":18},{"not_picked":["Skewer","Quick Slash"],"picked":"Catalyst","floor":20},{"not_picked":["Quick Slash+1","Deflect"],"picked":"Slice","floor":21},{"not_picked":["All Out Attack","Quick Slash"],"picked":"Cloak And Dagger+1","floor":23},{"not_picked":["Dagger Spray+1","Dagger Throw"],"picked":"Endless Agony","floor":27},{"not_picked":["Dagger Spray+1","Backflip"],"picked":"Acrobatics","floor":29},{"not_picked":["Bane","Choke+1"],"picked":"Envenom","floor":30},{"not_picked":["Heel Hook","Skewer"],"picked":"Deflect","floor":31},{"not_picked":["Burst","Night Terror"],"picked":"Malaise","floor":33},{"not_picked":["Dagger Throw+1","Flying Knee"],"picked":"Choke","floor":35},{"not_picked":["Bouncing Flask","Dagger Spray"],"picked":"Concentrate","floor":37},{"not_picked":["Quick Slash","Deadly Poison"],"picked":"Deflect","floor":39},{"not_picked":["Sucker Punch+1","Flying Knee+1"],"picked":"Cloak And Dagger+1","floor":40},{"not_picked":["Deadly Poison","Heel Hook"],"picked":"Blade Dance+1","floor":42},{"not_picked":["Flechettes","Well Laid Plans+1"],"picked":"A Thousand Cuts","floor":44},{"not_picked":["Accuracy+1","Bane","Backflip+1"],"picked":"Singing Bowl","floor":44},{"not_picked":["Dagger Throw+1","Bane+1"],"picked":"Calculated Gamble+1","floor":46},{"not_picked":["Bane","Backflip"],"picked":"Deflect","floor":46},{"not_picked":["Crippling Poison","Underhanded Strike+1","Acrobatics"],"picked":"Singing Bowl","floor":47},{"not_picked":["Sucker Punch+1","Backflip+1","Choke"],"picked":"Singing Bowl","floor":47},{"not_picked":["Poisoned Stab","Sucker Punch","Dagger Throw+1"],"picked":"Singing Bowl","floor":48}],"player_experience":626578,"relics_obtained":[{"floor":2,"key":"Old Coin"},{"floor":6,"key":"Tingsha"},{"floor":9,"key":"Smiling Mask"},{"floor":14,"key":"Odd Mushroom"},{"floor":26,"key":"Singing Bowl"},{"floor":27,"key":"Red Mask"},{"floor":29,"key":"Regal Pillow"},{"floor":29,"key":"Lantern"},{"floor":31,"key":"Art of War"},{"floor":31,"key":"PreservedInsect"},{"floor":39,"key":"Mango"},{"floor":42,"key":"War Paint"},{"floor":42,"key":"Prayer Wheel"},{"floor":43,"key":"Kunai"},{"floor":48,"key":"Incense Burner"},{"floor":48,"key":"Ninja Scroll"}],"event_choices":[{"damage_healed":0,"gold_gain":0,"cards_transformed":["Strike_G"],"player_choice":"Change","damage_taken":0,"max_hp_gain":0,"max_hp_loss":0,"event_name":"Living Wall","floor":4,"gold_loss":0,"cards_obtained":["Glass Knife"]},{"damage_healed":0,"gold_gain":0,"player_choice":"Upgraded","damage_taken":0,"max_hp_gain":0,"max_hp_loss":0,"event_name":"Upgrade Shrine","floor":5,"gold_loss":0,"cards_upgraded":["Neutralize"]},{"damage_healed":0,"gold_gain":0,"player_choice":"Leave","damage_taken":0,"max_hp_gain":0,"max_hp_loss":0,"event_name":"The Cleric","floor":13,"gold_loss":0},{"damage_healed":0,"gold_gain":0,"player_choice":"Fought Mushrooms","damage_taken":0,"max_hp_gain":0,"max_hp_loss":0,"event_name":"Mushrooms","floor":14,"gold_loss":0},{"damage_healed":0,"gold_gain":0,"player_choice":"1 cards matched","damage_taken":0,"max_hp_gain":0,"max_hp_loss":0,"event_name":"Match and Keep!","floor":19,"gold_loss":0,"cards_obtained":["Blind"]},{"damage_healed":0,"gold_gain":0,"player_choice":"Stole Relic","damage_taken":0,"relics_obtained":["Centennial Puzzle"],"max_hp_gain":0,"max_hp_loss":0,"event_name":"Addict","floor":22,"gold_loss":0,"cards_obtained":["Shame"]},{"damage_healed":0,"gold_gain":0,"player_choice":"Fought Bandits","damage_taken":0,"max_hp_gain":0,"max_hp_loss":0,"event_name":"Masked Bandits","floor":27,"gold_loss":0},{"damage_healed":0,"gold_gain":0,"player_choice":"Cursed","damage_taken":0,"max_hp_gain":0,"max_hp_loss":0,"event_name":"Wheel of Change","floor":28,"gold_loss":0,"cards_obtained":["Decay"]},{"damage_healed":0,"gold_gain":0,"player_choice":"Max HP","damage_taken":0,"max_hp_gain":0,"max_hp_loss":4,"event_name":"Winding Halls","floor":36,"gold_loss":0},{"damage_healed":0,"gold_gain":0,"player_choice":"Fight","damage_taken":0,"max_hp_gain":0,"max_hp_loss":0,"event_name":"MindBloom","floor":39,"gold_loss":0}],"is_beta":false,"boss_relics":[{"not_picked":["Calling Bell","Cursed Key"],"picked":"Black Star"},{"not_picked":["WristBlade","Busted Crown"],"picked":"Sozu"}],"items_purged_floors":[12,25,38],"is_endless":false,"potions_floor_spawned":[8,10,16,27,29,33,40,44,46],"ascension_level":0}