{"gold_per_floor":[114,26,26,100,115,145,75,75,75,75,105,29,129,144,144,244,244,259,274,274,274,274,274,289,289,339,369,70,100,100,115,115,215,215,230,245,13,28,28,28,28,28,78,56,56,71,86,101,101,101],"floor_reached":51,"playtime":9518,"items_purged":[],"score":741,"play_id":"5329eea0-a35e-42a1-859a-c9a76f056461","local_time":"20181020131814","daily_mods":["Draft","Blue Cards","Elite Swarm"],"is_ascension_mode":false,"campfire_choices":[{"data":"After Image","floor":8,"key":"SMITH"},{"data":"Mind Blast","floor":10,"key":"SMITH"},{"data":"Electrodynamics","floor":15,"key":"SMITH"},{"data":"Darkness","floor":23,"key":"SMITH"},{"data":"Infinite Blades","floor":25,"key":"SMITH"},{"data":"Accuracy","floor":30,"key":"SMITH"},{"data":"White Noise","floor":32,"key":"SMITH"},{"floor":40,"key":"REST"},{"floor":42,"key":"REST"},{"floor":45,"key":"REST"},{"floor":49,"key":"REST"}],"neow_cost":"","seed_source_timestamp":0,"circlet_count":0,"master_deck":["Sweeping Beam","Caltrops","Stack","Redo+1","Glacier","All Out Attack","Darkness+1","Well Laid Plans","Steam","FTL+1","Beam Cell","Hologram","Chill","Hologram","Blade Dance","Mind Blast+1","Turbo","After Image+1","Amplify+1","Electrodynamics+1","Accuracy+1","Conserve Battery","Corpse Explosion","Quick Slash+1","Beam Cell+1","Infinite Blades+1","Unload+1","Blade Dance","Machine Learning+1","White Noise+1","Electrodynamics+1","Darkness+1","Coolheaded+1","Infinite Blades+1","PiercingWail+1","After Image+1","Leg Sweep","Rebound+1","Predator+1","Cold Snap+1","Tempest+1"],"special_seed":17824,"relics":["Ring of the Snake","Omamori","Molten Egg 2","Mercury Hourglass","Sozu","Oddly Smooth Stone","Ginger","Boot","Bird Faced Urn","Ninja Scroll","Frozen Egg 2","Fusion Hammer","Vajra","Lantern"],"potions_floor_usage":[11,31,33],"damage_taken":[{"damage":0,"enemies":"2 Louse","floor":1,"turns":1},{"damage":0,"enemies":"Jaw Worm","floor":5,"turns":4},{"damage":1,"enemies":"Lagavulin","floor":6,"turns":7},{"damage":0,"enemies":"Gremlin Nob","floor":11,"turns":4},{"damage":5,"enemies":"Small Slimes","floor":14,"turns":2},{"damage":16,"enemies":"The Guardian","floor":16,"turns":10},{"damage":4,"enemies":"Spheric Guardian","floor":18,"turns":4},{"damage":0,"enemies":"3 Byrds","floor":19,"turns":3},{"damage":1,"enemies":"Snecko","floor":24,"turns":3},{"damage":17,"enemies":"Gremlin Leader","floor":27,"turns":4},{"damage":17,"enemies":"Slavers","floor":29,"turns":3},{"damage":1,"enemies":"Snake Plant","floor":31,"turns":3},{"damage":0,"enemies":"Champ","floor":33,"turns":10},{"damage":0,"enemies":"Orb Walker","floor":35,"turns":2},{"damage":0,"enemies":"3 Darklings","floor":36,"turns":1},{"damage":0,"enemies":"Sphere and 2 Shapes","floor":38,"turns":2},{"damage":10,"enemies":"Spire Growth","floor":46,"turns":3},{"damage":0,"enemies":"Maw","floor":47,"turns":5},{"damage":0,"enemies":"4 Shapes","floor":48,"turns":4},{"damage":84,"enemies":"Time Eater","floor":50,"turns":11}],"seed_played":"5305881688716240515","potions_obtained":[{"floor":5,"key":"Poison Potion"},{"floor":6,"key":"EssenceOfSteel"},{"floor":16,"key":"Weak Potion"}],"is_trial":false,"path_per_floor":["M","$","?","?","M","E","$","R","T","R","E","$","?","M","R","B",null,"M","M","?","?","T","R","M","R","T","E","$","E","R","M","R","B",null,"M","M","$","M","?","R","?","R","T","$","R","M","M","M","R","B"],"character_chosen":"THE_SILENT","items_purchased":["Mind Blast","Amplify","Accuracy","Ninja Scroll","Blade Dance","Vajra","Infinite Blades+1","Rebound+1"],"campfire_rested":4,"item_purchase_floors":[2,7,12,28,28,37,37,44],"current_hp_per_floor":[70,70,56,56,56,55,55,55,55,55,55,55,55,50,50,34,70,66,66,66,66,66,66,65,65,65,48,48,41,41,52,52,70,70,70,70,70,70,70,70,70,70,70,70,70,64,70,70,70,4],"gold":101,"neow_bonus":"","is_prod":false,"is_daily":true,"chose_seed":false,"campfire_upgraded":7,"win_rate":0,"timestamp":1540037894,"path_taken":["M","$","?","?","?","E","$","R","T","R","E","$","?","M","R","BOSS","M","M","?","?","?","R","M","R","T","E","$","E","R","M","R","BOSS","M","M","$","M","?","R","?","R","T","$","R","M","M","M","R","BOSS"],"build_version":"2018-10-18","purchased_purges":0,"victory":true,"max_hp_per_floor":[70,70,70,70,70,70,70,70,70,70,70,70,70,70,70,70,70,70,70,70,70,70,70,70,70,70,70,70,70,70,70,70,70,70,70,70,70,70,70,70,70,70,70,70,70,70,70,70,70,70],"card_choices":[{"not_picked":["Compile Driver","Streamline"],"picked":"Sweeping Beam","floor":0},{"not_picked":["Backflip","Sucker Punch"],"picked":"Caltrops","floor":0},{"not_picked":["Deflect","Masterful Stab"],"picked":"Stack","floor":0},{"not_picked":["Poisoned Stab","Sucker Punch"],"picked":"Redo","floor":0},{"not_picked":["Blizzard","Dagger Throw"],"picked":"Glacier","floor":0},{"not_picked":["Deadly Poison","Skim"],"picked":"All Out Attack","floor":0},{"not_picked":["Dagger Throw","Calculated Gamble"],"picked":"Darkness","floor":0},{"not_picked":["Blade Dance","Beam Cell"],"picked":"Well Laid Plans","floor":0},{"not_picked":["Skewer","Stack"],"picked":"Steam","floor":0},{"not_picked":["Rebound","PiercingWail"],"picked":"FTL","floor":0},{"not_picked":["Cloak And Dagger","Underhanded Strike"],"picked":"Beam Cell","floor":0},{"not_picked":["Beam Cell","Poisoned Stab"],"picked":"Heatsinks","floor":0},{"not_picked":["Dodge and Roll","Blade Dance"],"picked":"Hologram","floor":0},{"not_picked":["Sucker Punch","Slice"],"picked":"Chill","floor":0},{"not_picked":["Prepared","Streamline"],"picked":"Hologram","floor":0},{"not_picked":["Finisher","Flying Knee"],"picked":"Blade Dance","floor":1},{"not_picked":["Barrage","Sunder"],"picked":"Turbo","floor":5},{"not_picked":["Reboot","Thunder Strike"],"picked":"After Image","floor":6},{"not_picked":["All For One+1","Phantasmal Killer"],"picked":"Electrodynamics","floor":11},{"not_picked":["Catalyst","Tactician"],"picked":"Conserve Battery","floor":14},{"not_picked":["Doppelganger","Envenom"],"picked":"Corpse Explosion","floor":16},{"not_picked":["All Out Attack+1","Reinforced Body+1"],"picked":"Quick Slash+1","floor":18},{"not_picked":["Slice+1","Endless Agony+1"],"picked":"Beam Cell+1","floor":19},{"not_picked":["Dodge and Roll","Steam"],"picked":"Infinite Blades","floor":24},{"not_picked":["Malaise","Thunder Strike+1"],"picked":"Unload+1","floor":27},{"not_picked":["Night Terror","Bullet Time"],"picked":"Machine Learning","floor":29},{"not_picked":["Deadly Poison","Streamline+1"],"picked":"White Noise","floor":31},{"not_picked":["Meteor Strike+1","Adrenaline"],"picked":"Electrodynamics+1","floor":33},{"not_picked":["Sucker Punch+1","Conserve Battery"],"picked":"Darkness+1","floor":35},{"not_picked":["Flying Knee+1","Scrape+1"],"picked":"Coolheaded+1","floor":36},{"not_picked":["Compile Driver+1","Sweeping Beam+1"],"picked":"PiercingWail+1","floor":38},{"not_picked":["Acrobatics","Coolheaded"],"picked":"Predator+1","floor":46},{"not_picked":["Sweeping Beam+1","Bullet Time"],"picked":"Cold Snap+1","floor":47},{"not_picked":["Chill+1","Glacier"],"picked":"Tempest+1","floor":48}],"player_experience":598801,"relics_obtained":[{"floor":6,"key":"Omamori"},{"floor":9,"key":"Molten Egg 2"},{"floor":11,"key":"Mercury Hourglass"},{"floor":22,"key":"Ginger"},{"floor":26,"key":"Boot"},{"floor":27,"key":"Bird Faced Urn"},{"floor":29,"key":"Frozen Egg 2"},{"floor":43,"key":"Lantern"}],"event_choices":[{"damage_healed":0,"gold_gain":0,"player_choice":"Entered Light","damage_taken":14,"max_hp_gain":0,"max_hp_loss":0,"event_name":"Shining Light","floor":3,"gold_loss":0,"cards_upgraded":["Redo","FTL"]},{"damage_healed":0,"gold_gain":74,"player_choice":"Gained Gold","damage_taken":0,"max_hp_gain":0,"max_hp_loss":0,"event_name":"Golden Wing","floor":4,"gold_loss":0},{"damage_healed":0,"gold_gain":100,"player_choice":"Pray","damage_taken":0,"max_hp_gain":0,"max_hp_loss":0,"event_name":"Golden Shrine","floor":13,"gold_loss":0},{"damage_healed":0,"gold_gain":0,"player_choice":"Opened","damage_taken":0,"relics_obtained":["Oddly Smooth Stone"],"max_hp_gain":0,"max_hp_loss":0,"event_name":"The Mausoleum","floor":20,"gold_loss":0},{"damage_healed":0,"gold_gain":0,"player_choice":"Upgraded","damage_taken":0,"max_hp_gain":0,"max_hp_loss":0,"event_name":"Upgrade Shrine","floor":21,"gold_loss":0,"cards_upgraded":["Amplify"]},{"damage_healed":0,"gold_gain":0,"player_choice":"Copied","damage_taken":0,"max_hp_gain":0,"max_hp_loss":0,"event_name":"Duplicator","floor":39,"gold_loss":0,"cards_obtained":["After Image"]},{"damage_healed":0,"gold_gain":0,"cards_transformed":["Heatsinks"],"player_choice":"Transformed","damage_taken":0,"max_hp_gain":0,"max_hp_loss":0,"event_name":"Transmorgrifier","floor":41,"gold_loss":0,"cards_obtained":["Leg Sweep"]}],"is_beta":false,"boss_relics":[{"not_picked":["Ectoplasm","HoveringKite"],"picked":"Sozu"},{"not_picked":["Pandora\u0027s Box","Black Star"],"picked":"Fusion Hammer"}],"items_purged_floors":[],"is_endless":false,"potions_floor_spawned":[5,6,16,24,29,31,33,38,48],"ascension_level":0}