{"gold_per_floor":[114,114,129,154,169,169,184,199,199,214,214,62,77,92,92,192,242,227,326,333,237,252,252,267,267,267,267,267,267,282,252,252,352,352,367,217,67,67,82,82,97,112,162,177,399,95,119,149,149,149],"floor_reached":51,"playtime":2653,"items_purged":[],"score":1044,"play_id":"99d16bc1-9489-4783-9aae-81028051ba90","local_time":"20180823074724","daily_mods":["Insanity","Binary","Hoarder"],"is_ascension_mode":false,"campfire_choices":[{"data":"Fire Breathing","floor":6,"key":"SMITH"},{"data":"Metallicize","floor":11,"key":"SMITH"},{"data":"Seeing Red","floor":15,"key":"SMITH"},{"data":"Mind Blast","floor":23,"key":"SMITH"},{"data":"Mind Blast","floor":25,"key":"SMITH"},{"data":"Mind Blast","floor":27,"key":"SMITH"},{"floor":32,"key":"REST"},{"data":"Madness","floor":40,"key":"SMITH"},{"data":"Limit Break","floor":49,"key":"SMITH"}],"neow_cost":"","seed_source_timestamp":4698250727016472,"circlet_count":0,"master_deck":["Reckless Charge","Carnage","Double Tap","Iron Wave","Shrug It Off","Wild Strike","Rupture","Metallicize+1","Anger","Intimidate","Shrug It Off+1","Exhume+1","Disarm","Thunderclap","Ghostly Armor","Reaper","Twin Strike","Demon Form+1","Dark Embrace","Shrug It Off","Bludgeon+1","Juggernaut","Perfected Strike","Seeing Red+1","Defend_R","Seeing Red","Dual Wield","Bash","Warcry","Inflame","Searing Blow","True Grit","Fire Breathing","Dropkick","True Grit","Twin Strike","Dual Wield","Clash","Clothesline","Dual Wield","Feel No Pain","Reckless Charge","Dual Wield","Entrench","Reaper","Whirlwind","Twin Strike","Armaments","Combust","Entrench","Flex","Flex","Flex","Fire Breathing+1","Fire Breathing","Fire Breathing","Flex","Flex","Flex","Spot Weakness","Spot Weakness","Spot Weakness","Limit Break+1","Limit Break","Limit Break","Anger","Anger","Anger","Berserk","Berserk","Berserk","Pummel","Pummel","Pummel","Mind Blast+1","Mind Blast+1","Mind Blast+1","Demon Form","Demon Form","Demon Form","Madness+1","Madness","Madness","Madness","Madness","Madness","Spot Weakness+1","Spot Weakness+1","Spot Weakness+1","Bandage Up","Bandage Up","Bandage Up","Pummel","Pummel","Pummel","Armaments","Armaments","Armaments","Metallicize","Metallicize","Metallicize","Exhume","Exhume","Exhume"],"special_seed":17766,"relics":["Burning Blood","War Paint","Juzu Bracelet","Tiny House","Red Mask","Dodecahedron","Sozu","Bronze Scales","Blood Vial","Lantern","Turnip","Bottled Tornado"],"potions_floor_usage":[20,20,24,33,33,33,33,44,50,50],"damage_taken":[{"damage":0,"enemies":"Jaw Worm","floor":1,"turns":3},{"damage":8,"enemies":"Cultist","floor":3,"turns":4},{"damage":0,"enemies":"2 Louse","floor":5,"turns":3},{"damage":6,"enemies":"Gremlin Gang","floor":7,"turns":5},{"damage":7,"enemies":"Exordium Thugs","floor":8,"turns":6},{"damage":3,"enemies":"Lots of Slimes","floor":10,"turns":3},{"damage":13,"enemies":"2 Fungi Beasts","floor":13,"turns":4},{"damage":17,"enemies":"3 Louse","floor":14,"turns":3},{"damage":55,"enemies":"The Guardian","floor":16,"turns":10},{"damage":27,"enemies":"2 Thieves","floor":18,"turns":4},{"damage":4,"floor":20,"turns":4},{"damage":21,"enemies":"Shell Parasite","floor":22,"turns":4},{"damage":9,"enemies":"Centurion and Healer","floor":24,"turns":4},{"damage":0,"enemies":"Cultist and Chosen","floor":30,"turns":1},{"damage":10,"enemies":"Automaton","floor":33,"turns":4},{"damage":0,"enemies":"Orb Walker","floor":35,"turns":1},{"damage":0,"enemies":"3 Darklings","floor":39,"turns":1},{"damage":0,"enemies":"Flame Bruiser 2 Orb","floor":41,"turns":1},{"damage":0,"enemies":"Spire Growth","floor":42,"turns":1},{"damage":27,"enemies":"Transient","floor":44,"turns":5},{"damage":0,"floor":47,"turns":1},{"damage":0,"enemies":"2 Orb Walkers","floor":48,"turns":1},{"damage":101,"enemies":"Donu and Deca","floor":50,"turns":7}],"seed_played":"633193296058416102","potions_obtained":[{"floor":3,"key":"Explosive Potion"},{"floor":7,"key":"Weak Potion"},{"floor":13,"key":"SteroidPotion"},{"floor":17,"key":"EntropicBrew"},{"floor":18,"key":"AttackPotion"},{"floor":22,"key":"BloodPotion"},{"floor":31,"key":"Fruit Juice"},{"floor":31,"key":"LiquidBronze"},{"floor":33,"key":"LiquidBronze"}],"is_trial":false,"path_per_floor":["M","?","M","T","M","R","M","M","T","M","R","$","M","M","R","B",null,"M","?","?","$","M","R","M","R","T","R","?","?","M","?","R","B",null,"M","$","$","?","M","R","M","M","T","M","?","$","?","E","R","B"],"character_chosen":"IRONCLAD","items_purchased":["Limit Break","Mind Blast","Bronze Scales","Blood Vial","Bandage Up","Pummel","Armaments","Metallicize"],"campfire_rested":1,"item_purchase_floors":[12,21,36,37,46,46,46,46],"current_hp_per_floor":[80,80,78,78,80,80,80,80,80,80,80,80,73,69,69,20,85,64,64,66,66,51,51,56,56,56,56,56,56,62,62,85,90,90,90,90,90,79,87,87,90,90,90,69,69,69,81,89,89,82],"gold":149,"neow_bonus":"","is_prod":false,"is_daily":true,"chose_seed":false,"campfire_upgraded":8,"win_rate":0,"timestamp":1535006844,"path_taken":["M","?","?","?","?","R","M","M","T","M","R","$","M","M","R","BOSS","M","?","?","$","M","R","M","R","T","R","?","?","M","?","R","BOSS","M","?","$","?","M","R","M","M","T","M","?","$","?","E","R","BOSS"],"build_version":"2018-08-16","purchased_purges":0,"victory":true,"max_hp_per_floor":[80,80,80,80,80,80,80,80,80,80,80,80,80,80,80,80,85,85,85,85,85,85,85,85,85,85,85,85,85,85,85,85,90,90,90,90,90,90,90,90,90,90,90,90,90,90,90,90,90,90],"card_choices":[{"not_picked":["Clash"],"picked":"Flex","floor":1},{"not_picked":["Perfected Strike"],"picked":"Fire Breathing","floor":3},{"not_picked":["Headbutt","Combust"],"picked":"SKIP","floor":5},{"not_picked":["Rampage"],"picked":"Flex","floor":7},{"not_picked":["Body Slam","Pommel Strike"],"picked":"SKIP","floor":8},{"not_picked":["Shrug It Off"],"picked":"Spot Weakness","floor":10},{"not_picked":["Body Slam"],"picked":"Anger","floor":13},{"not_picked":["Wild Strike","Iron Wave"],"picked":"SKIP","floor":14},{"not_picked":["Double Tap"],"picked":"Berserk","floor":16},{"not_picked":["Body Slam"],"picked":"Pummel","floor":18},{"not_picked":["Cleave","Perfected Strike+1"],"picked":"SKIP","floor":22},{"not_picked":["Warcry","Havoc"],"picked":"SKIP","floor":24},{"not_picked":["Clothesline","Shrug It Off"],"picked":"SKIP","floor":30},{"not_picked":["Offering"],"picked":"Demon Form","floor":33},{"not_picked":["True Grit+1","Wild Strike"],"picked":"SKIP","floor":35},{"not_picked":["Second Wind+1"],"picked":"Spot Weakness+1","floor":39},{"not_picked":["Anger","Sentinel+1"],"picked":"SKIP","floor":41},{"not_picked":["Anger","Cleave+1"],"picked":"SKIP","floor":42},{"not_picked":["Anger","Cleave+1"],"picked":"SKIP","floor":44},{"not_picked":["Cleave+1"],"picked":"Exhume","floor":47},{"not_picked":["Anger","Bloodletting+1"],"picked":"SKIP","floor":48}],"player_experience":436641,"relics_obtained":[{"floor":4,"key":"War Paint"},{"floor":9,"key":"Juzu Bracelet"},{"floor":20,"key":"Red Mask"},{"floor":26,"key":"Dodecahedron"},{"floor":43,"key":"Lantern"},{"floor":47,"key":"Turnip"},{"floor":48,"key":"Bottled Tornado"}],"event_choices":[{"event_name":"Upgrade Shrine","player_choice":"Upgraded","floor":2,"damage_taken":0},{"event_name":"Nest","player_choice":"Stole From Cult","floor":19,"damage_taken":0},{"event_name":"Masked Bandits","player_choice":"Fought Bandits","floor":20,"damage_taken":0},{"event_name":"Ghosts","player_choice":"Ignored","floor":28,"damage_taken":0},{"event_name":"Drug Dealer","player_choice":"Ignored","floor":29,"damage_taken":0},{"event_name":"The Woman in Blue","player_choice":"Bought 2 Potions","floor":31,"damage_taken":0},{"event_name":"Winding Halls","player_choice":"Embrace Madness","floor":38,"damage_taken":0},{"event_name":"Tomb of Lord Red Mask","player_choice":"Wore Mask","floor":45,"damage_taken":0},{"event_name":"Mysterious Sphere","player_choice":"Fight","floor":47,"damage_taken":0}],"is_beta":false,"boss_relics":[{"not_picked":["Velvet Choker","Pandora\u0027s Box"],"picked":"Tiny House"},{"not_picked":["Coffee Dripper","Fusion Hammer"],"picked":"Sozu"}],"items_purged_floors":[],"is_endless":false,"potions_floor_spawned":[3,7,13,14,18,22,33,35,41,48],"ascension_level":0}