{"gold_per_floor":[111,186,186,206,78,78,104,104,104,104,131,158,172,172,172,249,249,249,249,39,39,39,39,39,39,39,39,39,39,39,39,39,39,39,39,39,39,39,39,39,39,39,39,39,39,39,39,39,39,39,39,39,39,9,9,9],"floor_reached":56,"playtime":6012,"items_purged":["Pain","Injury"],"score":2644,"play_id":"83edf37d-ad98-4858-b569-9e6cf19bd014","local_time":"20190319224524","is_ascension_mode":true,"campfire_choices":[{"data":"Cloak And Dagger","floor":6.0,"key":"SMITH"},{"floor":8.0,"key":"REST"},{"data":"Neutralize","floor":10.0,"key":"SMITH"},{"data":"Regret","floor":15.0,"key":"PURGE"},{"data":"Shame","floor":25.0,"key":"PURGE"},{"floor":27.0,"key":"REST"},{"floor":32.0,"key":"REST"},{"floor":40.0,"key":"REST"},{"floor":49.0,"key":"RECALL"},{"data":"After Image","floor":53.0,"key":"SMITH"}],"neow_cost":"NONE","seed_source_timestamp":531257252238713,"circlet_count":0,"master_deck":["AscendersBane","Defend_G","Defend_G","Defend_G","Defend_G","Defend_G","Strike_G","Strike_G","Strike_G","Strike_G","Strike_G","Survivor","Neutralize+1","Clumsy","Quick Slash+1","Cloak And Dagger+1","Skewer+1","After Image+1","Skewer+1","Die Die Die+1","RitualDagger+1","Well Laid Plans","Infinite Blades","Sucker Punch+1","Malaise","PiercingWail+1","Terror","Prepared+1","Accuracy+1","Acrobatics+1","Cloak And Dagger+1","Blade Dance+1","Caltrops","Terror","Cloak And Dagger","PiercingWail"],"special_seed":0,"relics":["Calling Bell","Anchor","Molten Egg 2","Peace Pipe","Vajra","Orichalcum","Paper Crane","Smiling Mask","Potion Belt","Tingsha","Ectoplasm","Strawberry","MutagenicStrength","FossilizedHelix","Oddly Smooth Stone","Mango","Orrery","Bag of Marbles","Dodecahedron","Question Card","Incense Burner","Pantograph","Bag of Preparation"],"potions_floor_usage":[56,56,56,56],"damage_taken":[{"damage":9.0,"enemies":"Small Slimes","floor":1.0,"turns":6.0},{"damage":2.0,"enemies":"2 Louse","floor":4.0,"turns":4.0},{"damage":14.0,"enemies":"3 Sentries","floor":7.0,"turns":8.0},{"damage":13.0,"enemies":"Lagavulin","floor":11.0,"turns":6.0},{"damage":0.0,"enemies":"Jaw Worm","floor":13.0,"turns":4.0},{"damage":16.0,"enemies":"Slime Boss","floor":16.0,"turns":12.0},{"damage":7.0,"enemies":"Chosen","floor":18.0,"turns":5.0},{"damage":15.0,"enemies":"Slavers","floor":23.0,"turns":9.0},{"damage":22.0,"enemies":"Book of Stabbing","floor":29.0,"turns":4.0},{"damage":2.0,"enemies":"Shell Parasite","floor":30.0,"turns":4.0},{"damage":0.0,"enemies":"Gremlin Leader","floor":31.0,"turns":7.0},{"damage":63.0,"enemies":"Champ","floor":33.0,"turns":20.0},{"damage":0.0,"enemies":"Orb Walker","floor":35.0,"turns":3.0},{"damage":7.0,"enemies":"3 Shapes","floor":37.0,"turns":1.0},{"damage":0.0,"enemies":"3 Darklings","floor":38.0,"turns":2.0},{"damage":0.0,"enemies":"Sphere and 2 Shapes","floor":39.0,"turns":2.0},{"damage":2.0,"enemies":"Reptomancer","floor":42.0,"turns":6.0},{"damage":0.0,"enemies":"Nemesis","floor":44.0,"turns":5.0},{"damage":1.0,"enemies":"Maw","floor":46.0,"turns":7.0},{"damage":0.0,"enemies":"Jaw Worm Horde","floor":47.0,"turns":3.0},{"damage":41.0,"enemies":"Giant Head","floor":48.0,"turns":7.0},{"damage":19.0,"enemies":"Time Eater","floor":50.0,"turns":10.0},{"damage":62.0,"enemies":"Awakened One","floor":51.0,"turns":19.0},{"damage":22.0,"enemies":"Shield and Spear","floor":55.0,"turns":7.0}],"seed_played":"-8112689551576424512","potions_obtained":[{"floor":1.0,"key":"Strength Potion"},{"floor":11.0,"key":"Poison Potion"},{"floor":16.0,"key":"SteroidPotion"},{"floor":23.0,"key":"Dexterity Potion"},{"floor":31.0,"key":"GamblersBrew"},{"floor":33.0,"key":"Fire Potion"},{"floor":35.0,"key":"Ancient Potion"},{"floor":38.0,"key":"Ancient Potion"},{"floor":42.0,"key":"Block Potion"}],"is_trial":false,"path_per_floor":["M","?","?","M","$","R","E","R","T","R","E","T","M","?","R","B",null,"M","?","$","?","?","E","$","R","T","R","?","E","M","E","R","B",null,"M","T","M","M","M","R","$","E","T","E","?","M","M","E","R","B","B",null,"R","$","E","B"],"character_chosen":"THE_SILENT","items_purchased":["Weak Potion","GhostInAJar","Well Laid Plans","Cloak And Dagger"],"campfire_rested":4,"item_purchase_floors":[5,20,20,54],"current_hp_per_floor":[50,39,34,32,32,32,18,37,37,37,24,24,24,24,24,8,52,45,39,39,46,46,31,31,31,31,52,52,30,28,42,68,5,67,67,67,60,60,60,86,86,84,84,84,84,83,83,42,42,48,11,68,68,68,46,0],"gold":9,"neow_bonus":"BOSS_RELIC","is_prod":false,"is_daily":false,"chose_seed":false,"campfire_upgraded":3,"win_rate":0,"timestamp":1553053524,"path_taken":["M","?","?","M","$","R","E","R","T","R","E","?","?","?","R","BOSS","M","?","$","?","?","E","$","R","T","R","?","E","M","E","R","BOSS","M","?","M","M","?","R","$","E","T","E","?","M","M","E","R","BOSS","BOSS","R","$","E","BOSS"],"build_version":"2019-01-23","purchased_purges":2,"victory":false,"max_hp_per_floor":[66,66,66,66,66,66,66,66,66,66,66,66,66,66,66,66,66,66,66,66,73,73,73,73,73,73,73,73,73,73,87,87,87,87,87,87,87,87,87,87,87,87,87,87,87,87,87,87,87,87,87,87,87,87,87,87],"card_choices":[{"not_picked":["Flying Knee+1","Acrobatics"],"picked":"Quick Slash+1","floor":1.0},{"not_picked":["Blade Dance","Backflip"],"picked":"Cloak And Dagger","floor":4.0},{"not_picked":["Choke+1","Cloak And Dagger"],"picked":"Skewer+1","floor":7.0},{"not_picked":["Cloak And Dagger","Prepared"],"picked":"After Image","floor":11.0},{"not_picked":["Blur","Deadly Poison"],"picked":"Skewer+1","floor":13.0},{"not_picked":["Corpse Explosion","Malaise"],"picked":"Die Die Die+1","floor":16.0},{"not_picked":["Crippling Poison","Dodge and Roll"],"picked":"Sucker Punch+1","floor":18.0},{"not_picked":["Outmaneuver","Tactician","All Out Attack+1"],"picked":"SKIP","floor":23.0},{"not_picked":["Slice+1","Accuracy"],"picked":"Infinite Blades","floor":29.0},{"not_picked":["Bane+1","Setup","Acrobatics"],"picked":"SKIP","floor":30.0},{"not_picked":["All Out Attack+1","Prepared"],"picked":"Sucker Punch+1","floor":31.0},{"not_picked":["Glass Knife+1","Corpse Explosion"],"picked":"Malaise","floor":33.0},{"not_picked":["Dagger Spray+1","Quick Slash+1"],"picked":"PiercingWail+1","floor":34.0},{"not_picked":["Underhanded Strike+1","Bouncing Flask"],"picked":"Terror","floor":34.0},{"not_picked":["Deadly Poison","Acrobatics+1"],"picked":"Prepared+1","floor":34.0},{"not_picked":["Acrobatics+1","Underhanded Strike+1","Predator+1"],"picked":"SKIP","floor":35.0},{"not_picked":["Predator+1","Skewer+1","Dagger Throw+1"],"picked":"SKIP","floor":37.0},{"not_picked":["Blade Dance","Quick Slash+1"],"picked":"Accuracy+1","floor":38.0},{"not_picked":["Backflip","Bane+1"],"picked":"Acrobatics+1","floor":39.0},{"not_picked":["Blur","Accuracy"],"picked":"Cloak And Dagger+1","floor":42.0},{"not_picked":["Tactician","Masterful Stab+1","Underhanded Strike+1","Blade Dance"],"picked":"SKIP","floor":44.0},{"not_picked":["Flechettes+1","Underhanded Strike+1","Distraction"],"picked":"Blade Dance+1","floor":46.0},{"not_picked":["Cloak And Dagger","Choke+1","Die Die Die+1"],"picked":"Caltrops","floor":47.0},{"not_picked":["Underhanded Strike+1","Quick Slash+1","Dash+1"],"picked":"Terror","floor":48.0},{"not_picked":["Backstab+1","Outmaneuver","Dash+1"],"picked":"PiercingWail","floor":55.0}],"player_experience":857414,"relics_obtained":[{"floor":0.0,"key":"Anchor"},{"floor":0.0,"key":"Molten Egg 2"},{"floor":0.0,"key":"Peace Pipe"},{"floor":7.0,"key":"Orichalcum"},{"floor":9.0,"key":"Paper Crane"},{"floor":11.0,"key":"Smiling Mask"},{"floor":12.0,"key":"Potion Belt"},{"floor":23.0,"key":"FossilizedHelix"},{"floor":29.0,"key":"Oddly Smooth Stone"},{"floor":31.0,"key":"Mango"},{"floor":36.0,"key":"Bag of Marbles"},{"floor":42.0,"key":"Dodecahedron"},{"floor":43.0,"key":"Question Card"},{"floor":44.0,"key":"Incense Burner"},{"floor":48.0,"key":"Pantograph"},{"floor":55.0,"key":"Bag of Preparation"}],"event_choices":[{"damage_healed":0.0,"max_hp_gain":0.0,"max_hp_loss":0.0,"gold_gain":75.0,"event_name":"World of Goop","player_choice":"Gather Gold","floor":2.0,"gold_loss":0.0,"damage_taken":11.0},{"damage_healed":0.0,"max_hp_gain":0.0,"max_hp_loss":0.0,"gold_gain":0.0,"event_name":"Scrap Ooze","player_choice":"Success","floor":3.0,"gold_loss":0.0,"damage_taken":5.0,"relics_obtained":["Vajra"]},{"damage_healed":0.0,"max_hp_gain":0.0,"max_hp_loss":0.0,"gold_gain":0.0,"event_name":"Big Fish","player_choice":"Box","floor":14.0,"gold_loss":0.0,"damage_taken":0.0,"relics_obtained":["Tingsha"],"cards_obtained":["Regret"]},{"damage_healed":0.0,"max_hp_gain":0.0,"max_hp_loss":0.0,"gold_gain":0.0,"event_name":"Nest","player_choice":"Joined the Cult","floor":19.0,"gold_loss":0.0,"damage_taken":6.0,"cards_obtained":["RitualDagger"]},{"damage_healed":0.0,"max_hp_gain":0.0,"max_hp_loss":0.0,"gold_gain":0.0,"event_name":"Addict","player_choice":"Stole Relic","floor":21.0,"gold_loss":0.0,"damage_taken":0.0,"relics_obtained":["Strawberry"],"cards_obtained":["Shame"]},{"damage_healed":0.0,"max_hp_gain":0.0,"max_hp_loss":0.0,"gold_gain":0.0,"event_name":"Drug Dealer","player_choice":"Inject Mutagens","floor":22.0,"gold_loss":0.0,"damage_taken":0.0,"relics_obtained":["MutagenicStrength"]},{"damage_healed":0.0,"max_hp_gain":0.0,"max_hp_loss":0.0,"gold_gain":0.0,"event_name":"N\u0027loth","player_choice":"Ignored","floor":28.0,"gold_loss":0.0,"damage_taken":0.0},{"cards_removed":["Sucker Punch"],"damage_healed":0.0,"max_hp_gain":0.0,"max_hp_loss":0.0,"gold_gain":0.0,"event_name":"Falling","player_choice":"Removed Attack","floor":45.0,"gold_loss":0.0,"damage_taken":0.0}],"is_beta":false,"boss_relics":[{"not_picked":["Astrolabe","Tiny House"],"picked":"Ectoplasm"},{"not_picked":["Cursed Key","Philosopher\u0027s Stone"],"picked":"Orrery"}],"items_purged_floors":[5,20],"is_endless":false,"potions_floor_spawned":[1,11,16,23,31,33,35,38,42,44],"killed_by":"The Heart","ascension_level":20}