{"gold_per_floor":[109,119,119,139,139,139,150,150,150,150,150,165,165,165,165,268,268,283,283,31,51,151,151,178,178,178,188,188,188,217,217,217,318,318,331,331,343,343,358,358,375,375,427,444,35,55,68,82,82,82],"floor_reached":50,"playtime":8634,"items_purged":["Strike_R+1"],"score":522,"play_id":"26d27b5d-5106-4c3a-8613-12ae6f588fda","local_time":"20190317171029","is_ascension_mode":false,"campfire_choices":[{"data":"True Grit","floor":6.0,"key":"SMITH"},{"data":"Hemokinesis","floor":8.0,"key":"SMITH"},{"data":"Twin Strike","floor":10.0,"key":"SMITH"},{"floor":15.0,"key":"REST"},{"data":"Carnage","floor":23.0,"key":"SMITH"},{"data":"Shrug It Off","floor":25.0,"key":"SMITH"},{"data":"Rage","floor":28.0,"key":"SMITH"},{"floor":32.0,"key":"REST"},{"data":"Demon Form","floor":40,"key":"SMITH"},{"data":"Searing Blow+2","floor":42,"key":"SMITH"},{"data":"Bludgeon","floor":49,"key":"SMITH"}],"neow_cost":"PERCENT_DAMAGE","seed_source_timestamp":0,"circlet_count":0,"master_deck":["Strike_R+1","Strike_R+1","Defend_R+1","Defend_R+1","Defend_R+1","Bash+1","Twin Strike+1","True Grit+1","Hemokinesis+1","Rage+1","Twin Strike+1","Reaper","Anger","Enlightenment+1","Metallicize","Carnage+1","Headbutt+1","Battle Trance+1","Shrug It Off+1","Warcry+1","Impervious+1","Searing Blow+3","Thunderclap+1","Shrug It Off+1","Cleave+1","Parasite","Demon Form+1","Metallicize+1","Shrug It Off+1","Bludgeon+1","Headbutt+1","Heavy Blade+1"],"special_seed":0,"relics":["Burning Blood","Dodecahedron","Oddly Smooth Stone","Peace Pipe","Mark of Pain","Charon\u0027s Ashes","Sundial","Orichalcum","Shuriken","Nilry\u0027s Codex","Torii","Prayer Wheel","Sozu","Regal Pillow","Brimstone","War Paint"],"potions_floor_usage":[35],"damage_taken":[{"damage":1.0,"enemies":"2 Louse","floor":1.0,"turns":3.0},{"damage":0.0,"enemies":"Small Slimes","floor":2.0,"turns":2.0},{"damage":0.0,"enemies":"Cultist","floor":4.0,"turns":4.0},{"damage":5.0,"enemies":"Exordium Wildlife","floor":7.0,"turns":7.0},{"damage":21.0,"enemies":"Gremlin Gang","floor":12.0,"turns":5.0},{"damage":44.0,"enemies":"The Guardian","floor":16.0,"turns":9.0},{"damage":22.0,"enemies":"2 Thieves","floor":18.0,"turns":4.0},{"damage":6.0,"enemies":"Spheric Guardian","floor":21.0,"turns":3.0},{"damage":0.0,"enemies":"Colosseum Slavers","floor":22.0,"turns":4.0},{"damage":22.0,"enemies":"Colosseum Nobs","floor":22.0,"turns":5.0},{"damage":12.0,"enemies":"Book of Stabbing","floor":24.0,"turns":4.0},{"damage":11.0,"enemies":"Snake Plant","floor":27.0,"turns":3.0},{"damage":2.0,"enemies":"Gremlin Leader","floor":30.0,"turns":7.0},{"damage":48.0,"enemies":"Automaton","floor":33.0,"turns":11.0},{"damage":1,"enemies":"3 Darklings","floor":35,"turns":5},{"damage":0,"enemies":"Orb Walker","floor":37,"turns":2},{"damage":3,"enemies":"Writhing Mass","floor":39,"turns":6},{"damage":0,"enemies":"Spire Growth","floor":41,"turns":3},{"damage":16,"enemies":"3 Darklings","floor":44,"turns":4},{"damage":0,"enemies":"Sphere and 2 Shapes","floor":46,"turns":3},{"damage":0,"enemies":"Transient","floor":47,"turns":5},{"damage":11,"enemies":"Maw","floor":48,"turns":6},{"damage":82,"enemies":"Awakened One","floor":50,"turns":6}],"seed_played":"-6767121585739437355","potions_obtained":[{"floor":1.0,"key":"Energy Potion"},{"floor":16.0,"key":"LiquidBronze"},{"floor":18.0,"key":"SkillPotion"},{"floor":22.0,"key":"SteroidPotion"},{"floor":30.0,"key":"Weak Potion"},{"floor":33.0,"key":"Fire Potion"}],"is_trial":false,"path_per_floor":["M","M","?","M","?","R","M","R","T","R","?","M","?","?","R","B",null,"M","?","$","M","?","R","E","R","T","M","R","?","E","T","R","B",null,"M","?","M","?","M","R","M","R","T","M","$","M","M","M","R","B"],"character_chosen":"IRONCLAD","items_purchased":["Enlightenment","Metallicize","Carnage","Brimstone","War Paint"],"campfire_rested":2,"item_purchase_floors":[20,20,20,45,45],"current_hp_per_floor":[61,67,42,48,74,74,75,75,75,75,75,60,44,44,68,30,80,64,64,64,68,64,64,64,64,64,59,59,43,65,65,80,46,80,80,80,80,80,80,80,80,80,80,70,70,80,80,80,80,0],"gold":82,"neow_bonus":"REMOVE_TWO","is_prod":false,"is_daily":false,"chose_seed":false,"campfire_upgraded":9,"win_rate":0.0,"timestamp":1552842629,"path_taken":["M","M","?","M","?","R","M","R","T","R","?","M","?","?","R","BOSS","M","?","$","M","?","R","E","R","T","M","R","?","E","?","R","BOSS","M","?","M","?","M","R","M","R","T","M","$","?","M","M","R","BOSS"],"build_version":"2019-01-23","purchased_purges":1,"victory":false,"max_hp_per_floor":[80,80,80,80,80,80,80,80,80,80,80,80,80,80,80,80,80,80,80,80,80,80,80,80,80,80,80,80,80,80,80,80,80,80,80,80,80,80,80,80,80,80,80,80,80,80,80,80,80,80],"card_choices":[{"not_picked":["Warcry","Clothesline"],"picked":"Twin Strike","floor":1.0},{"not_picked":["Fire Breathing","Cleave"],"picked":"True Grit","floor":2.0},{"not_picked":["Shockwave","Warcry"],"picked":"Hemokinesis","floor":4.0},{"not_picked":["True Grit","Rampage"],"picked":"Rage","floor":7.0},{"not_picked":["Sword Boomerang","Heavy Blade"],"picked":"Twin Strike","floor":12.0},{"not_picked":["Juggernaut","Feed"],"picked":"Reaper","floor":16.0},{"not_picked":["Shrug It Off","Flex+1"],"picked":"Anger","floor":18.0},{"not_picked":["Battle Trance","Anger"],"picked":"Headbutt+1","floor":21.0},{"not_picked":["Rupture","Armaments"],"picked":"Battle Trance+1","floor":22.0},{"not_picked":["Thunderclap","Ghostly Armor"],"picked":"Shrug It Off","floor":24.0},{"not_picked":["Blood for Blood","Feel No Pain"],"picked":"Warcry+1","floor":27.0},{"not_picked":["Infernal Blade","Dropkick"],"picked":"Impervious","floor":30.0},{"not_picked":["Rage","Power Through"],"picked":"Searing Blow+1","floor":35},{"not_picked":["Clothesline","Heavy Blade"],"picked":"Thunderclap+1","floor":35},{"not_picked":["Headbutt+1","Hemokinesis"],"picked":"Shrug It Off+1","floor":37},{"not_picked":["Bloodletting+1","Thunderclap"],"picked":"Cleave+1","floor":37},{"not_picked":["Cleave+1","Armaments"],"picked":"Demon Form","floor":39},{"not_picked":["Bloodletting+1","Pommel Strike","Warcry+1"],"picked":"SKIP","floor":39},{"not_picked":["Pommel Strike","Headbutt"],"picked":"Metallicize+1","floor":41},{"not_picked":["Sword Boomerang","Clothesline+1"],"picked":"Shrug It Off+1","floor":41},{"not_picked":["Rupture","Pommel Strike","Iron Wave+1"],"picked":"SKIP","floor":44},{"not_picked":["Power Through+1","Bloodletting+1","Fire Breathing+1"],"picked":"SKIP","floor":44},{"not_picked":["Iron Wave+1","Pommel Strike+1"],"picked":"Bludgeon","floor":46},{"not_picked":["Warcry","Twin Strike+1","Clothesline+1"],"picked":"SKIP","floor":46},{"not_picked":["Cleave+1","Twin Strike"],"picked":"Headbutt+1","floor":47},{"not_picked":["Body Slam","Uppercut+1","Twin Strike"],"picked":"SKIP","floor":47},{"not_picked":["Flex","Dual Wield+1"],"picked":"Heavy Blade+1","floor":48},{"not_picked":["Heavy Blade","Flex","Disarm"],"picked":"SKIP","floor":48}],"player_experience":18680,"relics_obtained":[{"floor":9.0,"key":"Oddly Smooth Stone"},{"floor":22.0,"key":"Charon\u0027s Ashes"},{"floor":22.0,"key":"Sundial"},{"floor":24.0,"key":"Orichalcum"},{"floor":26.0,"key":"Shuriken"},{"floor":29.0,"key":"Nilry\u0027s Codex"},{"floor":30.0,"key":"Torii"},{"floor":31.0,"key":"Prayer Wheel"},{"floor":43,"key":"Regal Pillow"}],"event_choices":[{"damage_healed":0.0,"max_hp_gain":0.0,"max_hp_loss":0.0,"gold_gain":0.0,"event_name":"Scrap Ooze","player_choice":"Success","floor":3.0,"gold_loss":0.0,"damage_taken":25.0,"relics_obtained":["Dodecahedron"]},{"damage_healed":26.0,"max_hp_gain":0.0,"max_hp_loss":0.0,"gold_gain":0.0,"event_name":"Big Fish","player_choice":"Banana","floor":5.0,"gold_loss":0.0,"damage_taken":0.0},{"damage_healed":0.0,"max_hp_gain":0.0,"max_hp_loss":0.0,"gold_gain":0.0,"event_name":"Dead Adventurer","player_choice":"Searched \u00272\u0027 times","floor":11.0,"gold_loss":0.0,"damage_taken":0.0,"relics_obtained":["Peace Pipe"]},{"damage_healed":0.0,"max_hp_gain":0.0,"max_hp_loss":0.0,"gold_gain":0.0,"event_name":"Shining Light","player_choice":"Entered Light","floor":13.0,"gold_loss":0.0,"damage_taken":16.0,"cards_upgraded":["Defend_R","Bash"]},{"damage_healed":0.0,"max_hp_gain":0.0,"max_hp_loss":0.0,"gold_gain":0.0,"event_name":"Living Wall","player_choice":"Grow","floor":14.0,"gold_loss":0.0,"damage_taken":0.0,"cards_upgraded":["Twin Strike"]},{"damage_healed":0.0,"max_hp_gain":0.0,"max_hp_loss":0.0,"gold_gain":0.0,"event_name":"Back to Basics","player_choice":"Simplicity","floor":19.0,"gold_loss":0.0,"damage_taken":0.0,"cards_upgraded":["Strike_R","Strike_R","Strike_R","Strike_R","Defend_R","Defend_R"]},{"damage_healed":0.0,"max_hp_gain":0.0,"max_hp_loss":0.0,"gold_gain":0.0,"event_name":"Colosseum","player_choice":"Fight","floor":22.0,"gold_loss":0.0,"damage_taken":0.0},{"damage_healed":0.0,"max_hp_gain":0.0,"max_hp_loss":0.0,"gold_gain":0.0,"event_name":"Colosseum","player_choice":"Fought Nobs","floor":22.0,"gold_loss":0.0,"damage_taken":0.0},{"damage_healed":0.0,"max_hp_gain":0.0,"max_hp_loss":0.0,"gold_gain":0.0,"event_name":"Cursed Tome","player_choice":"Obtained Book","floor":29.0,"gold_loss":0.0,"damage_taken":16.0},{"cards_removed":["Strike_R"],"damage_healed":0,"gold_gain":0,"player_choice":"Removed Attack","damage_taken":0,"max_hp_gain":0,"max_hp_loss":0,"event_name":"Falling","floor":36,"gold_loss":0},{"damage_healed":0,"gold_gain":0,"player_choice":"Forge","damage_taken":0,"max_hp_gain":0,"max_hp_loss":0,"event_name":"Accursed Blacksmith","floor":38,"gold_loss":0,"cards_upgraded":["Searing Blow"]}],"is_beta":false,"boss_relics":[{"not_picked":["Fusion Hammer","Orrery"],"picked":"Mark of Pain"},{"not_picked":["Velvet Choker","Eternal Feather"],"picked":"Sozu"}],"items_purged_floors":[45],"is_endless":false,"potions_floor_spawned":[1,16,18,21,22,30,33,41,46],"killed_by":"Awakened One","ascension_level":0}