{"gold_per_floor":[110,110,110,110,57,82,82,82,82,82,117,131,149,167,167,246,246,262,282,49,49,62,62,82,116,172,200,48,66,66,79,79,79],"floor_reached":33,"playtime":2188,"items_purged":["Strike_R"],"score":604,"play_id":"6c4aea95-32dd-4e11-a328-5dc2b60c53b1","local_time":"20190319181458","is_ascension_mode":true,"campfire_choices":[{"data":"Spot Weakness","floor":7,"key":"SMITH"},{"data":"Shrug It Off","floor":10,"key":"SMITH"},{"data":"Heavy Blade","floor":15,"key":"SMITH"},{"data":"Pommel Strike","floor":23,"key":"SMITH"},{"data":"Shockwave","floor":30,"key":"SMITH"},{"data":"Defend_R","floor":32,"key":"SMITH"}],"neow_cost":"NONE","seed_source_timestamp":4170073198013,"circlet_count":0,"master_deck":["AscendersBane","Strike_R","Strike_R","Defend_R","Defend_R","Defend_R","Defend_R+1","Bash","Shrug It Off+1","Spot Weakness+1","Pommel Strike+1","Pommel Strike","Heavy Blade+1","Reaper","Anger","Offering","Ghostly Armor","Flex","Disarm","Shrug It Off","Whirlwind","Spot Weakness","Shockwave+1"],"relics":["Burning Blood","NeowsBlessing","FossilizedHelix","Singing Bowl","Darkstone Periapt","Matryoshka","Gremlin Horn","Sozu","Boot","Letter Opener","Tiny Chest","Red Skull"],"potions_floor_usage":[16,27],"damage_taken":[{"damage":0,"enemies":"Jaw Worm","floor":1,"turns":1},{"damage":0,"enemies":"3 Sentries","floor":6,"turns":2},{"damage":0,"enemies":"Gremlin Nob","floor":11,"turns":1},{"damage":0,"enemies":"2 Louse","floor":12,"turns":3},{"damage":0,"enemies":"Small Slimes","floor":13,"turns":3},{"damage":0,"enemies":"Looter","floor":14,"turns":3},{"damage":21,"enemies":"Slime Boss","floor":16,"turns":6},{"damage":0,"enemies":"2 Thieves","floor":18,"turns":3},{"damage":14,"enemies":"Spheric Guardian","floor":19,"turns":4},{"damage":6,"enemies":"Snecko","floor":22,"turns":3},{"damage":21,"enemies":"Centurion and Healer","floor":24,"turns":6},{"damage":16,"enemies":"Gremlin Leader","floor":25,"turns":5},{"damage":9,"enemies":"Slavers","floor":27,"turns":4},{"damage":15,"enemies":"Shelled Parasite and Fungi","floor":29,"turns":5},{"damage":0,"enemies":"Snecko","floor":31,"turns":5},{"damage":102,"enemies":"Champ","floor":33,"turns":14}],"seed_played":"-4430133268935573828","potions_obtained":[{"floor":11,"key":"SkillPotion"},{"floor":12,"key":"Energy Potion"},{"floor":16,"key":"Ancient Potion"}],"is_trial":false,"path_per_floor":["M","?","?","?","$","E","R","T","T","R","E","M","M","M","R","B",null,"M","M","$","?","M","R","M","E","T","E","$","M","R","M","R","B"],"character_chosen":"IRONCLAD","items_purchased":["Shrug It Off","Offering","Whirlwind","Spot Weakness"],"campfire_rested":0,"item_purchase_floors":[5,20,28,28],"current_hp_per_floor":[74,74,67,67,67,73,73,73,73,73,75,75,77,77,77,62,73,79,71,71,71,77,77,78,79,79,79,79,79,79,81,81,0],"gold":79,"neow_bonus":"THREE_ENEMY_KILL","is_prod":false,"is_daily":false,"chose_seed":false,"campfire_upgraded":6,"win_rate":0,"timestamp":1553015698,"path_taken":["M","?","?","?","$","E","R","?","T","R","E","?","M","M","R","BOSS","M","?","$","?","?","R","?","E","T","E","$","M","R","M","R","BOSS"],"build_version":"2019-01-23","purchased_purges":1,"victory":false,"max_hp_per_floor":[75,75,75,75,75,75,75,75,75,75,75,75,77,77,77,77,77,79,79,79,79,79,79,79,79,79,79,79,79,79,81,81,81],"card_choices":[{"not_picked":["Clash","Havoc","Intimidate"],"picked":"SKIP","floor":1},{"not_picked":["Havoc","Reckless Charge"],"picked":"Spot Weakness","floor":6},{"not_picked":["Rage","Anger"],"picked":"Pommel Strike","floor":11},{"not_picked":["Twin Strike","Body Slam"],"picked":"Pommel Strike","floor":12},{"not_picked":["Havoc","Blood for Blood","True Grit"],"picked":"Singing Bowl","floor":13},{"not_picked":["Headbutt","True Grit"],"picked":"Heavy Blade","floor":14},{"not_picked":["Berserk","Double Tap"],"picked":"Reaper","floor":16},{"not_picked":["Armaments","Searing Blow","Reckless Charge"],"picked":"Singing Bowl","floor":18},{"not_picked":["Perfected Strike","Second Wind"],"picked":"Anger","floor":19},{"not_picked":["Second Wind","Feel No Pain"],"picked":"Ghostly Armor","floor":22},{"not_picked":["Combust","Pommel Strike"],"picked":"Flex","floor":24},{"not_picked":["Pommel Strike","Feel No Pain+1"],"picked":"Disarm","floor":25},{"not_picked":["Entrench","Anger"],"picked":"Shrug It Off","floor":27},{"not_picked":["Warcry","Reckless Charge"],"picked":"Shockwave","floor":29},{"not_picked":["Warcry","Armaments","Clash"],"picked":"Singing Bowl","floor":31}],"player_experience":708005,"relics_obtained":[{"floor":6,"key":"Singing Bowl"},{"floor":8,"key":"Darkstone Periapt"},{"floor":9,"key":"Matryoshka"},{"floor":11,"key":"Gremlin Horn"},{"floor":25,"key":"Boot"},{"floor":26,"key":"Letter Opener"},{"floor":26,"key":"Tiny Chest"},{"floor":27,"key":"Red Skull"}],"event_choices":[{"damage_healed":0,"gold_gain":0,"player_choice":"Box","damage_taken":0,"relics_obtained":["FossilizedHelix"],"max_hp_gain":0,"max_hp_loss":0,"event_name":"Big Fish","floor":2,"gold_loss":0,"cards_obtained":["Regret"]},{"cards_removed":["Regret"],"damage_healed":0,"gold_gain":0,"player_choice":"Card Removal","damage_taken":7,"max_hp_gain":0,"max_hp_loss":0,"event_name":"Golden Wing","floor":3,"gold_loss":0},{"cards_removed":["Strike_R"],"damage_healed":0,"gold_gain":0,"player_choice":"Forget","damage_taken":0,"max_hp_gain":0,"max_hp_loss":0,"event_name":"Living Wall","floor":4,"gold_loss":0},{"cards_removed":["Strike_R"],"damage_healed":0,"gold_gain":0,"player_choice":"Offered Basic","damage_taken":0,"max_hp_gain":0,"max_hp_loss":0,"event_name":"Bonfire Elementals","floor":21,"gold_loss":0}],"is_beta":false,"boss_relics":[{"not_picked":["Runic Pyramid","Lizard Tail"],"picked":"Sozu"}],"items_purged_floors":[20],"is_endless":false,"potions_floor_spawned":[11,12,13,16,19,24,25,27],"killed_by":"Champ","ascension_level":15}