{"gold_per_floor":[112,112,137,137,2,35,35,69,69,93,127,127,14,33,33,127,127,146,166,186,111,136,136,28,69,93,93,128,128,167,437,437,533,533,556,577,577,283,283,316,316,337,337,372,372,410,428,464,464,464,464],"floor_reached":51,"playtime":4031,"items_purged":["Strike_G","Writhe"],"score":1703,"play_id":"5ff5cb26-338d-4b13-87d6-1e10575beb19","local_time":"20190320121719","is_ascension_mode":true,"campfire_choices":[{"data":"Skewer","floor":7.0,"key":"SMITH"},{"data":"Dagger Spray","floor":12.0,"key":"SMITH"},{"data":"Well Laid Plans","floor":15.0,"key":"SMITH"},{"floor":23.0,"key":"REST"},{"floor":29.0,"key":"REST"},{"floor":32.0,"key":"REST"},{"floor":41.0,"key":"RECALL"},{"floor":45.0,"key":"REST"},{"floor":49.0,"key":"REST"}],"neow_cost":"NONE","seed_source_timestamp":581899880426808,"circlet_count":0,"master_deck":["AscendersBane","Defend_G","Defend_G","Defend_G","Defend_G","Defend_G","Strike_G","Strike_G","Strike_G","Strike_G","Neutralize+1","Flying Knee","Dagger Spray+1","Skewer+1","Unload","Dagger Spray+1","Escape Plan","Well Laid Plans+1","Deflect","Envenom","Dodge and Roll","All Out Attack","PiercingWail","Footwork","Infinite Blades","Wraith Form v2","Infinite Blades"],"special_seed":0,"relics":["Ring of the Serpent","Golden Idol","Singing Bowl","Centennial Puzzle","Bag of Marbles","Regal Pillow","Busted Crown","The Courier","Happy Flower","Mercury Hourglass","Omamori","Meat on the Bone","Mummified Hand","Kunai","Ice Cream","Orichalcum","Bronze Scales"],"potions_floor_usage":[],"damage_taken":[{"damage":0.0,"enemies":"2 Louse","floor":1.0,"turns":3.0},{"damage":0.0,"enemies":"Jaw Worm","floor":3.0,"turns":6.0},{"damage":12.0,"enemies":"Lagavulin","floor":6.0,"turns":4.0},{"damage":17.0,"enemies":"3 Sentries","floor":8.0,"turns":7.0},{"damage":0.0,"enemies":"Cultist","floor":10.0,"turns":2.0},{"damage":10.0,"enemies":"Lagavulin","floor":11.0,"turns":5.0},{"damage":0.0,"enemies":"Large Slime","floor":14.0,"turns":4.0},{"damage":0.0,"enemies":"Slime Boss","floor":16.0,"turns":7.0},{"damage":9.0,"enemies":"2 Thieves","floor":18.0,"turns":3.0},{"damage":0.0,"enemies":"3 Byrds","floor":19.0,"turns":3.0},{"damage":0.0,"enemies":"Centurion and Healer","floor":20.0,"turns":6.0},{"damage":7.0,"enemies":"Chosen and Byrds","floor":22.0,"turns":5.0},{"damage":20.0,"enemies":"Gremlin Leader","floor":25.0,"turns":6.0},{"damage":16.0,"enemies":"Slavers","floor":28.0,"turns":3.0},{"damage":11.0,"enemies":"Gremlin Leader","floor":30.0,"turns":6.0},{"damage":57.0,"enemies":"Champ","floor":33.0,"turns":16.0},{"damage":2.0,"enemies":"3 Darklings","floor":35.0,"turns":3.0},{"damage":8.0,"enemies":"Orb Walker","floor":36.0,"turns":2.0},{"damage":16.0,"enemies":"Reptomancer","floor":40.0,"turns":6.0},{"damage":24.0,"enemies":"Writhing Mass","floor":42.0,"turns":10.0},{"damage":21.0,"enemies":"Giant Head","floor":44.0,"turns":10.0},{"damage":52.0,"enemies":"Nemesis","floor":46.0,"turns":7.0},{"damage":3.0,"enemies":"Transient","floor":47.0,"turns":6.0},{"damage":5.0,"enemies":"Reptomancer","floor":48.0,"turns":5.0},{"damage":44.0,"enemies":"Awakened One","floor":50.0,"turns":19.0},{"damage":49,"enemies":"Donu and Deca","floor":51,"turns":4}],"seed_played":"-8525562172591874226","potions_obtained":[{"floor":1.0,"key":"FearPotion"},{"floor":10.0,"key":"Swift Potion"},{"floor":22.0,"key":"GamblersBrew"},{"floor":25.0,"key":"Swift Potion"},{"floor":30.0,"key":"Energy Potion"},{"floor":33.0,"key":"FearPotion"},{"floor":35.0,"key":"AttackPotion"},{"floor":42.0,"key":"SkillPotion"},{"floor":44.0,"key":"Swift Potion"},{"floor":46.0,"key":"Explosive Potion"},{"floor":47.0,"key":"SteroidPotion"}],"is_trial":false,"path_per_floor":["M","?","M","?","$","E","R","E","T","M","E","R","$","M","R","B",null,"M","M","M","$","M","R","$","E","T","?","E","R","E","?","R","B",null,"M","M","?","$","?","E","R","M","T","E","R","E","M","E","R","B","B"],"character_chosen":"THE_SILENT","items_purchased":["Skewer","AttackPotion","SteroidPotion","Block Potion","PiercingWail","Fire Potion","Mummified Hand"],"campfire_rested":5,"item_purchase_floors":[5,5,13,13,24,24,38],"current_hp_per_floor":[59,59,59,59,59,47,47,30,30,30,20,20,20,20,20,20,50,41,43,43,43,38,64,64,46,46,46,30,64,53,29,63,18,54,54,48,48,48,48,46,46,36,36,27,64,26,37,46,80,48,0],"gold":464,"neow_bonus":"UPGRADE_CARD","is_prod":false,"is_daily":false,"chose_seed":false,"campfire_upgraded":3,"win_rate":0,"timestamp":1553102239,"path_taken":["M","?","M","?","?","E","R","E","T","M","E","R","$","M","R","BOSS","M","M","?","$","M","R","$","E","T","?","E","R","E","?","R","BOSS","M","?","?","$","?","E","R","M","T","E","R","E","M","E","R","BOSS","BOSS"],"build_version":"2019-01-23","purchased_purges":2,"victory":false,"max_hp_per_floor":[66,60,60,60,60,60,60,60,60,60,60,60,60,60,60,60,60,60,62,62,62,64,64,64,66,66,66,66,66,66,66,66,66,66,68,70,70,70,70,72,72,74,74,74,74,76,78,80,80,80,80],"card_choices":[{"not_picked":["Riddle With Holes","Catalyst"],"picked":"Flying Knee","floor":1.0},{"not_picked":["Prepared","Acrobatics"],"picked":"Dagger Spray","floor":3.0},{"not_picked":["Eviscerate","Choke"],"picked":"Unload","floor":6.0},{"not_picked":["Dagger Throw","Bane"],"picked":"Dagger Spray","floor":8.0},{"not_picked":["Setup","Blade Dance"],"picked":"Escape Plan","floor":10.0},{"not_picked":["Dodge and Roll","Cloak And Dagger"],"picked":"Well Laid Plans","floor":11.0},{"not_picked":["Escape Plan","Infinite Blades"],"picked":"Deflect","floor":14.0},{"not_picked":["Burst","Adrenaline"],"picked":"Envenom","floor":16.0},{"not_picked":[],"picked":"Dodge and Roll","floor":18.0},{"not_picked":["Bane"],"picked":"Singing Bowl","floor":19.0},{"not_picked":[],"picked":"All Out Attack","floor":20.0},{"not_picked":["Deadly Poison"],"picked":"Singing Bowl","floor":22.0},{"not_picked":["Dagger Throw"],"picked":"Singing Bowl","floor":25.0},{"not_picked":[],"picked":"Footwork","floor":28.0},{"not_picked":[],"picked":"Infinite Blades","floor":30.0},{"not_picked":[],"picked":"Wraith Form v2","floor":33.0},{"not_picked":["Underhanded Strike"],"picked":"Singing Bowl","floor":35.0},{"not_picked":["Calculated Gamble+1"],"picked":"Singing Bowl","floor":36.0},{"not_picked":["Heel Hook"],"picked":"Singing Bowl","floor":40.0},{"not_picked":["Underhanded Strike"],"picked":"Singing Bowl","floor":42.0},{"not_picked":[],"picked":"Infinite Blades","floor":44.0},{"not_picked":["Infinite Blades"],"picked":"Singing Bowl","floor":46.0},{"not_picked":["Dagger Throw"],"picked":"Singing Bowl","floor":47.0},{"not_picked":["Concentrate"],"picked":"Singing Bowl","floor":48.0}],"player_experience":868648,"relics_obtained":[{"floor":6.0,"key":"Singing Bowl"},{"floor":8.0,"key":"Centennial Puzzle"},{"floor":9.0,"key":"Bag of Marbles"},{"floor":11.0,"key":"Regal Pillow"},{"floor":25.0,"key":"The Courier"},{"floor":26.0,"key":"Happy Flower"},{"floor":28.0,"key":"Omamori"},{"floor":30.0,"key":"Meat on the Bone"},{"floor":40.0,"key":"Kunai"},{"floor":44.0,"key":"Ice Cream"},{"floor":46.0,"key":"Orichalcum"},{"floor":48.0,"key":"Bronze Scales"}],"event_choices":[{"damage_healed":0.0,"max_hp_gain":0.0,"max_hp_loss":6.0,"gold_gain":0.0,"event_name":"Golden Idol","player_choice":"Lose Max HP","floor":2.0,"gold_loss":0.0,"damage_taken":0.0,"relics_obtained":["Golden Idol"]},{"damage_healed":0.0,"max_hp_gain":0.0,"max_hp_loss":0.0,"gold_gain":0.0,"event_name":"Living Wall","player_choice":"Grow","floor":4.0,"gold_loss":0.0,"damage_taken":0.0,"cards_upgraded":["Dagger Spray"]},{"damage_healed":0.0,"max_hp_gain":0.0,"max_hp_loss":0.0,"gold_gain":0.0,"event_name":"The Mausoleum","player_choice":"Opened","floor":27.0,"gold_loss":0.0,"damage_taken":0.0,"relics_obtained":["Mercury Hourglass"],"cards_obtained":["Writhe"]},{"damage_healed":0.0,"max_hp_gain":0.0,"max_hp_loss":0.0,"gold_gain":270.0,"event_name":"Knowing Skull","player_choice":"GOLD GOLD GOLD ","floor":31.0,"potions_obtained":[],"gold_loss":0.0,"damage_taken":24.0,"cards_obtained":[]},{"cards_removed":["Survivor"],"damage_healed":0.0,"max_hp_gain":0.0,"max_hp_loss":0.0,"gold_gain":0.0,"event_name":"Falling","player_choice":"Removed Skill","floor":37.0,"gold_loss":0.0,"damage_taken":0.0},{"damage_healed":0.0,"max_hp_gain":0.0,"max_hp_loss":0.0,"gold_gain":0.0,"event_name":"Tomb of Lord Red Mask","player_choice":"Ignored","floor":39.0,"gold_loss":0.0,"damage_taken":0.0}],"is_beta":false,"boss_relics":[{"not_picked":["Empty Cage","HoveringKite"],"picked":"Busted Crown"},{"not_picked":["Lizard Tail","Sozu"],"picked":"Ring of the Serpent"}],"items_purged_floors":[21,38],"is_endless":false,"potions_floor_spawned":[1,10,14,22,25,30,33,35,42,44,46,47],"killed_by":"Donu and Deca","ascension_level":20}