{"gold_per_floor":[112,125,125,140,105,105,125,142,165,165,180,180,196,213,213,316,316,329,329,329,347,347,347,46,56,56,68,68,83,83,99,99,197,197,212,229,229],"floor_reached":37,"playtime":1993,"items_purged":["Writhe"],"score":392,"play_id":"f92060da-3078-47ca-a147-6f90ef489410","local_time":"20180825224658","is_ascension_mode":false,"campfire_choices":[{"data":"Zap","floor":6,"key":"SMITH"},{"data":"Static Discharge","floor":10,"key":"SMITH"},{"data":"Dualcast","floor":12,"key":"SMITH"},{"data":"White Noise","floor":15,"key":"SMITH"},{"data":"Creative AI","floor":23,"key":"SMITH"},{"floor":30,"key":"REST"},{"floor":32,"key":"REST"}],"neow_cost":"NONE","seed_source_timestamp":150274747263224,"circlet_count":0,"master_deck":["Strike_B","Strike_B","Strike_B","Defend_B","Defend_B","Defend_B","Defend_B","Zap+1","Dualcast+1","Rebound","Turbo","Capacitor","Hologram","Leap","Static Discharge+1","Aggregate","White Noise+1","Echo Form","Creative AI+1","Storm","Force Field","Gash","Gash","Gash","Hologram","Hello World","Storm","Defragment","Gash","Defragment+1","Glacier","Echo Form","Auto Shields+1","Barrage+1"],"relics":["Cracked Core","Blood Vial","Turnip","Lantern","Art of War","Pantograph","Nloth\u0027s Gift","Black Star"],"potions_floor_usage":[21,25,33,36],"damage_taken":[{"damage":7,"enemies":"Small Slimes","floor":1,"turns":3},{"damage":2,"enemies":"2 Louse","floor":2,"turns":2},{"damage":6,"enemies":"Jaw Worm","floor":4,"turns":2},{"damage":2,"enemies":"2 Fungi Beasts","floor":7,"turns":3},{"damage":8,"enemies":"Red Slaver","floor":8,"turns":3},{"damage":9,"enemies":"Exordium Wildlife","floor":11,"turns":3},{"damage":1,"enemies":"2 Fungi Beasts","floor":13,"turns":4},{"damage":6,"enemies":"3 Louse","floor":14,"turns":3},{"damage":36,"enemies":"Hexaghost","floor":16,"turns":7},{"damage":30,"enemies":"Shell Parasite","floor":18,"turns":4},{"damage":5,"enemies":"Chosen","floor":21,"turns":6},{"damage":38,"enemies":"Snake Plant","floor":25,"turns":4},{"damage":2,"enemies":"Snecko","floor":27,"turns":5},{"damage":7,"enemies":"Cultist and Chosen","floor":29,"turns":6},{"damage":15,"enemies":"Snake Plant","floor":31,"turns":3},{"damage":25,"enemies":"Champ","floor":33,"turns":8},{"damage":35,"enemies":"Flame Bruiser 1 Orb","floor":35,"turns":6},{"damage":28,"enemies":"3 Shapes","floor":36,"turns":3},{"damage":26,"enemies":"Flame Bruiser 2 Orb","floor":37,"turns":2}],"seed_played":"-235892297758096007","potions_obtained":[{"floor":2,"key":"Strength Potion"},{"floor":4,"key":"SkillPotion"},{"floor":11,"key":"Block Potion"},{"floor":29,"key":"AttackPotion"},{"floor":31,"key":"FocusPotion"},{"floor":36,"key":"Poison Potion"}],"is_trial":false,"path_per_floor":["M","M","?","M","?","R","M","M","T","R","M","R","M","M","R","B",null,"M","T","?","M","?","R","$","M","T","M","?","M","R","M","R","B",null,"M","M"],"character_chosen":"DEFECT","items_purchased":["Art of War","Storm"],"campfire_rested":2,"item_purchase_floors":[24,24],"current_hp_per_floor":[68,66,66,60,75,75,73,65,65,65,58,58,59,55,55,21,75,45,45,45,42,42,42,42,6,6,6,6,1,23,10,32,34,75,40,14,0],"gold":229,"neow_bonus":"TRANSFORM_CARD","is_prod":false,"is_daily":false,"chose_seed":false,"campfire_upgraded":5,"win_rate":0,"timestamp":1535233618,"path_taken":["M","M","?","M","?","R","M","M","T","R","M","R","M","M","R","BOSS","M","?","?","M","?","R","$","M","T","?","?","M","R","M","R","BOSS","M","M","M"],"build_version":"2018-08-23v2","purchased_purges":1,"victory":false,"max_hp_per_floor":[75,75,75,75,75,75,75,75,75,75,75,75,75,75,75,75,75,75,75,75,75,75,75,75,75,75,75,75,75,75,75,75,75,75,75,75,75],"card_choices":[{"not_picked":["Compile Driver","Rebound"],"picked":"Turbo","floor":1},{"not_picked":["FTL","Streamline"],"picked":"Capacitor","floor":2},{"not_picked":["Streamline","FTL"],"picked":"Hologram","floor":4},{"not_picked":["Redo","Streamline"],"picked":"Leap","floor":7},{"not_picked":["Streamline","Cold Snap"],"picked":"Static Discharge","floor":8},{"not_picked":["Sweeping Beam","Conserve Battery"],"picked":"Aggregate","floor":11},{"not_picked":["Skim","Beam Cell"],"picked":"White Noise","floor":13},{"not_picked":["Reinforced Body","Rip and Tear"],"picked":"Echo Form","floor":14},{"not_picked":["Amplify","Electrodynamics"],"picked":"Creative AI","floor":16},{"not_picked":["Steam","Barrage"],"picked":"Storm","floor":17},{"not_picked":["Turbo","Rebound"],"picked":"Force Field","floor":17},{"not_picked":["Steam","Recycle"],"picked":"Gash","floor":17},{"not_picked":["Tempest","Genetic Algorithm"],"picked":"Gash","floor":17},{"not_picked":["Turbo","Coolheaded"],"picked":"Gash","floor":17},{"not_picked":["Cold Snap","Rebound"],"picked":"Hologram","floor":18},{"not_picked":["Rebound","Steam+1"],"picked":"Hello World","floor":21},{"not_picked":["Stack","Blizzard"],"picked":"Defragment","floor":25},{"not_picked":["Consume","Doom and Gloom"],"picked":"Gash","floor":27},{"not_picked":["Reboot","Thunder Strike"],"picked":"Defragment+1","floor":29},{"not_picked":["Machine Learning","Gash"],"picked":"Glacier","floor":31},{"not_picked":["Biased Cognition","Meteor Strike"],"picked":"Echo Form","floor":33},{"not_picked":["Skim","Beam Cell+1"],"picked":"Auto Shields+1","floor":35},{"not_picked":["Compile Driver+1","Reinforced Body"],"picked":"Barrage+1","floor":36}],"player_experience":444965,"relics_obtained":[{"floor":9,"key":"Blood Vial"},{"floor":19,"key":"Turnip"},{"floor":26,"key":"Pantograph"}],"event_choices":[{"event_name":"Golden Wing","player_choice":"Ignored","floor":3,"damage_taken":0},{"event_name":"The Cleric","player_choice":"Healed","floor":5,"damage_taken":0},{"event_name":"The Mausoleum","player_choice":"Yes","floor":20,"damage_taken":0},{"event_name":"Ghosts","player_choice":"Ignored","floor":22,"damage_taken":0},{"event_name":"N\u0027loth","player_choice":"Traded a Orrery","floor":28,"damage_taken":0}],"is_beta":false,"boss_relics":[{"not_picked":["Velvet Choker","Philosopher\u0027s Stone"],"picked":"Orrery"},{"not_picked":["Runic Pyramid","Calling Bell"],"picked":"Black Star"}],"items_purged_floors":[24],"is_endless":false,"potions_floor_spawned":[2,4,11,16,29,31,36],"killed_by":"Flame Bruiser 2 Orb","ascension_level":0}