{"gold_per_floor":[119,24,40,40,40,40,70,70,70,70,84,99,15,33,33,33],"floor_reached":16,"playtime":1057,"items_purged":[],"score":100,"play_id":"590ee765-9ca0-4564-8cd8-72cb57dac451","local_time":"20190127173553","is_ascension_mode":false,"campfire_choices":[{"floor":6,"key":"RECALL"},{"floor":8,"key":"REST"},{"floor":10,"key":"REST"},{"data":"Backstab","floor":15,"key":"SMITH"}],"neow_cost":"NONE","seed_source_timestamp":5090620616773802,"circlet_count":0,"master_deck":["Defend_G","Defend_G","Defend_G","Defend_G","Defend_G","Strike_G","Strike_G","Strike_G","Strike_G","Strike_G","Survivor","Neutralize","After Image+1","Accuracy","Bandage Up+1","Catalyst","Adrenaline","Backstab+1","Tactician","Quick Slash"],"relics":["Ring of the Snake","PreservedInsect","FossilizedHelix","Regal Pillow"],"potions_floor_usage":[7],"damage_taken":[{"damage":2,"enemies":"Small Slimes","floor":1,"turns":7},{"damage":0,"enemies":"Cultist","floor":3,"turns":5},{"damage":57,"enemies":"3 Sentries","floor":7,"turns":27},{"damage":0,"enemies":"Jaw Worm","floor":11,"turns":6},{"damage":11,"enemies":"Large Slime","floor":12,"turns":11},{"damage":0,"enemies":"Blue Slaver","floor":14,"turns":5},{"damage":85,"enemies":"Slime Boss","floor":16,"turns":12}],"seed_played":"-5162175503524841909","potions_obtained":[{"floor":1,"key":"SteroidPotion"},{"floor":3,"key":"FairyPotion"}],"is_trial":false,"path_per_floor":["M","$","M","?","?","R","E","R","T","R","M","M","?","M","R","B"],"character_chosen":"THE_SILENT","items_purchased":["Bandage Up"],"campfire_rested":2,"item_purchase_floors":[2],"current_hp_per_floor":[68,68,70,70,70,70,13,34,34,55,61,56,56,62,62,0],"gold":33,"neow_bonus":"ONE_RANDOM_RARE_CARD","is_prod":false,"is_daily":false,"chose_seed":false,"campfire_upgraded":1,"win_rate":0,"timestamp":1548610553,"path_taken":["M","$","M","?","?","R","E","R","T","R","?","M","?","M","R","BOSS"],"build_version":"2019-01-23","purchased_purges":0,"victory":false,"max_hp_per_floor":[70,70,70,70,70,70,70,70,70,70,70,70,70,70,70,70],"card_choices":[{"not_picked":["Poisoned Stab","Blade Dance"],"picked":"Accuracy","floor":1},{"not_picked":["Backflip","Caltrops"],"picked":"Catalyst","floor":3},{"not_picked":["Skewer","Deflect"],"picked":"Adrenaline","floor":7},{"not_picked":["Caltrops","Finisher"],"picked":"Backstab","floor":11},{"not_picked":["Prepared","Bane"],"picked":"Tactician","floor":12},{"not_picked":["PiercingWail","Reflex"],"picked":"Quick Slash","floor":14}],"player_experience":939814,"relics_obtained":[{"floor":7,"key":"PreservedInsect"},{"floor":9,"key":"FossilizedHelix"}],"event_choices":[{"damage_healed":0,"gold_gain":0,"player_choice":"Grow","damage_taken":0,"max_hp_gain":0,"max_hp_loss":0,"event_name":"Living Wall","floor":4,"gold_loss":0,"cards_upgraded":["After Image"]},{"damage_healed":0,"gold_gain":0,"player_choice":"Forge","damage_taken":0,"max_hp_gain":0,"max_hp_loss":0,"event_name":"Accursed Blacksmith","floor":5,"gold_loss":0,"cards_upgraded":["Bandage Up"]},{"damage_healed":0,"gold_gain":0,"player_choice":"Paid Gold","damage_taken":0,"relics_obtained":["Regal Pillow"],"max_hp_gain":0,"max_hp_loss":0,"event_name":"WeMeetAgain","floor":13,"gold_loss":84}],"is_beta":false,"boss_relics":[],"items_purged_floors":[],"is_endless":false,"potions_floor_spawned":[1,3],"killed_by":"Slime Boss","ascension_level":0}