{"gold_per_floor":[148,148,148,71,89,89,124,124,147,163,163,194,194,213,213,313,313,326,30,30,30,30,30,49,49,49,10,10,29,29],"floor_reached":30,"playtime":1261,"items_purged":[],"score":293,"play_id":"57875213-6f19-40d7-86eb-124af2aa15f9","local_time":"20180824154557","is_ascension_mode":true,"campfire_choices":[{"floor":6,"key":"REST"},{"floor":8,"key":"REST"},{"data":"Conserve Battery","floor":13,"key":"SMITH"},{"data":"Double Energy","floor":15,"key":"SMITH"},{"floor":23,"key":"REST"},{"data":"Auto Shields","floor":25,"key":"SMITH"},{"data":"Defragment","floor":28,"key":"SMITH"}],"neow_cost":"NONE","seed_source_timestamp":39347029137593,"circlet_count":0,"master_deck":["Strike_B+1","Strike_B+1","Strike_B+1","Strike_B+1","Defend_B+1","Defend_B+1","Defend_B+1","Defend_B+1","Zap+1","Dualcast+1","BootSequence","Capacitor","Static Discharge+1","BootSequence","Capacitor","Conserve Battery+1","Double Energy+1","Thunder Strike","Auto Shields+1","Steam","Defragment+1","Conserve Battery"],"relics":["Cracked Core","Tiny Chest","Ancient Tea Set","Incense Burner","Blood Vial","War Paint","Cursed Key","Emotion Chip"],"potions_floor_usage":[7,30,30,30],"damage_taken":[{"damage":0,"enemies":"Small Slimes","floor":1,"turns":3},{"damage":0,"enemies":"2 Louse","floor":5,"turns":3},{"damage":27,"enemies":"Gremlin Nob","floor":7,"turns":5},{"damage":1,"enemies":"Cultist","floor":10,"turns":4},{"damage":10,"enemies":"Lagavulin","floor":12,"turns":7},{"damage":1,"enemies":"Looter","floor":14,"turns":3},{"damage":28,"enemies":"The Guardian","floor":16,"turns":14},{"damage":20,"enemies":"Chosen","floor":18,"turns":5},{"damage":7,"enemies":"3 Byrds","floor":24,"turns":2},{"damage":19,"enemies":"Centurion and Healer","floor":29,"turns":10},{"damage":51,"enemies":"Cultist and Chosen","floor":30,"turns":6}],"seed_played":"-951744221454900821","potions_obtained":[{"floor":5,"key":"Block Potion"},{"floor":7,"key":"Strength Potion"},{"floor":14,"key":"Block Potion"},{"floor":18,"key":"Explosive Potion"}],"is_trial":false,"path_per_floor":["M","?","?","$","M","R","E","R","T","M","?","E","R","M","R","B",null,"M","$","T","T","?","R","M","R","T","$","R","M"],"character_chosen":"DEFECT","items_purchased":["Capacitor","Emotion Chip","Defragment"],"campfire_rested":3,"item_purchase_floors":[4,19,27],"current_hp_per_floor":[75,60,53,53,53,75,48,70,70,71,71,63,63,64,64,38,66,48,48,48,48,48,70,65,65,65,65,65,48,0],"gold":29,"neow_bonus":"RANDOM_COMMON_RELIC","is_prod":false,"is_daily":false,"chose_seed":false,"campfire_upgraded":4,"win_rate":0,"timestamp":1535121957,"path_taken":["M","?","?","$","M","R","E","R","T","M","?","E","R","?","R","BOSS","M","$","?","?","?","R","M","R","T","$","R","M","M"],"build_version":"2018-08-23v2","purchased_purges":0,"victory":false,"max_hp_per_floor":[75,75,75,75,75,75,75,75,75,75,75,75,75,75,75,75,75,75,75,75,75,75,75,75,75,75,75,75,75,75],"card_choices":[{"not_picked":["Go for the Eyes","Darkness"],"picked":"BootSequence","floor":1},{"not_picked":["Conserve Battery","Auto Shields"],"picked":"Static Discharge","floor":5},{"not_picked":["Redo","Beam Cell"],"picked":"BootSequence","floor":7},{"not_picked":["Rebound","Conserve Battery"],"picked":"Capacitor","floor":10},{"not_picked":["Gash","Rebound"],"picked":"Conserve Battery","floor":12},{"not_picked":["Scrape","Doom and Gloom"],"picked":"Double Energy","floor":14},{"not_picked":["Meteor Strike","Amplify"],"picked":"Thunder Strike","floor":16},{"not_picked":["Turbo","Compile Driver+1"],"picked":"Auto Shields","floor":18},{"not_picked":["Beam Cell+1","Consume"],"picked":"Steam","floor":24},{"not_picked":["Leap","Steam Power"],"picked":"Conserve Battery","floor":29}],"player_experience":439294,"relics_obtained":[{"floor":7,"key":"Incense Burner"},{"floor":9,"key":"Blood Vial"},{"floor":12,"key":"War Paint"}],"event_choices":[{"event_name":"Shining Light","player_choice":"Entered Light","floor":2,"damage_taken":0},{"event_name":"Scrap Ooze","player_choice":"success","floor":3,"damage_taken":7},{"event_name":"Accursed Blacksmith","player_choice":"Forge","floor":11,"damage_taken":0},{"event_name":"Back to Basics","player_choice":"Simplicity","floor":22,"damage_taken":0}],"is_beta":false,"boss_relics":[{"not_picked":["Pandora\u0027s Box","Snecko Eye"],"picked":"Cursed Key"}],"items_purged_floors":[],"is_endless":false,"potions_floor_spawned":[5,7,14,18],"killed_by":"Cultist and Chosen","ascension_level":5}