{"gold_per_floor":[116,116,391,51,70,70,70,91,91,91,124,53,84,52,52,178,178,194,94,107,0,19,19,19,55,104,104,122,122,156,156,156,275,275,293,293,308,45,70,101,101,116,141,154,195,195,67,100,100,100],"floor_reached":51,"playtime":4069,"items_purged":["Regret","Injury","Shame","Rip and Tear"],"score":1081,"play_id":"cc852e98-acf8-4d2a-8fc8-350d5796a61a","local_time":"20190321174855","is_ascension_mode":true,"campfire_choices":[{"data":"Conserve Battery","floor":6,"key":"SMITH"},{"data":"Zap","floor":10,"key":"SMITH"},{"data":"Go for the Eyes","floor":15,"key":"SMITH"},{"data":"Echo Form","floor":23,"key":"SMITH"},{"floor":27,"key":"REST"},{"data":"Defragment","floor":29,"key":"SMITH"},{"floor":32,"key":"REST"},{"data":"Rainbow","floor":41,"key":"SMITH"},{"floor":46,"key":"REST"},{"data":"Seek","floor":49,"key":"SMITH"}],"neow_cost":"TEN_PERCENT_HP_LOSS","seed_source_timestamp":4348968400845,"circlet_count":0,"master_deck":["Zap+1","Dualcast","Reboot","Conserve Battery+1","Hologram","White Noise","Go for the Eyes+1","Undo","Capacitor","Echo Form+1","Thunder Strike","Genetic Algorithm","Go for the Eyes","Aggregate","Lockon","Rainbow+1","Multi-Cast","Steam","Defragment+1","Skim+1","Coolheaded","Necronomicurse","Biased Cognition","Coolheaded+1","Seek+1","Chaos","Storm+1","Auto Shields","Conserve Battery+1","Ball Lightning"],"relics":["Cracked Core","Golden Idol","ClockworkSouvenir","Gremlin Horn","Whetstone","Oddly Smooth Stone","Meat on the Bone","Pandora\u0027s Box","Bag of Preparation","Pen Nib","Regal Pillow","PreservedInsect","Necronomicon","Velvet Choker","Smiling Mask","Bottled Lightning","Pantograph"],"potions_floor_usage":[22,30,30,33,42,50,50,50],"damage_taken":[{"damage":6,"enemies":"Jaw Worm","floor":1,"turns":4},{"damage":3,"enemies":"Small Slimes","floor":5,"turns":4},{"damage":0,"enemies":"Cultist","floor":8,"turns":5},{"damage":36,"enemies":"Gremlin Nob","floor":11,"turns":4},{"damage":0,"enemies":"Lagavulin","floor":13,"turns":7},{"damage":5,"enemies":"Hexaghost","floor":16,"turns":11},{"damage":9,"enemies":"Spheric Guardian","floor":18,"turns":6},{"damage":14,"enemies":"3 Byrds","floor":20,"turns":5},{"damage":5,"enemies":"Centurion and Healer","floor":22,"turns":6},{"damage":20,"enemies":"Slavers","floor":25,"turns":5},{"damage":21,"enemies":"Snecko","floor":28,"turns":6},{"damage":27,"enemies":"Book of Stabbing","floor":30,"turns":7},{"damage":43,"enemies":"Automaton","floor":33,"turns":10},{"damage":0,"enemies":"3 Shapes","floor":35,"turns":6},{"damage":5,"enemies":"Orb Walker","floor":37,"turns":4},{"damage":0,"enemies":"Maw","floor":39,"turns":8},{"damage":9,"enemies":"Giant Head","floor":40,"turns":8},{"damage":0,"enemies":"Writhing Mass","floor":42,"turns":4},{"damage":28,"enemies":"3 Darklings","floor":44,"turns":4},{"damage":12,"enemies":"Nemesis","floor":45,"turns":5},{"damage":5,"enemies":"Giant Head","floor":48,"turns":7},{"damage":66,"enemies":"Awakened One","floor":50,"turns":10}],"seed_played":"7107645740930420859","potions_obtained":[{"floor":1,"key":"SteroidPotion"},{"floor":11,"key":"Energy Potion"},{"floor":20,"key":"SteroidPotion"},{"floor":22,"key":"LiquidBronze"},{"floor":25,"key":"Block Potion"},{"floor":35,"key":"EssenceOfSteel"},{"floor":39,"key":"FearPotion"},{"floor":40,"key":"LiquidBronze"},{"floor":44,"key":"GamblersBrew"}],"is_trial":false,"path_per_floor":["M","?","?","$","M","R","T","M","T","R","E","$","E","?","R","B",null,"M","$","M","?","M","R","?","E","T","R","M","R","E","?","R","B",null,"M","?","M","$","M","E","R","M","T","M","E","R","$","E","R","B",null],"character_chosen":"DEFECT","items_purchased":["ClockworkSouvenir","Conserve Battery","Hologram","Undo","Seek","FocusPotion"],"campfire_rested":3,"item_purchase_floors":[4,4,4,12,38,47],"current_hp_per_floor":[62,62,62,62,59,59,59,59,59,59,23,23,23,23,23,30,59,50,50,36,36,43,43,43,35,35,68,47,47,32,16,51,20,56,56,53,48,48,48,39,39,39,39,23,23,58,58,53,53,14],"gold":100,"neow_bonus":"THREE_RARE_CARDS","is_prod":false,"is_daily":false,"chose_seed":false,"campfire_upgraded":7,"win_rate":0,"timestamp":1553186935,"path_taken":["M","?","?","$","?","R","?","M","T","R","E","$","E","?","R","BOSS","M","$","M","?","M","R","?","E","T","R","M","R","E","?","R","BOSS","M","?","M","$","M","E","R","?","T","?","E","R","$","E","R","BOSS"],"build_version":"2019-01-23","purchased_purges":4,"victory":true,"max_hp_per_floor":[68,68,68,68,68,68,68,68,68,68,68,68,68,68,68,68,68,68,68,68,68,68,68,68,68,68,68,68,68,68,68,68,68,68,68,68,68,68,68,68,68,68,68,68,68,68,68,68,68,68],"card_choices":[{"not_picked":["Meteor Strike","Multi-Cast"],"picked":"Reboot","floor":0},{"not_picked":["Static Discharge","Beam Cell","Go for the Eyes"],"picked":"SKIP","floor":1},{"not_picked":["Streamline","Reprogram","Gash"],"picked":"SKIP","floor":5},{"not_picked":["Compile Driver","Cold Snap"],"picked":"White Noise","floor":8},{"not_picked":["Rip and Tear","Stack"],"picked":"Go for the Eyes","floor":11},{"not_picked":["Sweeping Beam","Multi-Cast"],"picked":"Capacitor","floor":13},{"not_picked":["Reboot","Electrodynamics"],"picked":"Echo Form","floor":16},{"not_picked":["Coolheaded","Beam Cell+1"],"picked":"Steam","floor":18},{"not_picked":["Steam+1","Turbo"],"picked":"Defragment","floor":20},{"not_picked":["Genetic Algorithm","Go for the Eyes","Chill"],"picked":"SKIP","floor":22},{"not_picked":["Reprogram","Turbo"],"picked":"Skim+1","floor":25},{"not_picked":["Hologram","Sunder"],"picked":"Coolheaded","floor":28},{"not_picked":["Aggregate","Steam","Beam Cell"],"picked":"SKIP","floor":30},{"not_picked":["Creative AI","Amplify"],"picked":"Biased Cognition","floor":33},{"not_picked":["Storm+1","Rebound","Coolheaded+1"],"picked":"SKIP","floor":35},{"not_picked":["Chaos+1","Skim+1"],"picked":"Coolheaded+1","floor":37},{"not_picked":["Recycle","Melter"],"picked":"Chaos","floor":39},{"not_picked":["Rebound","Coolheaded+1"],"picked":"Storm+1","floor":40},{"not_picked":["Streamline+1","Steam Power"],"picked":"Auto Shields","floor":42},{"not_picked":["Sweeping Beam+1","Darkness+1","Fusion+1"],"picked":"SKIP","floor":44},{"not_picked":["Scrape+1","Static Discharge+1"],"picked":"Conserve Battery+1","floor":45},{"not_picked":["Aggregate","Sweeping Beam+1"],"picked":"Ball Lightning","floor":48}],"player_experience":722351,"relics_obtained":[{"floor":7,"key":"Gremlin Horn"},{"floor":9,"key":"Whetstone"},{"floor":11,"key":"Oddly Smooth Stone"},{"floor":13,"key":"Meat on the Bone"},{"floor":25,"key":"Pen Nib"},{"floor":26,"key":"Regal Pillow"},{"floor":30,"key":"PreservedInsect"},{"floor":31,"key":"Necronomicon"},{"floor":40,"key":"Smiling Mask"},{"floor":45,"key":"Bottled Lightning"},{"floor":48,"key":"Pantograph"}],"event_choices":[{"damage_healed":0,"gold_gain":0,"player_choice":"Take Wound","damage_taken":0,"relics_obtained":["Golden Idol"],"max_hp_gain":0,"max_hp_loss":0,"event_name":"Golden Idol","floor":2,"gold_loss":0,"cards_obtained":["Injury"]},{"damage_healed":0,"gold_gain":275,"player_choice":"Desecrate","damage_taken":0,"max_hp_gain":0,"max_hp_loss":0,"event_name":"Golden Shrine","floor":3,"gold_loss":0,"cards_obtained":["Regret"]},{"damage_healed":0,"gold_gain":0,"player_choice":"Left Gold","damage_taken":0,"max_hp_gain":0,"max_hp_loss":0,"event_name":"World of Goop","floor":14,"gold_loss":32},{"damage_healed":0,"gold_gain":0,"player_choice":"Paid Fearfully","damage_taken":0,"max_hp_gain":0,"max_hp_loss":0,"event_name":"Masked Bandits","floor":21,"gold_loss":107},{"damage_healed":0,"gold_gain":0,"player_choice":"Stole Relic","damage_taken":0,"relics_obtained":["Bag of Preparation"],"max_hp_gain":0,"max_hp_loss":0,"event_name":"Addict","floor":24,"gold_loss":0,"cards_obtained":["Shame"]},{"damage_healed":0,"gold_gain":0,"player_choice":"Obtained Book","damage_taken":16,"max_hp_gain":0,"max_hp_loss":0,"event_name":"Cursed Tome","floor":31,"gold_loss":0},{"damage_healed":0,"gold_gain":0,"player_choice":"Punched","damage_taken":3,"max_hp_gain":0,"max_hp_loss":0,"event_name":"Designer","floor":36,"gold_loss":0}],"is_beta":false,"boss_relics":[{"not_picked":["Runic Dome","Fusion Hammer"],"picked":"Pandora\u0027s Box"},{"not_picked":["Coffee Dripper","Tiny House"],"picked":"Velvet Choker"}],"items_purged_floors":[4,19,38,47],"is_endless":false,"potions_floor_spawned":[1,11,20,22,25,35,39,40,44],"ascension_level":8}