{"gold_per_floor":[113,125,143,4,4,19,19,19,19,46,59,118,136,155,155,256,256,266,194,208,208,225,225,225,500,523,302,319,319,330,346,346,448,448,462,362,378,392,147,147],"floor_reached":40,"playtime":1763,"items_purged":["Regret","Writhe"],"score":392,"play_id":"36413b92-d1e7-424a-accd-b1aafa5baa09","local_time":"20190309020047","is_ascension_mode":false,"campfire_choices":[{"data":"Pommel Strike","floor":7,"key":"SMITH"},{"data":"Pummel","floor":15,"key":"SMITH"},{"floor":24,"key":"RECALL"},{"data":"Uppercut","floor":29,"key":"SMITH"},{"floor":32,"key":"REST"}],"neow_cost":"TEN_PERCENT_HP_LOSS","seed_source_timestamp":102164456441149,"circlet_count":0,"master_deck":["Strike_R","Strike_R","Strike_R","Strike_R","Strike_R","Defend_R","Defend_R","Defend_R","Defend_R","Bash","Bludgeon","Immolate","Pummel+1","Pommel Strike+1","Ghostly Armor","Reaper","Spot Weakness","Uppercut+1","Impervious","Rupture","Evolve","Feed","Feed","Ghostly Armor","Flame Barrier","Pummel+1","Dropkick+1","Power Through+1","Burning Pact+1","Secret Technique","Ghostly Armor"],"relics":["Burning Blood","Ice Cream","Turnip","Anchor","Cursed Key","Enchiridion","Red Skull","Art of War","Orrery"],"potions_floor_usage":[10,10,12,12,13,13,13,16,20,22,28,33],"damage_taken":[{"damage":2,"enemies":"2 Louse","floor":1,"turns":3},{"damage":6,"enemies":"Cultist","floor":2,"turns":3},{"damage":6,"enemies":"Jaw Worm","floor":3,"turns":2},{"damage":0,"enemies":"Gremlin Gang","floor":6,"turns":1},{"damage":22,"enemies":"3 Sentries","floor":10,"turns":5},{"damage":0,"enemies":"Looter","floor":11,"turns":2},{"damage":22,"enemies":"Gremlin Nob","floor":12,"turns":4},{"damage":0,"enemies":"Blue Slaver","floor":13,"turns":3},{"damage":0,"enemies":"2 Fungi Beasts","floor":14,"turns":3},{"damage":73,"enemies":"Hexaghost","floor":16,"turns":10},{"damage":0,"enemies":"Spheric Guardian","floor":18,"turns":3},{"damage":4,"enemies":"Shell Parasite","floor":20,"turns":3},{"damage":15,"enemies":"3 Cultists","floor":22,"turns":5},{"damage":12,"enemies":"Chosen and Byrds","floor":28,"turns":5},{"damage":22,"enemies":"Snake Plant","floor":30,"turns":4},{"damage":0,"enemies":"Snecko","floor":31,"turns":4},{"damage":50,"enemies":"Champ","floor":33,"turns":15},{"damage":10,"enemies":"Orb Walker","floor":35,"turns":3},{"damage":0,"enemies":"3 Darklings","floor":37,"turns":5},{"damage":47,"enemies":"Transient","floor":38,"turns":5},{"damage":52,"enemies":"Reptomancer","floor":40,"turns":4}],"seed_played":"-3546741869997069826","potions_obtained":[{"floor":2,"key":"Poison Potion"},{"floor":6,"key":"GamblersBrew"},{"floor":11,"key":"EntropicBrew"},{"floor":12,"key":"Weak Potion"},{"floor":14,"key":"EssenceOfSteel"},{"floor":18,"key":"EssenceOfSteel"},{"floor":20,"key":"SkillPotion"},{"floor":22,"key":"GamblersBrew"},{"floor":30,"key":"AttackPotion"}],"is_trial":false,"path_per_floor":["M","M","M","$","?","M","R","?","T","E","M","?","M","M","R","B",null,"M","$","M","?","M","?","R","?","T","$","M","R","M","M","R","B",null,"M","$","M","M","$","E"],"character_chosen":"IRONCLAD","items_purchased":["Immolate","Evolve","Feed","Secret Technique","Ghostly Armor"],"campfire_rested":1,"item_purchase_floors":[4,19,27,39,39],"current_hp_per_floor":[72,72,72,72,72,72,72,72,72,56,62,46,55,69,69,9,72,72,72,72,56,61,61,61,61,61,61,65,65,49,55,75,41,75,74,74,78,37,37,0],"gold":147,"neow_bonus":"THREE_RARE_CARDS","is_prod":false,"is_daily":false,"chose_seed":false,"campfire_upgraded":3,"win_rate":0,"timestamp":1552109447,"path_taken":["M","M","M","$","?","?","R","?","T","E","?","?","M","M","R","BOSS","M","$","M","?","M","?","R","?","T","$","M","R","M","M","R","BOSS","M","$","?","M","$","E"],"build_version":"2019-02-06","purchased_purges":2,"victory":false,"max_hp_per_floor":[72,72,72,72,72,72,72,72,72,72,72,72,72,72,72,72,72,72,72,72,72,72,72,72,72,72,72,75,75,75,75,75,75,75,78,78,78,78,78,78],"card_choices":[{"not_picked":["Barricade","Fiend Fire"],"picked":"Bludgeon","floor":0},{"not_picked":["Thunderclap","Warcry","Perfected Strike"],"picked":"SKIP","floor":1},{"not_picked":["Iron Wave","Perfected Strike","Flex"],"picked":"SKIP","floor":2},{"not_picked":["Flex","Havoc","Clash"],"picked":"SKIP","floor":3},{"not_picked":["Pummel","Metallicize"],"picked":"Pommel Strike","floor":6},{"not_picked":["Clash","Headbutt"],"picked":"Ghostly Armor","floor":10},{"not_picked":["Whirlwind","Rupture"],"picked":"Reaper","floor":11},{"not_picked":["Battle Trance","Headbutt"],"picked":"Spot Weakness","floor":12},{"not_picked":["Searing Blow","Reckless Charge","Anger"],"picked":"SKIP","floor":13},{"not_picked":["Evolve","Anger"],"picked":"Uppercut","floor":14},{"not_picked":["Demon Form","Double Tap"],"picked":"Impervious","floor":16},{"not_picked":["Havoc","Armaments"],"picked":"Rupture","floor":18},{"not_picked":["Headbutt","Twin Strike+1","Metallicize"],"picked":"SKIP","floor":20},{"not_picked":["Whirlwind","Twin Strike","Clash"],"picked":"SKIP","floor":22},{"not_picked":["Entrench+1","Pommel Strike"],"picked":"Feed","floor":28},{"not_picked":["Armaments","Body Slam","Anger"],"picked":"SKIP","floor":30},{"not_picked":["Flex","Anger"],"picked":"Ghostly Armor","floor":31},{"not_picked":["Perfected Strike","Cleave+1"],"picked":"Flame Barrier","floor":34},{"not_picked":["Sentinel","Perfected Strike"],"picked":"Pummel+1","floor":34},{"not_picked":["Sever Soul","Twin Strike+1"],"picked":"Dropkick+1","floor":34},{"not_picked":["Dark Embrace","Twin Strike+1"],"picked":"Power Through+1","floor":35},{"not_picked":["Cleave+1","Headbutt+1","Corruption+1"],"picked":"SKIP","floor":37},{"not_picked":["Second Wind+1","Clothesline+1"],"picked":"Burning Pact+1","floor":38}],"player_experience":698517,"relics_obtained":[{"floor":9,"key":"Ice Cream"},{"floor":10,"key":"Turnip"},{"floor":12,"key":"Anchor"},{"floor":21,"key":"Enchiridion"},{"floor":26,"key":"Art of War"}],"event_choices":[{"damage_healed":0,"gold_gain":0,"player_choice":"2 cards matched","damage_taken":0,"max_hp_gain":0,"max_hp_loss":0,"event_name":"Match and Keep!","floor":5,"gold_loss":0,"cards_obtained":["Bash","Pummel"]},{"cards_removed":["Bash"],"damage_healed":0,"gold_gain":0,"player_choice":"Offered Basic","damage_taken":0,"max_hp_gain":0,"max_hp_loss":0,"event_name":"Bonfire Elementals","floor":8,"gold_loss":0},{"damage_healed":0,"gold_gain":0,"player_choice":"Searched \u00272\u0027 times","damage_taken":0,"max_hp_gain":0,"max_hp_loss":0,"event_name":"Dead Adventurer","floor":12,"gold_loss":0},{"damage_healed":0,"gold_gain":0,"player_choice":"Obtained Book","damage_taken":16,"max_hp_gain":0,"max_hp_loss":0,"event_name":"Cursed Tome","floor":21,"gold_loss":0},{"damage_healed":0,"gold_gain":0,"player_choice":"Opened","damage_taken":0,"relics_obtained":["Red Skull"],"max_hp_gain":0,"max_hp_loss":0,"event_name":"The Mausoleum","floor":23,"gold_loss":0},{"damage_healed":0,"gold_gain":275,"player_choice":"Desecrate","damage_taken":0,"max_hp_gain":0,"max_hp_loss":0,"event_name":"Golden Shrine","floor":25,"gold_loss":0,"cards_obtained":["Regret"]}],"is_beta":true,"boss_relics":[{"not_picked":["Mark of Pain","Velvet Choker"],"picked":"Cursed Key"},{"not_picked":["Empty Cage","Runic Pyramid"],"picked":"Orrery"}],"items_purged_floors":[27,36],"is_endless":false,"potions_floor_spawned":[2,6,11,12,14,18,20,22,30],"killed_by":"Reptomancer","ascension_level":0}