{"gold_per_floor":[116,133,133,133,185,216,216,272,272,272,286,42,61,79,79,175,175,194,210,222,241,18,18,33,33,33,33,33,53,53,53,53,155,155,165,183,183,183,200,200,230,230,230,64,79,98,98,98,98,98],"floor_reached":51,"playtime":3183,"items_purged":[],"score":777,"play_id":"1c26777d-21ad-431b-8daa-b18cce5d9379","local_time":"20181125144323","is_ascension_mode":false,"campfire_choices":[{"floor":7,"key":"REST"},{"floor":15,"key":"REST"},{"floor":23,"key":"REST"},{"data":"Infinite Blades","floor":28,"key":"SMITH"},{"floor":32,"key":"REST"},{"floor":40,"key":"REST"},{"data":"Noxious Fumes","floor":42,"key":"SMITH"},{"data":"Noxious Fumes","floor":47,"key":"SMITH"},{"floor":49,"key":"REST"}],"neow_cost":"NONE","seed_source_timestamp":1124234910308556,"circlet_count":0,"master_deck":["Defend_G+1","Defend_G+1","Defend_G+1","Defend_G+1","Defend_G+1","Strike_G+1","Strike_G+1","Strike_G+1","Strike_G+1","Strike_G+1","Survivor","Neutralize+1","Glass Knife","Deadly Poison","Flying Knee","Noxious Fumes","Deadly Poison","Dodge and Roll","Noxious Fumes+1","Deadly Poison","Skewer","Tools of the Trade","Escape Plan+1","Terror","Deadly Poison+1","Infinite Blades+1","Noxious Fumes+1","Catalyst","Deadly Poison+1","Phantasmal Killer","Bane","Master of Strategy","Parasite","Prepared","Tactician","Catalyst","Deflect+1","Outmaneuver+1"],"relics":["Ring of the Snake","Ninja Scroll","Snake Skull","Mummified Hand","Bottled Lightning","Letter Opener","Bronze Scales","White Beast Statue","Juzu Bracelet","Calipers","The Courier","Nilry\u0027s Codex","Busted Crown","Blood Vial","Dead Branch","DollysMirror"],"potions_floor_usage":[14,18,20,29,29,35,41,41,50,50],"damage_taken":[{"damage":5,"enemies":"Jaw Worm","floor":1,"turns":4},{"damage":0,"enemies":"2 Louse","floor":2,"turns":2},{"damage":18,"enemies":"Lagavulin","floor":6,"turns":6},{"damage":23,"enemies":"3 Sentries","floor":8,"turns":6},{"damage":0,"enemies":"Cultist","floor":11,"turns":2},{"damage":3,"enemies":"Exordium Wildlife","floor":13,"turns":3},{"damage":0,"enemies":"2 Fungi Beasts","floor":14,"turns":2},{"damage":16,"enemies":"Hexaghost","floor":16,"turns":7},{"damage":2,"enemies":"3 Byrds","floor":18,"turns":4},{"damage":12,"enemies":"Shell Parasite","floor":19,"turns":3},{"damage":19,"enemies":"Snake Plant","floor":20,"turns":4},{"damage":33,"enemies":"Cultist and Chosen","floor":21,"turns":6},{"damage":1,"enemies":"Centurion and Healer","floor":24,"turns":5},{"damage":7,"enemies":"Shelled Parasite and Fungi","floor":29,"turns":4},{"damage":13,"enemies":"Champ","floor":33,"turns":9},{"damage":27,"enemies":"3 Darklings","floor":35,"turns":5},{"damage":5,"enemies":"Orb Walker","floor":36,"turns":3},{"damage":12,"enemies":"Writhing Mass","floor":39,"turns":5},{"damage":0,"enemies":"Reptomancer","floor":41,"turns":4},{"damage":1,"enemies":"Transient","floor":45,"turns":5},{"damage":7,"enemies":"4 Shapes","floor":46,"turns":4},{"damage":39,"enemies":"Time Eater","floor":50,"turns":5}],"seed_played":"-7588160444077273054","potions_obtained":[{"floor":6,"key":"Swift Potion"},{"floor":11,"key":"Dexterity Potion"},{"floor":13,"key":"Energy Potion"},{"floor":14,"key":"Regen Potion"},{"floor":18,"key":"SpeedPotion"},{"floor":20,"key":"GamblersBrew"},{"floor":21,"key":"Fruit Juice"},{"floor":29,"key":"LiquidBronze"},{"floor":33,"key":"Fruit Juice"},{"floor":35,"key":"AttackPotion"},{"floor":39,"key":"Explosive Potion"},{"floor":41,"key":"SteroidPotion"},{"floor":45,"key":"Regen Potion"}],"is_trial":false,"path_per_floor":["M","M","?","?","T","E","R","?","T","?","M","$","M","M","R","B",null,"M","M","M","M","$","R","M","?","T","?","R","M","T","?","R","B",null,"M","M","?","?","M","R","E","R","T","$","M","M","R","?","R","B",null],"character_chosen":"THE_SILENT","items_purchased":["Noxious Fumes","Bronze Scales","Deadly Poison","Noxious Fumes","Juzu Bracelet","DollysMirror"],"campfire_rested":6,"item_purchase_floors":[12,12,12,22,22,44],"current_hp_per_floor":[65,65,62,62,62,44,65,42,42,42,42,42,39,39,60,44,70,68,56,49,16,16,37,36,36,36,36,36,34,34,18,40,27,75,53,48,48,48,36,60,60,60,60,60,61,56,56,56,80,50],"gold":98,"neow_bonus":"ONE_RANDOM_RARE_CARD","is_prod":false,"is_daily":false,"chose_seed":false,"campfire_upgraded":3,"win_rate":0,"timestamp":1543157003,"path_taken":["M","M","?","?","?","E","R","?","T","?","M","?","M","?","R","BOSS","M","?","M","M","$","R","M","?","T","?","R","M","?","?","R","BOSS","M","M","?","?","M","R","E","R","T","$","M","M","R","?","R","BOSS"],"build_version":"2018-11-15","purchased_purges":0,"victory":true,"max_hp_per_floor":[70,70,70,70,70,70,70,70,70,70,70,70,70,70,70,70,70,70,70,70,70,70,70,70,70,70,70,70,75,75,75,75,75,75,80,80,80,80,80,80,80,80,80,80,80,80,80,80,80,80],"card_choices":[{"not_picked":["Underhanded Strike","Dodge and Roll"],"picked":"Deadly Poison","floor":1},{"not_picked":["Acrobatics","Accuracy"],"picked":"Flying Knee","floor":2},{"not_picked":["Prepared","Acrobatics"],"picked":"Noxious Fumes","floor":6},{"not_picked":["Deflect","Acrobatics"],"picked":"Deadly Poison","floor":8},{"not_picked":["Choke","Storm of Steel"],"picked":"Dodge and Roll","floor":11},{"not_picked":["Underhanded Strike","Endless Agony"],"picked":"Dagger Spray","floor":13},{"not_picked":["Heel Hook","Acrobatics"],"picked":"Skewer","floor":14},{"not_picked":["Glass Knife","Unload"],"picked":"Tools of the Trade","floor":16},{"not_picked":["Endless Agony","Sucker Punch"],"picked":"Escape Plan+1","floor":18},{"not_picked":["Flechettes","Masterful Stab"],"picked":"Terror","floor":19},{"not_picked":["Finisher+1","Choke+1"],"picked":"Deadly Poison+1","floor":20},{"not_picked":["Cloak And Dagger","Backflip"],"picked":"Infinite Blades","floor":21},{"not_picked":["Bane","Choke+1"],"picked":"Catalyst","floor":24},{"not_picked":["Quick Slash","Skewer+1"],"picked":"Deadly Poison+1","floor":29},{"not_picked":["Wraith Form v2","Tools of the Trade"],"picked":"Phantasmal Killer","floor":33},{"not_picked":["Endless Agony+1"],"picked":"SKIP","floor":35},{"not_picked":[],"picked":"Bane","floor":36},{"not_picked":[],"picked":"Master of Strategy","floor":38},{"not_picked":[],"picked":"Prepared","floor":39},{"not_picked":[],"picked":"Tactician","floor":41},{"not_picked":[],"picked":"Deflect+1","floor":45},{"not_picked":[],"picked":"Outmaneuver+1","floor":46}],"player_experience":759609,"relics_obtained":[{"floor":5,"key":"Snake Skull"},{"floor":6,"key":"Mummified Hand"},{"floor":8,"key":"Bottled Lightning"},{"floor":9,"key":"Letter Opener"},{"floor":26,"key":"Calipers"},{"floor":30,"key":"The Courier"},{"floor":31,"key":"Nilry\u0027s Codex"},{"floor":41,"key":"Blood Vial"},{"floor":43,"key":"Dead Branch"}],"event_choices":[{"damage_healed":0,"gold_gain":0,"player_choice":"Success","damage_taken":3,"relics_obtained":["Ninja Scroll"],"max_hp_gain":0,"max_hp_loss":0,"event_name":"Scrap Ooze","floor":3,"gold_loss":0},{"damage_healed":0,"gold_gain":0,"player_choice":"Grow","damage_taken":0,"max_hp_gain":0,"max_hp_loss":0,"event_name":"Living Wall","floor":4,"gold_loss":0,"cards_upgraded":["Neutralize"]},{"damage_healed":0,"gold_gain":0,"player_choice":"Searched \u00271\u0027 times","damage_taken":0,"max_hp_gain":0,"max_hp_loss":0,"event_name":"Dead Adventurer","floor":8,"gold_loss":0},{"damage_healed":0,"gold_gain":0,"player_choice":"Ignored","damage_taken":0,"max_hp_gain":0,"max_hp_loss":0,"event_name":"Liars Game","floor":10,"gold_loss":0},{"damage_healed":0,"gold_gain":0,"player_choice":"Ignored","damage_taken":0,"max_hp_gain":0,"max_hp_loss":0,"event_name":"Beggar","floor":25,"gold_loss":0},{"damage_healed":0,"gold_gain":0,"player_choice":"Simplicity","damage_taken":0,"max_hp_gain":0,"max_hp_loss":0,"event_name":"Back to Basics","floor":27,"gold_loss":0,"cards_upgraded":["Defend_G","Defend_G","Defend_G","Defend_G","Defend_G","Strike_G","Strike_G","Strike_G","Strike_G","Strike_G"]},{"damage_healed":0,"gold_gain":0,"player_choice":"Obtained Book","damage_taken":16,"max_hp_gain":0,"max_hp_loss":0,"event_name":"Cursed Tome","floor":31,"gold_loss":0},{"damage_healed":0,"gold_gain":0,"player_choice":"Bought 0 Potions","damage_taken":0,"max_hp_gain":0,"max_hp_loss":0,"event_name":"The Woman in Blue","floor":37,"gold_loss":0},{"damage_healed":0,"gold_gain":0,"player_choice":"Memory 1","damage_taken":0,"max_hp_gain":0,"max_hp_loss":0,"event_name":"SensoryStone","floor":38,"gold_loss":0},{"cards_removed":["Dagger Spray"],"damage_healed":0,"gold_gain":0,"player_choice":"Removed Attack","damage_taken":0,"max_hp_gain":0,"max_hp_loss":0,"event_name":"Falling","floor":48,"gold_loss":0}],"is_beta":false,"boss_relics":[{"not_picked":["Runic Dome","Coffee Dripper"],"picked":"White Beast Statue"},{"not_picked":["Velvet Choker","Pandora\u0027s Box"],"picked":"Busted Crown"}],"items_purged_floors":[],"is_endless":false,"potions_floor_spawned":[6,11,13,14,18,19,20,21,24,29,33,35,36,39,41,45,46],"ascension_level":0}