{"gold_per_floor":[117,117,117,137,155,155,169,169,220,239,239,251,251,271,271,271],"floor_reached":16,"playtime":954,"items_purged":[],"score":103,"play_id":"5a6690c8-1d66-4290-b2b4-6f29f95e90d9","local_time":"20180810093750","is_ascension_mode":true,"campfire_choices":[{"data":"Fire Breathing","floor":6,"key":"SMITH"},{"data":"Metallicize","floor":8,"key":"SMITH"},{"data":"Flex","floor":11,"key":"SMITH"},{"data":"Juggernaut","floor":15,"key":"SMITH"}],"neow_cost":"NONE","seed_source_timestamp":3584765783451338,"circlet_count":0,"master_deck":["Strike_R+1","Strike_R+1","Strike_R","Strike_R","Strike_R","Defend_R","Defend_R","Defend_R","Defend_R","Bash","Juggernaut","Dual Wield","Fire Breathing+1","Metallicize+1","Flex+1","Cleave","Infernal Blade","Juggernaut+1"],"relics":["Burning Blood","Whetstone"],"potions_floor_usage":[10],"damage_taken":[{"damage":7,"enemies":"Small Slimes","floor":1,"turns":5},{"damage":4,"enemies":"2 Louse","floor":4,"turns":3},{"damage":6,"enemies":"Cultist","floor":5,"turns":5},{"damage":9,"enemies":"2 Fungi Beasts","floor":7,"turns":5},{"damage":7,"enemies":"Lots of Slimes","floor":10,"turns":4},{"damage":0,"enemies":"Large Slime","floor":12,"turns":5},{"damage":8,"enemies":"Blue Slaver","floor":14,"turns":4},{"damage":72,"enemies":"Hexaghost","floor":16,"turns":9}],"seed_played":"-4140674948150558341","potions_obtained":[{"floor":1,"key":"Poison Potion"},{"floor":4,"key":"Block Potion"},{"floor":10,"key":"SpeedPotion"},{"floor":12,"key":"EssenceOfSteel"}],"is_trial":false,"path_per_floor":["M","?","?","M","M","R","M","R","T","M","R","M","?","M","R"],"character_chosen":"IRONCLAD","items_purchased":[],"campfire_rested":0,"item_purchase_floors":[],"current_hp_per_floor":[79,79,79,80,80,80,77,77,77,76,76,80,72,70,70,0],"gold":271,"neow_bonus":"ONE_RANDOM_RARE_CARD","is_prod":false,"is_daily":false,"chose_seed":false,"campfire_upgraded":4,"win_rate":0,"timestamp":1533890270,"path_taken":["M","?","?","M","M","R","M","R","T","M","R","M","?","?","R","BOSS"],"build_version":"2018-08-09","purchased_purges":0,"victory":false,"max_hp_per_floor":[80,80,80,80,80,80,80,80,80,80,80,80,80,80,80,80],"card_choices":[{"not_picked":["Carnage","Body Slam"],"picked":"Dual Wield","floor":1},{"not_picked":["Wild Strike","Pommel Strike"],"picked":"Fire Breathing","floor":4},{"not_picked":["Flex","Entrench"],"picked":"Metallicize","floor":5},{"not_picked":["Warcry","Perfected Strike"],"picked":"Flex","floor":7},{"not_picked":["Twin Strike","Sever Soul"],"picked":"Cleave","floor":10},{"not_picked":["Pommel Strike","Shrug It Off"],"picked":"Infernal Blade","floor":12},{"not_picked":["Sword Boomerang","Evolve"],"picked":"Juggernaut","floor":14}],"player_experience":325907,"relics_obtained":[{"floor":9,"key":"Whetstone"}],"event_choices":[{"event_name":"Golden Wing","player_choice":"Ignored","floor":2,"damage_taken":0},{"event_name":"The Cleric","player_choice":"Leave","floor":3,"damage_taken":0},{"event_name":"Wheel of Change","player_choice":"Damage","floor":13,"damage_taken":0}],"is_beta":false,"boss_relics":[],"items_purged_floors":[],"is_endless":false,"potions_floor_spawned":[1,4,10,12],"killed_by":"Hexaghost","ascension_level":2}