{"gold_per_floor":[115,132,132,132,151,151,185,185,185,213,233,245,245,260,260,359,359,359,359,359,359,359,359,359,359,359,359,359,359,359,14,14,14,14,14,14,14,14,14,14,14,14,14,14,14,14,14,14,14,14],"floor_reached":51,"playtime":8473,"items_purged":[],"score":720,"play_id":"7234687c-560f-4590-86f4-ca581e3ec112","local_time":"20180714213650","is_ascension_mode":false,"campfire_choices":[{"data":"Crippling Poison","floor":6,"key":"SMITH"},{"floor":8,"key":"REST"},{"floor":15,"key":"REST"},{"floor":23,"key":"REST"},{"floor":25,"key":"REST"},{"floor":32,"key":"REST"},{"data":"Noxious Fumes","floor":40,"key":"SMITH"},{"data":"Panache","floor":42,"key":"SMITH"},{"data":"Well Laid Plans","floor":44,"key":"SMITH"},{"data":"Wraith Form v2","floor":49,"key":"SMITH"}],"neow_cost":"","seed_source_timestamp":0,"circlet_count":0,"master_deck":["Defend_G","Defend_G","Defend_G","Defend_G","Defend_G","Strike_G","Strike_G","Strike_G","Strike_G","Strike_G","Survivor","Neutralize","Crippling Poison+1","Dagger Throw","Acrobatics","Well Laid Plans+1","Venomology+1","Noxious Fumes+1","Poisoned Stab","Underhanded Strike","Venomology+1","Poisoned Stab+1","Deadly Poison+1","Skewer+1","Backflip+1","Flash of Steel","Poisoned Stab+1","Outmaneuver+1","Panache+1","Outmaneuver+1","Jack Of All Trades+1","Adrenaline+1","Prepared+1","Flying Knee+1","Heel Hook","Deadly Poison+1","Wraith Form v2+1","PiercingWail+1","Sucker Punch+1","Skewer"],"special_seed":17726,"relics":["Ring of the Snake","Ice Cream","Toxic Egg 2","Mercury Hourglass","Orichalcum","Ectoplasm","Pantograph","Shuriken","Lizard Tail","Bottled Flame","Bag of Marbles","Bird Faced Urn"],"potions_floor_usage":[11,12,14,16,18,18,18,18,19,19,21,21,22,22,24,27,29,29,33,35,37,37,38,39,39,41,41,45,46,46,46,46,47,48,50,50,50],"damage_taken":[{"damage":0,"enemies":"2 Louse","floor":1,"turns":3},{"damage":3,"enemies":"Small Slimes","floor":2,"turns":3},{"damage":0,"enemies":"Cultist","floor":5,"turns":4},{"damage":37,"enemies":"Lagavulin","floor":7,"turns":11},{"damage":20,"enemies":"Gremlin Nob","floor":10,"turns":4},{"damage":0,"enemies":"Large Slime","floor":11,"turns":6},{"damage":4,"enemies":"2 Fungi Beasts","floor":12,"turns":3},{"damage":0,"enemies":"Gremlin Gang","floor":14,"turns":3},{"damage":7,"enemies":"Slime Boss","floor":16,"turns":8},{"damage":8,"enemies":"Spheric Guardian","floor":18,"turns":4},{"damage":19,"enemies":"Shell Parasite","floor":19,"turns":5},{"damage":0,"enemies":"Cultist and Chosen","floor":21,"turns":4},{"damage":0,"enemies":"Slaver and Parasite","floor":22,"turns":1},{"damage":14,"enemies":"Centurion and Healer","floor":24,"turns":4},{"damage":2,"enemies":"Snecko","floor":27,"turns":3},{"damage":10,"enemies":"Gremlin Leader","floor":29,"turns":6},{"damage":5,"enemies":"Chosen and Byrds","floor":30,"turns":3},{"damage":71,"enemies":"Automaton","floor":33,"turns":8},{"damage":0,"enemies":"3 Darklings","floor":35,"turns":1},{"damage":1,"enemies":"Orb Walker","floor":37,"turns":2},{"damage":4,"enemies":"3 Darklings","floor":38,"turns":4},{"damage":2,"enemies":"Transient","floor":39,"turns":5},{"damage":17,"enemies":"2 Orb Walkers","floor":41,"turns":4},{"damage":68,"enemies":"Nemesis","floor":45,"turns":7},{"damage":3,"enemies":"Maw","floor":46,"turns":4},{"damage":0,"enemies":"Flame Bruiser 2 Orb","floor":47,"turns":3},{"damage":13,"enemies":"3 Darklings","floor":48,"turns":4},{"damage":28,"enemies":"Donu and Deca","floor":50,"turns":7}],"seed_played":"-1557900698408723444","potions_obtained":[{"floor":1,"key":"Strength Potion"},{"floor":5,"key":"SmokeBomb"},{"floor":12,"key":"Fruit Juice"},{"floor":19,"key":"SmokeBomb"},{"floor":24,"key":"LiquidBronze"},{"floor":33,"key":"LiquidBronze"},{"floor":37,"key":"Explosive Potion"},{"floor":39,"key":"FairyPotion"}],"is_trial":false,"path_per_floor":["M","M","?","?","M","R","E","R","T","E","M","M","?","M","R","B",null,"M","M","?","M","M","R","M","R","T","M","?","E","M","$","R","B",null,"M","$","M","M","M","R","E","R","T","R","E","M","M","M","R","B"],"character_chosen":"THE_SILENT","items_purchased":["Panache","Outmaneuver+1","Jack Of All Trades+1"],"campfire_rested":5,"item_purchase_floors":[31,31,31],"current_hp_per_floor":[70,67,60,60,60,60,23,44,44,24,24,25,25,30,52,45,75,67,48,48,48,48,70,56,75,75,73,59,49,44,44,66,4,75,75,75,74,70,68,68,51,51,51,51,37,38,42,37,37,46],"gold":14,"neow_bonus":"","is_prod":false,"is_daily":false,"chose_seed":false,"campfire_upgraded":5,"win_rate":0.0,"timestamp":1531600610,"path_taken":["M","M","?","?","M","R","E","R","T","E","M","M","?","?","R","BOSS","M","M","?","M","M","R","M","R","T","M","?","E","M","$","R","BOSS","M","$","M","M","M","R","E","R","T","R","E","M","M","M","R","BOSS"],"build_version":"2018-07-12","purchased_purges":0,"victory":true,"max_hp_per_floor":[70,70,70,70,70,70,70,70,70,70,70,70,70,75,75,75,75,75,75,75,75,75,75,75,75,75,75,75,75,75,75,75,75,75,75,75,75,75,75,75,75,75,75,75,75,75,75,75,75,75],"card_choices":[{"not_picked":["Calculated Gamble","Riddle With Holes"],"picked":"Crippling Poison","floor":1},{"not_picked":["Underhanded Strike","Dodge and Roll"],"picked":"Dagger Throw","floor":2},{"not_picked":["Crippling Poison","Dagger Throw"],"picked":"Acrobatics","floor":5},{"not_picked":["Backflip","PiercingWail"],"picked":"Well Laid Plans","floor":7},{"not_picked":["Deflect+1","Dagger Spray"],"picked":"Venomology+1","floor":10},{"not_picked":["Sucker Punch","Prepared+1"],"picked":"Noxious Fumes","floor":11},{"not_picked":["Dagger Spray","Calculated Gamble+1"],"picked":"Poisoned Stab","floor":12},{"not_picked":["Poisoned Stab","Backflip+1"],"picked":"Underhanded Strike","floor":14},{"not_picked":["Envenom","Doppelganger+1"],"picked":"Venomology+1","floor":16},{"not_picked":["Prepared+1","Underhanded Strike+1"],"picked":"Poisoned Stab+1","floor":18},{"not_picked":["Masterful Stab","Prepared+1"],"picked":"Deadly Poison+1","floor":19},{"not_picked":["Masterful Stab","Predator"],"picked":"Skewer+1","floor":21},{"not_picked":["Leg Sweep+1","Poisoned Stab"],"picked":"Backflip+1","floor":24},{"not_picked":["Sucker Punch","Quick Slash"],"picked":"Poisoned Stab+1","floor":29},{"not_picked":["Deflect+1","Tools of the Trade"],"picked":"Outmaneuver+1","floor":30},{"not_picked":["Unload","Doppelganger+1"],"picked":"Adrenaline+1","floor":33},{"not_picked":["Riddle With Holes","Dodge and Roll+1"],"picked":"Prepared+1","floor":37},{"not_picked":["Escape Plan+1","Masterful Stab+1"],"picked":"Flying Knee+1","floor":38},{"not_picked":["Flechettes","Footwork"],"picked":"Heel Hook","floor":39},{"not_picked":["Dagger Throw","Prepared+1"],"picked":"Deadly Poison+1","floor":41},{"not_picked":["Sucker Punch","Doppelganger+1"],"picked":"Wraith Form v2","floor":45},{"not_picked":["Quick Slash","Underhanded Strike+1"],"picked":"PiercingWail+1","floor":46},{"not_picked":["Quick Slash","Choke"],"picked":"Sucker Punch+1","floor":47},{"not_picked":["Acrobatics+1","Dodge and Roll+1"],"picked":"Skewer","floor":48}],"player_experience":15572,"relics_obtained":[{"floor":7,"key":"Toxic Egg 2"},{"floor":9,"key":"Mercury Hourglass"},{"floor":10,"key":"Orichalcum"},{"floor":26,"key":"Pantograph"},{"floor":29,"key":"Shuriken"},{"floor":41,"key":"Bottled Flame"},{"floor":43,"key":"Bag of Marbles"},{"floor":45,"key":"Bird Faced Urn"}],"event_choices":[{"event_name":"Scrap Ooze","player_choice":"success","floor":3,"damage_taken":7},{"event_name":"Golden Idol","player_choice":"Ignored","floor":4,"damage_taken":0},{"event_name":"Liars Game","player_choice":"disagreed","floor":13,"damage_taken":0},{"event_name":"Drug Dealer","player_choice":"Ignored","floor":20,"damage_taken":0},{"event_name":"Knowing Skull","player_choice":"CARD ","floor":28,"damage_taken":0}],"boss_relics":[{"not_picked":["White Beast Statue","Coffee Dripper"],"picked":"Ectoplasm"},{"not_picked":["Runic Dome","Tiny House"],"picked":"Lizard Tail"}],"items_purged_floors":[],"is_endless":false,"potions_floor_spawned":[1,5,12,14,16,19,24,27,33,37,39,41],"ascension_level":0}