{"gold_per_floor":[113,63,80,80,99,23,23,23,23,23,23,23,42,57,57,153,153,123,135,60,60,75,75,85,120,147,165,179,179,279,279,279,375,375,391,491,506,184,0,0,12,12,12,22,22,70,83,83,83,83,83,83,13,48,48],"floor_reached":55,"playtime":4064,"items_purged":[],"score":752,"play_id":"996a1ae5-a138-4ab9-9b6c-b0716481d777","local_time":"20190207161433","is_ascension_mode":false,"campfire_choices":[{"data":"Noxious Fumes","floor":7.0,"key":"SMITH"},{"data":"Footwork","floor":10.0,"key":"SMITH"},{"data":"Poisoned Stab","floor":15.0,"key":"SMITH"},{"data":"Noxious Fumes","floor":23.0,"key":"SMITH"},{"data":"Deadly Poison","floor":29.0,"key":"SMITH"},{"data":"Envenom","floor":32.0,"key":"SMITH"},{"floor":40.0,"key":"RECALL"},{"data":"Footwork","floor":42.0,"key":"SMITH"},{"data":"Crippling Poison","floor":45.0,"key":"SMITH"},{"data":"1","floor":49.0,"key":"LIFT"},{"data":"2","floor":52.0,"key":"LIFT"}],"neow_cost":"NONE","seed_source_timestamp":86000602417143,"circlet_count":0,"master_deck":["Defend_G","Defend_G","Defend_G","Defend_G","Defend_G","Strike_G+1","Strike_G+1","Survivor","Neutralize+1","Footwork+1","Backflip","Noxious Fumes+1","Poisoned Stab+1","Crippling Poison+1","Venomology","Dodge and Roll+1","Noxious Fumes+1","Ghostly","Ghostly","Ghostly","Ghostly","Ghostly","Dagger Spray+1","Deadly Poison+1","Envenom+1","Tools of the Trade","After Image","Caltrops+1","Crippling Poison+1","Footwork+1","Deadly Poison+1","Dodge and Roll+1","Noxious Fumes"],"special_seed":0,"relics":["Coffee Dripper","Incense Burner","Ornamental Fan","Lizard Tail","Bag of Marbles","Peace Pipe","Matryoshka","White Beast Statue","Calipers","Toxic Egg 2","Red Mask","Blue Candle","Whetstone","Girya","Snake Skull"],"potions_floor_usage":[55,55,55],"damage_taken":[{"damage":2.0,"enemies":"Small Slimes","floor":1.0,"turns":4.0},{"damage":0.0,"enemies":"Jaw Worm","floor":3.0,"turns":5.0},{"damage":2.0,"enemies":"2 Louse","floor":5.0,"turns":3.0},{"damage":3.0,"enemies":"Large Slime","floor":13.0,"turns":8.0},{"damage":0.0,"enemies":"Looter","floor":14.0,"turns":3.0},{"damage":3.0,"enemies":"Hexaghost","floor":16.0,"turns":9.0},{"damage":0.0,"enemies":"2 Thieves","floor":18.0,"turns":2.0},{"damage":0.0,"enemies":"Shell Parasite","floor":19.0,"turns":6.0},{"damage":7.0,"enemies":"Chosen and Byrds","floor":22.0,"turns":7.0},{"damage":13.0,"enemies":"Snecko","floor":24.0,"turns":7.0},{"damage":2.0,"enemies":"Gremlin Leader","floor":25.0,"turns":7.0},{"damage":0.0,"enemies":"Snake Plant","floor":27.0,"turns":5.0},{"damage":1.0,"enemies":"Cultist and Chosen","floor":28.0,"turns":7.0},{"damage":0.0,"enemies":"Colosseum Slavers","floor":30.0,"turns":6.0},{"damage":2.0,"enemies":"Colosseum Nobs","floor":30.0,"turns":8.0},{"damage":0.0,"enemies":"Champ","floor":33.0,"turns":11.0},{"damage":0.0,"enemies":"3 Darklings","floor":35.0,"turns":5.0},{"damage":0.0,"enemies":"Mind Bloom Boss Battle","floor":36.0,"turns":9.0},{"damage":0.0,"enemies":"Orb Walker","floor":37.0,"turns":6.0},{"damage":0.0,"enemies":"Transient","floor":41.0,"turns":5.0},{"damage":0.0,"enemies":"Jaw Worm Horde","floor":44.0,"turns":5.0},{"damage":0.0,"enemies":"2 Orb Walkers","floor":46.0,"turns":8.0},{"damage":0.0,"enemies":"4 Shapes","floor":47.0,"turns":4.0},{"damage":0.0,"enemies":"Time Eater","floor":50.0,"turns":12.0},{"damage":30.0,"enemies":"Shield and Spear","floor":54.0,"turns":7.0},{"damage":39,"enemies":"The Heart","floor":55,"turns":9}],"seed_played":"-3542152316808091959","potions_obtained":[{"floor":1.0,"key":"SkillPotion"},{"floor":5.0,"key":"SmokeBomb"},{"floor":13.0,"key":"Poison Potion"},{"floor":25.0,"key":"GhostInAJar"},{"floor":27.0,"key":"PowerPotion"},{"floor":28.0,"key":"GamblersBrew"},{"floor":30.0,"key":"Regen Potion"},{"floor":33.0,"key":"Explosive Potion"},{"floor":35.0,"key":"Poison Potion"},{"floor":36.0,"key":"PowerPotion"},{"floor":37.0,"key":"Regen Potion"},{"floor":44.0,"key":"Energy Potion"},{"floor":54.0,"key":"PowerPotion"}],"is_trial":false,"path_per_floor":["M","?","M","T","M","$","R","?","T","R","?","$","M","M","R","B",null,"M","M","$","?","M","R","M","E","T","M","M","R","?","?","R","B",null,"M","?","M","$","?","R","M","R","T","M","R","?","M","?","R","B",null,"R","$","E","B"],"character_chosen":"THE_SILENT","items_purchased":["Noxious Fumes","Noxious Fumes","Footwork","Toxic Egg 2","Noxious Fumes"],"campfire_rested":0,"item_purchase_floors":[6,20,38,38,53],"current_hp_per_floor":[68,68,68,68,66,66,66,52,52,52,52,52,49,49,49,46,70,70,70,70,35,28,28,15,13,13,13,12,12,10,10,10,25,35,35,35,35,35,35,35,35,35,35,35,35,35,35,35,35,35,35,35,35,19,0],"gold":48,"neow_bonus":"BOSS_RELIC","is_prod":false,"is_daily":false,"chose_seed":false,"campfire_upgraded":8,"win_rate":0,"timestamp":1549577673,"path_taken":["M","?","M","?","M","$","R","?","T","R","?","?","M","M","R","BOSS","M","M","$","?","M","R","M","E","T","M","M","R","?","?","R","BOSS","M","?","M","$","?","R","M","R","T","M","R","?","M","?","R","BOSS","R","$","E","BOSS"],"build_version":"2019-01-23","purchased_purges":0,"victory":false,"max_hp_per_floor":[70,70,70,70,70,70,70,70,70,70,70,70,70,70,70,70,70,70,70,70,35,35,35,35,35,35,35,35,35,35,35,35,35,35,35,35,35,35,35,35,35,35,35,35,35,35,35,35,35,35,35,35,35,35,35],"card_choices":[{"not_picked":["Acrobatics","Backstab"],"picked":"Footwork","floor":1.0},{"not_picked":["Escape Plan","PiercingWail"],"picked":"Backflip","floor":3.0},{"not_picked":["Outmaneuver","Prepared","Deflect"],"picked":"SKIP","floor":5.0},{"not_picked":["Slice","PiercingWail"],"picked":"Poisoned Stab","floor":13.0},{"not_picked":["Flying Knee","Dagger Throw"],"picked":"Crippling Poison","floor":14.0},{"not_picked":["Doppelganger","Phantasmal Killer"],"picked":"Venomology","floor":16.0},{"not_picked":["Cloak And Dagger","Backflip"],"picked":"Dodge and Roll+1","floor":19.0},{"not_picked":["Masterful Stab","Dodge and Roll","Concentrate"],"picked":"SKIP","floor":22.0},{"not_picked":["Eviscerate","Corpse Explosion"],"picked":"Dagger Spray+1","floor":24.0},{"not_picked":["Acrobatics","Flechettes","Endless Agony"],"picked":"SKIP","floor":25.0},{"not_picked":["Bane","Sucker Punch","Quick Slash"],"picked":"SKIP","floor":27.0},{"not_picked":["Quick Slash+1","Backflip"],"picked":"Deadly Poison","floor":28.0},{"not_picked":["Wraith Form v2","Bullet Time"],"picked":"After Image","floor":33.0},{"not_picked":["Riddle With Holes","Outmaneuver"],"picked":"Caltrops+1","floor":35.0},{"not_picked":["Slice","Deflect+1"],"picked":"Crippling Poison+1","floor":37.0},{"not_picked":["Slice","Blade Dance+1"],"picked":"Deadly Poison+1","floor":41.0},{"not_picked":["Cloak And Dagger+1","Tactician+1"],"picked":"Dodge and Roll+1","floor":44.0},{"not_picked":["Backstab+1","Dagger Spray","Outmaneuver+1"],"picked":"SKIP","floor":47.0},{"not_picked":["Acrobatics+1","Predator+1","Setup+1"],"picked":"SKIP","floor":54.0}],"player_experience":736813,"relics_obtained":[{"floor":4.0,"key":"Incense Burner"},{"floor":9.0,"key":"Ornamental Fan"},{"floor":25.0,"key":"Bag of Marbles"},{"floor":30.0,"key":"Peace Pipe"},{"floor":30.0,"key":"Matryoshka"},{"floor":36.0,"key":"Calipers"},{"floor":43.0,"key":"Blue Candle"},{"floor":43.0,"key":"Whetstone"},{"floor":46.0,"key":"Girya"},{"floor":54.0,"key":"Snake Skull"}],"event_choices":[{"cards_removed":["Strike_G"],"damage_healed":0.0,"max_hp_gain":0.0,"max_hp_loss":0.0,"gold_gain":0.0,"event_name":"The Cleric","player_choice":"Card Removal","floor":2.0,"gold_loss":50.0,"damage_taken":0.0},{"damage_healed":0.0,"max_hp_gain":0.0,"max_hp_loss":0.0,"gold_gain":0.0,"event_name":"Shining Light","player_choice":"Entered Light","floor":8.0,"gold_loss":0.0,"damage_taken":14.0,"cards_upgraded":["Strike_G","Strike_G"]},{"damage_healed":0.0,"max_hp_gain":0.0,"max_hp_loss":0.0,"gold_gain":0.0,"event_name":"Liars Game","player_choice":"Ignored","floor":11.0,"gold_loss":0.0,"damage_taken":0.0},{"damage_healed":0.0,"max_hp_gain":0.0,"max_hp_loss":35.0,"gold_gain":0.0,"event_name":"Ghosts","player_choice":"Became a Ghost","floor":21.0,"gold_loss":0.0,"damage_taken":0.0,"cards_obtained":["Ghostly","Ghostly","Ghostly","Ghostly","Ghostly"]},{"damage_healed":0.0,"max_hp_gain":0.0,"max_hp_loss":0.0,"gold_gain":0.0,"event_name":"Colosseum","player_choice":"Fight","floor":30.0,"gold_loss":0.0,"damage_taken":0.0},{"damage_healed":0.0,"max_hp_gain":0.0,"max_hp_loss":0.0,"gold_gain":0.0,"event_name":"Colosseum","player_choice":"Fought Nobs","floor":30.0,"gold_loss":0.0,"damage_taken":0.0},{"damage_healed":0.0,"max_hp_gain":0.0,"max_hp_loss":0.0,"gold_gain":0.0,"cards_transformed":["Strike_G","Strike_G"],"event_name":"Drug Dealer","player_choice":"Became Test Subject","floor":31.0,"gold_loss":0.0,"damage_taken":0.0,"cards_obtained":["Envenom","Tools of the Trade"]},{"damage_healed":0.0,"max_hp_gain":0.0,"max_hp_loss":0.0,"gold_gain":0.0,"event_name":"MindBloom","player_choice":"Fight","floor":36.0,"gold_loss":0.0,"damage_taken":0.0},{"damage_healed":0.0,"max_hp_gain":0.0,"max_hp_loss":0.0,"gold_gain":0.0,"event_name":"Tomb of Lord Red Mask","player_choice":"Paid","floor":39.0,"gold_loss":184.0,"damage_taken":0.0,"relics_obtained":["Red Mask"]},{"damage_healed":0.0,"max_hp_gain":0.0,"max_hp_loss":0.0,"gold_gain":0.0,"event_name":"Mysterious Sphere","player_choice":"Fight","floor":46.0,"gold_loss":0.0,"damage_taken":0.0},{"damage_healed":0.0,"max_hp_gain":0.0,"max_hp_loss":0.0,"gold_gain":0.0,"event_name":"SensoryStone","player_choice":"Memory 1","floor":48.0,"gold_loss":0.0,"damage_taken":0.0}],"is_beta":false,"boss_relics":[{"not_picked":["HoveringKite","Tiny House"],"picked":"Lizard Tail"},{"not_picked":["Philosopher\u0027s Stone","Busted Crown"],"picked":"White Beast Statue"}],"items_purged_floors":[],"is_endless":false,"potions_floor_spawned":[1,5,13,25,27,28,30,33,35,36,37,41,44,46,47,54],"killed_by":"The Heart","ascension_level":0}