{"gold_per_floor":[111,130,148,26,26,26,56,81,152,201,212,228,246,61,61,162,162,181,194,95,95,50,50],"floor_reached":23,"playtime":1301,"items_purged":["Strike_R"],"score":239,"play_id":"0ed42617-7541-466e-b79c-3dc18d9b2872","local_time":"20181204000131","is_ascension_mode":true,"campfire_choices":[{"data":"Shrug It Off","floor":6,"key":"SMITH"},{"data":"Rupture","floor":15,"key":"SMITH"}],"neow_cost":"NONE","seed_source_timestamp":987672502123261,"circlet_count":0,"master_deck":["Strike_R","Strike_R","Defend_R","Defend_R","Defend_R","Defend_R","Bash","Brutality","Combust","Shrug It Off+1","Heavy Blade","Combust","Headbutt","Twin Strike+1","Rage","Rupture+1","Iron Wave+1","Immolate+1","Shrug It Off","Bloodletting","Wild Strike+1","True Grit"],"relics":["Burning Blood","Oddly Smooth Stone","Molten Egg 2","Strawberry","Empty Cage"],"potions_floor_usage":[8,18],"damage_taken":[{"damage":9,"enemies":"Cultist","floor":1,"turns":6},{"damage":9,"enemies":"Small Slimes","floor":2,"turns":4},{"damage":0,"enemies":"2 Louse","floor":3,"turns":4},{"damage":32,"enemies":"Gremlin Nob","floor":8,"turns":4},{"damage":13,"enemies":"Blue Slaver","floor":11,"turns":4},{"damage":10,"enemies":"Gremlin Gang","floor":12,"turns":3},{"damage":2,"enemies":"3 Louse","floor":13,"turns":4},{"damage":38,"enemies":"The Guardian","floor":16,"turns":8},{"damage":18,"enemies":"Spheric Guardian","floor":18,"turns":5},{"damage":8,"enemies":"Chosen","floor":19,"turns":7},{"damage":70,"enemies":"Book of Stabbing","floor":23,"turns":6}],"seed_played":"-1893681105985612656","potions_obtained":[{"floor":1,"key":"Poison Potion"},{"floor":8,"key":"Fire Potion"},{"floor":11,"key":"BloodPotion"},{"floor":18,"key":"Explosive Potion"}],"is_trial":false,"path_per_floor":["M","M","M","$","?","R","?","E","T","T","M","M","M","$","R","B",null,"M","M","$","?","$","E"],"character_chosen":"IRONCLAD","items_purchased":["Heavy Blade","Combust","Iron Wave+1","Immolate+1","Wild Strike+1","True Grit"],"campfire_rested":0,"item_purchase_floors":[4,4,14,14,20,22],"current_hp_per_floor":[77,74,80,80,80,80,80,54,54,61,54,50,54,54,54,22,71,67,65,65,65,65,0],"gold":50,"neow_bonus":"ONE_RANDOM_RARE_CARD","is_prod":false,"is_daily":false,"chose_seed":false,"campfire_upgraded":2,"win_rate":0,"timestamp":1543903291,"path_taken":["M","M","?","$","?","R","?","E","T","?","M","?","M","$","R","BOSS","M","M","$","?","?","E"],"build_version":"2018-11-15","purchased_purges":1,"victory":false,"max_hp_per_floor":[80,80,80,80,80,80,80,80,80,87,87,87,87,87,87,87,87,87,87,87,87,87,87],"card_choices":[{"not_picked":["Feel No Pain","Wild Strike"],"picked":"Combust","floor":1},{"not_picked":["Evolve","Twin Strike"],"picked":"Shrug It Off","floor":2},{"not_picked":["Body Slam","Uppercut","Clothesline"],"picked":"SKIP","floor":3},{"not_picked":["Body Slam","Wild Strike"],"picked":"Headbutt","floor":8},{"not_picked":["Sever Soul+1","Heavy Blade+1"],"picked":"Twin Strike+1","floor":11},{"not_picked":["Dropkick+1","Evolve"],"picked":"Rage","floor":12},{"not_picked":["Pommel Strike+1","Offering"],"picked":"Rupture","floor":13},{"not_picked":["Wild Strike+1","Thunderclap+1"],"picked":"Shrug It Off","floor":18},{"not_picked":["Headbutt+1","Warcry+1"],"picked":"Bloodletting","floor":19}],"player_experience":632270,"relics_obtained":[{"floor":8,"key":"Oddly Smooth Stone"},{"floor":9,"key":"Molten Egg 2"},{"floor":10,"key":"Strawberry"}],"event_choices":[{"damage_healed":0,"gold_gain":0,"player_choice":"Ignored","damage_taken":0,"max_hp_gain":0,"max_hp_loss":0,"event_name":"Golden Idol","floor":5,"gold_loss":0},{"damage_healed":0,"gold_gain":30,"player_choice":"Searched \u00271\u0027 times","damage_taken":0,"max_hp_gain":0,"max_hp_loss":0,"event_name":"Dead Adventurer","floor":7,"gold_loss":0},{"damage_healed":0,"gold_gain":0,"player_choice":"Bought 0 Potions","damage_taken":0,"max_hp_gain":0,"max_hp_loss":0,"event_name":"The Woman in Blue","floor":21,"gold_loss":0}],"is_beta":false,"boss_relics":[{"not_picked":["Orrery","Velvet Choker"],"picked":"Empty Cage"}],"items_purged_floors":[20],"is_endless":false,"potions_floor_spawned":[1,8,11,18],"killed_by":"Book of Stabbing","ascension_level":5}