{"path_per_floor":["M","M","M","?","$","E","R","M","T","M","E","M","M","$","R","B",null,"M","$","?","M","M","R","M","?","T","R","?","M","T","M","R"],"character_chosen":"IRONCLAD","items_purchased":["Bloodletting","Clash","Pen Nib"],"gold_per_floor":[112,127,142,92,57,88,88,101,126,146,180,196,206,154,154,250,250,267,41,41,57,70,70,85,85,138,138,38,48,48,68,68,68],"floor_reached":33,"campfire_rested":4,"playtime":1795,"current_hp_per_floor":[80,76,76,76,76,61,61,65,65,57,31,21,9,9,48,7,80,57,57,57,44,16,40,25,25,25,49,49,31,31,20,46,0],"items_purged":["Bloodletting"],"gold":68,"score":287,"play_id":"0cf33c50-ca03-417d-864a-875d31617b47","local_time":"20180324013539","is_prod":false,"is_daily":false,"is_ascension_mode":false,"campfire_upgraded":1,"timestamp":1521873339,"path_taken":["M","M","M","?","?","E","R","M","T","M","E","M","?","$","R","BOSS","M","$","?","?","M","R","M","?","T","R","?","?","?","M","R","BOSS"],"build_version":"2018-03-22v2","purchased_purges":1,"victory":false,"master_deck":["Strike_R","Strike_R","Strike_R","Strike_R","Strike_R","Defend_R","Defend_R","Defend_R","Bash+1","Blood for Blood","Combust+1","Spot Weakness","Rampage","Barricade","Rage","Clash","Clash","Limit Break","Clash","Clash+1","Perfected Strike","Writhe","Perfected Strike","J.A.X.","Clash","Inflame"],"max_hp_per_floor":[80,80,80,80,80,80,80,80,80,80,80,80,80,80,80,80,80,80,80,80,80,80,80,80,80,80,80,80,80,80,80,82,82],"relics":["Burning Blood","Mummified Hand","Lantern","Sozu","Pen Nib","Nloth\u0027s Gift","Dream Catcher","Tiny Chest","Singing Bowl"],"card_choices":[{"not_picked":["Anger","Armaments"],"picked":"Blood for Blood","floor":2},{"not_picked":["Wild Strike","Reckless Charge"],"picked":"Combust","floor":3},{"not_picked":["Heavy Blade","Iron Wave"],"picked":"Spot Weakness","floor":8},{"not_picked":["Anger","Headbutt"],"picked":"Rampage","floor":10},{"not_picked":["Fire Breathing","Clothesline"],"picked":"Barricade","floor":11},{"not_picked":["Rampage","Twin Strike"],"picked":"Rage","floor":12},{"not_picked":["Headbutt","Clothesline"],"picked":"Clash","floor":13},{"not_picked":["Reaper","Offering"],"picked":"Limit Break","floor":16},{"not_picked":["Perfected Strike","Evolve"],"picked":"Clash","floor":18},{"not_picked":["Intimidate","Armaments"],"picked":"Clash","floor":21},{"not_picked":["Warcry","Brutality"],"picked":"Perfected Strike","floor":24},{"not_picked":["Havoc","Hemokinesis"],"picked":"Perfected Strike","floor":27},{"not_picked":["Pommel Strike","Havoc"],"picked":"Clash","floor":29},{"not_picked":["Dropkick","Disarm"],"picked":"Inflame","floor":31}],"player_experience":216635,"potions_floor_usage":[8,11],"damage_taken":[{"damage":5,"enemies":"2 Louse","floor":1,"turns":3},{"damage":10,"enemies":"Small Slimes","floor":2,"turns":4},{"damage":6,"enemies":"Jaw Worm","floor":3,"turns":3},{"damage":21,"enemies":"3 Sentries","floor":6,"turns":5},{"damage":2,"enemies":"Exordium Thugs","floor":8,"turns":3},{"damage":14,"enemies":"Red Slaver","floor":10,"turns":4},{"damage":32,"enemies":"Lagavulin","floor":11,"turns":5},{"damage":16,"enemies":"Exordium Wildlife","floor":12,"turns":3},{"damage":18,"enemies":"Lots of Slimes","floor":13,"turns":3},{"damage":47,"enemies":"Hexaghost","floor":16,"turns":7},{"damage":29,"enemies":"2 Thieves","floor":18,"turns":3},{"damage":19,"enemies":"Spheric Guardian","floor":21,"turns":4},{"damage":34,"enemies":"Slaver and Parasite","floor":22,"turns":4},{"damage":21,"enemies":"Sentry and Sphere","floor":24,"turns":4},{"damage":24,"enemies":"Snecko","floor":29,"turns":5},{"damage":17,"enemies":"3 Cultists","floor":31,"turns":4},{"damage":46,"enemies":"Champ","floor":33,"turns":6}],"event_choices":[{"event_name":"The Cleric","player_choice":"Card Removal","floor":4,"damage_taken":0},{"event_name":"N\u0027loth","player_choice":"Traded a Regal Pillow","floor":20,"damage_taken":0},{"event_name":"The Mausoleum","player_choice":"Yes","floor":25,"damage_taken":0},{"event_name":"Drug Dealer","player_choice":"Got JAXXED","floor":28,"damage_taken":0}],"boss_relics":[{"not_picked":["Calling Bell","Black Star"],"picked":"Sozu"}],"potions_floor_spawned":[1,2,3,8,13,18],"seed_played":"5203036958528048718","killed_by":"Champ","ascension_level":0,"is_trial":false}