{"gold_per_floor":[110,128,128,139,155,155,168,197,270,270,280,301,301,320,320,425,425,380,380,380,380,380,380,380,380,380,380,380,380,380,295,295,295,295,295,295,295,295,295,295,295,90,90,90,90,90,90,15,15,15],"floor_reached":51,"playtime":3861,"items_purged":["Defend_B"],"score":805,"play_id":"bae7a632-b9f0-4e96-87fd-bc409389bc0c","local_time":"20181110162850","is_ascension_mode":true,"campfire_choices":[{"data":"Dualcast","floor":6,"key":"SMITH"},{"floor":10,"key":"REST"},{"data":"Conserve Battery","floor":13,"key":"SMITH"},{"floor":15,"key":"REST"},{"data":"Undo","floor":23,"key":"SMITH"},{"floor":28,"key":"REST"},{"floor":32,"key":"REST"},{"data":"1","floor":41,"key":"LIFT"},{"data":"2","floor":45,"key":"LIFT"},{"floor":49,"key":"REST"}],"neow_cost":"NONE","seed_source_timestamp":418052754417680,"circlet_count":0,"master_deck":["Strike_B","Strike_B","Strike_B","Defend_B","Defend_B+1","Defend_B","Zap+1","Dualcast+1","Leap","Tempest","Ball Lightning","Conserve Battery+1","Streamline","Electrodynamics","Ball Lightning","Undo+1","Leap","BootSequence","Echo Form","Melter+1","Steam+1","Leap","FTL+1","Self Repair+1","Redo","Rebound+1","Buffer","Madness","Madness","Conserve Battery+1","Stack","Multi-Cast","Redo+1"],"relics":["Cracked Core","DataDisk","Dream Catcher","Ornamental Fan","Odd Mushroom","Ectoplasm","Red Mask","Girya","Emotion Chip","Lantern","Runic Pyramid","MawBank","PreservedInsect","Regal Pillow","Strawberry","Potion Belt"],"potions_floor_usage":[8,38,50,50],"damage_taken":[{"damage":0,"enemies":"Cultist","floor":1,"turns":3},{"damage":7,"enemies":"Jaw Worm","floor":2,"turns":3},{"damage":0,"enemies":"2 Louse","floor":4,"turns":2},{"damage":6,"enemies":"2 Fungi Beasts","floor":5,"turns":3},{"damage":10,"enemies":"Large Slime","floor":7,"turns":3},{"damage":14,"enemies":"Lagavulin","floor":8,"turns":4},{"damage":8,"enemies":"Exordium Thugs","floor":11,"turns":3},{"damage":3,"enemies":"The Mushroom Lair","floor":12,"turns":2},{"damage":9,"enemies":"3 Louse","floor":14,"turns":3},{"damage":16,"enemies":"Hexaghost","floor":16,"turns":9},{"damage":2,"enemies":"2 Thieves","floor":18,"turns":3},{"damage":17,"enemies":"Masked Bandits","floor":19,"turns":3},{"damage":4,"enemies":"Colosseum Slavers","floor":20,"turns":3},{"damage":0,"enemies":"Chosen","floor":22,"turns":3},{"damage":25,"enemies":"Book of Stabbing","floor":24,"turns":6},{"damage":1,"enemies":"Shelled Parasite and Fungi","floor":25,"turns":3},{"damage":0,"enemies":"Centurion and Healer","floor":27,"turns":5},{"damage":18,"enemies":"Snecko","floor":29,"turns":4},{"damage":0,"enemies":"Shelled Parasite and Fungi","floor":30,"turns":4},{"damage":73,"enemies":"Collector","floor":33,"turns":14},{"damage":0,"enemies":"Orb Walker","floor":35,"turns":5},{"damage":18,"enemies":"3 Darklings","floor":38,"turns":5},{"damage":0,"enemies":"Giant Head","floor":40,"turns":11},{"damage":28,"enemies":"Reptomancer","floor":44,"turns":6},{"damage":17,"enemies":"Giant Head","floor":46,"turns":10},{"damage":0,"enemies":"Spire Growth","floor":47,"turns":5},{"damage":43,"enemies":"Time Eater","floor":50,"turns":12}],"seed_played":"3514388250532632901","potions_obtained":[{"floor":4,"key":"Regen Potion"},{"floor":5,"key":"FairyPotion"},{"floor":7,"key":"Fire Potion"},{"floor":14,"key":"EntropicBrew"},{"floor":16,"key":"Ancient Potion"},{"floor":38,"key":"Dexterity Potion"}],"is_trial":false,"path_per_floor":["M","M","?","M","M","R","M","E","T","R","M","?","R","M","R","B",null,"M","?","?","?","M","R","E","M","T","M","R","M","M","?","R","B",null,"M","?","?","M","?","E","R","$","T","E","R","E","M","$","R","B",null],"character_chosen":"DEFECT","items_purchased":["Stack","PreservedInsect"],"campfire_rested":5,"item_purchase_floors":[42,42],"current_hp_per_floor":[75,68,53,53,47,47,37,35,35,57,49,46,46,37,59,43,75,73,56,52,52,52,52,27,26,26,26,48,30,40,40,62,12,75,75,66,66,58,58,68,68,68,68,57,57,40,50,50,82,49],"gold":15,"neow_bonus":"RANDOM_COMMON_RELIC","is_prod":false,"is_daily":false,"chose_seed":false,"campfire_upgraded":3,"win_rate":0,"timestamp":1541888930,"path_taken":["M","?","?","M","M","R","M","E","T","R","M","?","R","M","R","BOSS","M","?","?","?","?","R","E","M","T","M","R","M","M","?","R","BOSS","M","?","?","?","?","E","R","$","T","E","R","E","M","$","R","BOSS"],"build_version":"2018-11-08","purchased_purges":1,"victory":true,"max_hp_per_floor":[75,75,75,75,75,75,75,75,75,75,75,75,75,75,75,75,75,75,75,75,75,75,75,75,75,75,75,75,75,75,75,75,75,75,75,75,75,75,75,75,75,75,75,82,82,82,82,82,82,82],"card_choices":[{"not_picked":["Aggregate","Coolheaded"],"picked":"Leap","floor":1},{"not_picked":["Doom and Gloom","Leap"],"picked":"Tempest","floor":2},{"not_picked":["Steam Power","Compile Driver"],"picked":"Ball Lightning","floor":4},{"not_picked":["Steam Power","Cold Snap"],"picked":"Conserve Battery","floor":5},{"not_picked":["Steam","Sweeping Beam"],"picked":"Streamline","floor":7},{"not_picked":["Turbo","Force Field"],"picked":"Electrodynamics","floor":8},{"not_picked":["FTL","Lockon"],"picked":"Ball Lightning","floor":10},{"not_picked":["Darkness","Gash"],"picked":"Undo","floor":11},{"not_picked":["Streamline","Gash"],"picked":"Leap","floor":14},{"not_picked":["Hologram","Chill"],"picked":"BootSequence","floor":15},{"not_picked":["Thunder Strike","Multi-Cast"],"picked":"Echo Form","floor":16},{"not_picked":["Force Field+1","Hologram","Storm"],"picked":"SKIP","floor":18},{"not_picked":["Leap","Barrage"],"picked":"Melter+1","floor":19},{"not_picked":["Ball Lightning","Barrage"],"picked":"Steam+1","floor":22},{"not_picked":["Capacitor","Tempest","Rebound"],"picked":"SKIP","floor":24},{"not_picked":["Scrape","Hologram+1"],"picked":"Leap","floor":25},{"not_picked":["Turbo","Static Discharge","Steam Power"],"picked":"SKIP","floor":27},{"not_picked":["Doom and Gloom","Capacitor+1"],"picked":"FTL+1","floor":28},{"not_picked":["Darkness","Go for the Eyes"],"picked":"Self Repair+1","floor":29},{"not_picked":["Tempest","Gash+1"],"picked":"Redo","floor":30},{"not_picked":["Streamline+1","Compile Driver+1"],"picked":"Rebound+1","floor":32},{"not_picked":["Amplify","Thunder Strike"],"picked":"Buffer","floor":33},{"not_picked":["Compile Driver+1","Conserve Battery+1","Ball Lightning"],"picked":"SKIP","floor":35},{"not_picked":["BootSequence+1","Coolheaded","Barrage"],"picked":"SKIP","floor":38},{"not_picked":["Skim","Chill","Rebound+1"],"picked":"SKIP","floor":40},{"not_picked":["Sunder+1","Stack+1"],"picked":"Multi-Cast","floor":44},{"not_picked":["Rebound+1","Genetic Algorithm","Blizzard"],"picked":"SKIP","floor":46},{"not_picked":["Chill","Rebound"],"picked":"Redo+1","floor":47}],"player_experience":546779,"relics_obtained":[{"floor":8,"key":"Dream Catcher"},{"floor":9,"key":"Ornamental Fan"},{"floor":12,"key":"Odd Mushroom"},{"floor":19,"key":"Red Mask"},{"floor":24,"key":"Girya"},{"floor":26,"key":"Emotion Chip"},{"floor":40,"key":"MawBank"},{"floor":43,"key":"Regal Pillow"},{"floor":44,"key":"Strawberry"},{"floor":46,"key":"Potion Belt"}],"event_choices":[{"damage_healed":0,"gold_gain":0,"player_choice":"Entered Light","damage_taken":15,"max_hp_gain":0,"max_hp_loss":0,"event_name":"Shining Light","floor":3,"gold_loss":0,"cards_upgraded":["Defend_B","Zap"]},{"damage_healed":0,"gold_gain":0,"player_choice":"Fought Mushrooms","damage_taken":0,"max_hp_gain":0,"max_hp_loss":0,"event_name":"Mushrooms","floor":12,"gold_loss":0},{"damage_healed":0,"gold_gain":0,"player_choice":"Fought Bandits","damage_taken":0,"max_hp_gain":0,"max_hp_loss":0,"event_name":"Masked Bandits","floor":19,"gold_loss":0},{"damage_healed":0,"gold_gain":0,"player_choice":"Fight","damage_taken":0,"max_hp_gain":0,"max_hp_loss":0,"event_name":"Colosseum","floor":20,"gold_loss":0},{"damage_healed":0,"gold_gain":0,"player_choice":"Fled From Nobs","damage_taken":0,"max_hp_gain":0,"max_hp_loss":0,"event_name":"Colosseum","floor":20,"gold_loss":0},{"damage_healed":0,"gold_gain":0,"cards_transformed":["Strike_B"],"player_choice":"Transformed","damage_taken":0,"max_hp_gain":0,"max_hp_loss":0,"event_name":"Transmorgrifier","floor":21,"gold_loss":0,"cards_obtained":["Biased Cognition"]},{"damage_healed":0,"gold_gain":0,"player_choice":"Obtained Relic","damage_taken":0,"relics_obtained":["Lantern"],"max_hp_gain":0,"max_hp_loss":0,"event_name":"Addict","floor":31,"gold_loss":85},{"damage_healed":0,"gold_gain":0,"player_choice":"Embrace Madness","damage_taken":9,"max_hp_gain":0,"max_hp_loss":0,"event_name":"Winding Halls","floor":36,"gold_loss":0,"cards_obtained":["Madness","Madness"]},{"cards_removed":["Biased Cognition"],"damage_healed":0,"gold_gain":0,"player_choice":"Purged","damage_taken":0,"max_hp_gain":0,"max_hp_loss":0,"event_name":"Purifier","floor":37,"gold_loss":0},{"damage_healed":0,"gold_gain":0,"player_choice":"Copied","damage_taken":0,"max_hp_gain":0,"max_hp_loss":0,"event_name":"Duplicator","floor":39,"gold_loss":0,"cards_obtained":["Conserve Battery"]}],"is_beta":false,"boss_relics":[{"not_picked":["Velvet Choker","Lizard Tail"],"picked":"Ectoplasm"},{"not_picked":["Snecko Eye","Empty Cage"],"picked":"Runic Pyramid"}],"items_purged_floors":[48],"is_endless":false,"potions_floor_spawned":[4,5,7,14,16,20,22,25,27,29,38],"ascension_level":2}