{"gold_per_floor":[117,392,407,421,346,346,361,361,361,371,385,86,86,100,100,100],"floor_reached":16,"playtime":670,"items_purged":["Regret","Strike_B"],"score":127,"play_id":"f996ffc4-0b62-46e2-b0fe-b156788f8205","local_time":"20191001135805","is_ascension_mode":true,"campfire_choices":[{"data":"White Noise","floor":6,"key":"SMITH"},{"data":"Zap","floor":8,"key":"SMITH"},{"data":"Stack","floor":13,"key":"SMITH"},{"data":"Auto Shields","floor":15,"key":"SMITH"}],"neow_cost":"NONE","seed_source_timestamp":736383546491200,"circlet_count":0,"master_deck":["Strike_B","Strike_B","Strike_B","Defend_B","Defend_B","Defend_B","Defend_B","Zap+1","Dualcast","Ball Lightning","Stack+1","White Noise+1","BootSequence","Leap","Streamline","Auto Shields+1"],"relics":["Cracked Core","Sundial","Blood Vial"],"potions_floor_usage":[11],"damage_taken":[{"damage":6,"enemies":"Cultist","floor":1,"turns":3},{"damage":8,"enemies":"2 Louse","floor":3,"turns":2},{"damage":5,"enemies":"Small Slimes","floor":4,"turns":3},{"damage":26,"enemies":"Exordium Thugs","floor":7,"turns":6},{"damage":3,"enemies":"Lots of Slimes","floor":10,"turns":4},{"damage":0,"enemies":"Gremlin Gang","floor":11,"turns":4},{"damage":0,"enemies":"Exordium Thugs","floor":14,"turns":4},{"damage":33,"enemies":"Slime Boss","floor":16,"turns":3}],"seed_played":"-7597630661921872449","potions_obtained":[{"floor":1,"key":"Strength Potion"},{"floor":10,"key":"Fire Potion"}],"is_trial":false,"path_per_floor":["M","?","M","M","$","R","M","R","T","M","M","$","R","M","R","B"],"character_chosen":"DEFECT","items_purchased":["Blood Vial","Streamline"],"campfire_rested":0,"item_purchase_floors":[12,12],"current_hp_per_floor":[69,69,61,56,56,56,30,30,30,27,27,27,27,29,29,0],"gold":100,"neow_bonus":"TEN_PERCENT_HP_BONUS","is_prod":false,"is_daily":false,"chose_seed":false,"campfire_upgraded":4,"win_rate":0,"timestamp":1569956285,"path_taken":["M","?","M","?","$","R","M","R","T","M","M","?","R","M","R","BOSS"],"build_version":"2019-07-17","purchased_purges":2,"victory":false,"max_hp_per_floor":[82,82,82,82,82,82,82,82,82,82,82,82,82,82,82,82],"card_choices":[{"not_picked":["Heatsinks","FTL"],"picked":"Ball Lightning","floor":1},{"not_picked":["Beam Cell","Sweeping Beam"],"picked":"Stack","floor":3},{"not_picked":["Gash","Scrape"],"picked":"White Noise","floor":4},{"not_picked":["Compile Driver","Cold Snap"],"picked":"BootSequence","floor":7},{"not_picked":["Aggregate","Scrape","Reboot"],"picked":"SKIP","floor":10},{"not_picked":["Barrage","Chaos"],"picked":"Leap","floor":11},{"not_picked":["Steam Power","Turbo"],"picked":"Auto Shields","floor":14}],"player_experience":772483,"relics_obtained":[{"floor":9,"key":"Sundial"}],"event_choices":[{"damage_healed":0,"gold_gain":275,"player_choice":"Desecrate","damage_taken":0,"max_hp_gain":0,"max_hp_loss":0,"event_name":"Golden Shrine","floor":2,"gold_loss":0,"cards_obtained":["Regret"]}],"is_beta":false,"boss_relics":[],"items_purged_floors":[5,12],"is_endless":false,"potions_floor_spawned":[1,10],"killed_by":"Slime Boss","ascension_level":7}