{"gold_per_floor":[16,34,34,53,68,68,88,88,113,113,142,142,160,160,160,260,260,270,66,84,183,203,203,232,232],"floor_reached":25,"playtime":1896,"items_purged":[],"score":268,"play_id":"c158282b-d2e5-4f92-8933-35d4caa61a26","local_time":"20181118193317","is_ascension_mode":true,"campfire_choices":[{"data":"Zap","floor":6,"key":"SMITH"},{"data":"Redo","floor":8,"key":"SMITH"},{"data":"Fusion","floor":10,"key":"SMITH"},{"data":"Dualcast","floor":12,"key":"SMITH"},{"floor":15,"key":"REST"},{"floor":23,"key":"REST"}],"neow_cost":"NO_GOLD","seed_source_timestamp":1122323476744484,"circlet_count":0,"master_deck":["Strike_B","Strike_B","Strike_B","Strike_B","Defend_B+1","Defend_B","Defend_B","Defend_B","Zap+1","Dualcast+1","Biased Cognition","Blizzard","Leap","Fusion+1","Redo+1","Ball Lightning","FTL","Sunder","Seek","Leap+1","Undo","Leap"],"relics":["Cracked Core","Pen Nib","Ancient Tea Set","PreservedInsect","Sozu","War Paint","Lantern"],"potions_floor_usage":[22],"damage_taken":[{"damage":0,"enemies":"Small Slimes","floor":1,"turns":3},{"damage":0,"enemies":"2 Louse","floor":2,"turns":1},{"damage":2,"enemies":"Jaw Worm","floor":4,"turns":4},{"damage":0,"enemies":"Large Slime","floor":5,"turns":4},{"damage":12,"enemies":"Exordium Wildlife","floor":7,"turns":2},{"damage":21,"enemies":"3 Sentries","floor":11,"turns":5},{"damage":13,"enemies":"Blue Slaver","floor":13,"turns":3},{"damage":29,"enemies":"The Guardian","floor":16,"turns":10},{"damage":21,"enemies":"3 Byrds","floor":18,"turns":4},{"damage":3,"enemies":"Spheric Guardian","floor":20,"turns":3},{"damage":28,"enemies":"Centurion and Healer","floor":22,"turns":7},{"damage":40,"enemies":"Slavers","floor":24,"turns":6}],"seed_played":"3093012972360436602","potions_obtained":[{"floor":2,"key":"GamblersBrew"},{"floor":7,"key":"SteroidPotion"},{"floor":16,"key":"SkillPotion"}],"is_trial":false,"path_per_floor":["M","M","$","M","M","R","M","R","T","R","E","R","M","?","R","B",null,"M","$","M","?","M","R","E","R"],"character_chosen":"DEFECT","items_purchased":["Leap","War Paint"],"campfire_rested":2,"item_purchase_floors":[19,19],"current_hp_per_floor":[75,75,75,73,73,73,61,61,61,61,40,40,27,20,42,13,75,54,54,51,51,23,45,5,5],"gold":232,"neow_bonus":"THREE_RARE_CARDS","is_prod":false,"is_daily":false,"chose_seed":false,"campfire_upgraded":4,"win_rate":0,"timestamp":1542591197,"path_taken":["M","M","$","M","M","R","M","R","T","R","E","R","M","?","R","BOSS","M","$","M","?","M","R","E","R"],"build_version":"2018-11-15","purchased_purges":0,"victory":false,"max_hp_per_floor":[75,75,75,75,75,75,75,75,75,75,75,75,75,75,75,75,75,75,75,75,75,75,75,75,75],"card_choices":[{"not_picked":["Amplify","Thunder Strike"],"picked":"Biased Cognition","floor":0},{"not_picked":["Gash","Go for the Eyes"],"picked":"Blizzard","floor":1},{"not_picked":["Stack","Redo"],"picked":"Leap","floor":2},{"not_picked":["Sweeping Beam","Compile Driver"],"picked":"Fusion","floor":4},{"not_picked":["Turbo","Blizzard"],"picked":"Redo","floor":5},{"not_picked":["Genetic Algorithm","Stack"],"picked":"Ball Lightning","floor":7},{"not_picked":["Machine Learning","Doom and Gloom"],"picked":"FTL","floor":11},{"not_picked":["Sweeping Beam","Storm"],"picked":"Sunder","floor":13},{"not_picked":["Biased Cognition","Fission"],"picked":"Seek","floor":16},{"not_picked":["Ball Lightning","Barrage","Cold Snap"],"picked":"SKIP","floor":18},{"not_picked":["Gash","Redo"],"picked":"Undo","floor":20},{"not_picked":["Turbo","Recycle"],"picked":"Leap","floor":22},{"not_picked":["Streamline","Coolheaded","Multi-Cast"],"picked":"SKIP","floor":24}],"player_experience":594435,"relics_obtained":[{"floor":9,"key":"Pen Nib"},{"floor":11,"key":"Ancient Tea Set"},{"floor":24,"key":"Lantern"}],"event_choices":[{"damage_healed":0,"gold_gain":0,"player_choice":"Success","damage_taken":7,"relics_obtained":["PreservedInsect"],"max_hp_gain":0,"max_hp_loss":0,"event_name":"Scrap Ooze","floor":14,"gold_loss":0},{"damage_healed":0,"gold_gain":99,"player_choice":"Stole From Cult","damage_taken":0,"max_hp_gain":0,"max_hp_loss":0,"event_name":"Nest","floor":21,"gold_loss":0}],"is_beta":false,"boss_relics":[{"not_picked":["Orrery","Velvet Choker"],"picked":"Sozu"}],"items_purged_floors":[],"is_endless":false,"potions_floor_spawned":[2,7,16,22,24],"ascension_level":4}