{"gold_per_floor":[12,22,36,53,53,53,86,86,137,137,59,59,92,104,104,201,201,211,12,112,61,78,78,78,97,97,125,125,160,85,99,99,99],"floor_reached":33,"playtime":1617,"items_purged":["Bash"],"score":381,"play_id":"b70f0c39-bcdf-40c0-885e-ab5672c6060c","local_time":"20190121202336","is_ascension_mode":true,"campfire_choices":[{"data":"True Grit","floor":6,"key":"SMITH"},{"data":"Perfected Strike","floor":10,"key":"SMITH"},{"data":"Carnage","floor":12,"key":"SMITH"},{"data":"Pommel Strike","floor":15,"key":"SMITH"},{"data":"Armaments","floor":23,"key":"SMITH"},{"data":"Havoc","floor":24,"key":"SMITH"},{"floor":32,"key":"REST"}],"neow_cost":"NO_GOLD","seed_source_timestamp":98174965093503,"circlet_count":0,"master_deck":["Strike_R","Strike_R","Strike_R","Strike_R","Strike_R","Defend_R","Defend_R","Defend_R","Defend_R","Pommel Strike+1","True Grit+1","Twin Strike","Perfected Strike+1","Carnage+1","Perfected Strike","Demon Form","Havoc+1","Armaments+1","Cleave","Pommel Strike+1"],"relics":["Burning Blood","WingedGreaves","Bronze Scales","Sundial","Strawberry","Happy Flower","Self Forming Clay","Sozu","Frozen Eye","Oddly Smooth Stone","Bottled Lightning"],"potions_floor_usage":[7,13,16],"damage_taken":[{"damage":6,"enemies":"Cultist","floor":1,"turns":3},{"damage":8,"enemies":"2 Louse","floor":2,"turns":2},{"damage":2,"enemies":"Jaw Worm","floor":3,"turns":4},{"damage":24,"enemies":"Lots of Slimes","floor":4,"turns":7},{"damage":18,"enemies":"Gremlin Nob","floor":7,"turns":3},{"damage":11,"enemies":"Lagavulin","floor":13,"turns":3},{"damage":0,"enemies":"Blue Slaver","floor":14,"turns":3},{"damage":20,"enemies":"The Guardian","floor":16,"turns":8},{"damage":3,"enemies":"Chosen","floor":18,"turns":3},{"damage":6,"enemies":"2 Thieves","floor":22,"turns":3},{"damage":20,"enemies":"Centurion and Healer","floor":25,"turns":4},{"damage":24,"enemies":"Book of Stabbing","floor":27,"turns":4},{"damage":17,"enemies":"Slavers","floor":29,"turns":5},{"damage":8,"enemies":"Snake Plant","floor":31,"turns":2},{"damage":75,"enemies":"Collector","floor":33,"turns":7}],"seed_played":"-1247718580964856622","potions_obtained":[{"floor":4,"key":"Explosive Potion"},{"floor":7,"key":"Fire Potion"},{"floor":13,"key":"Dexterity Potion"},{"floor":14,"key":"Block Potion"}],"is_trial":false,"path_per_floor":["M","M","M","M","?","R","E","T","T","R","$","R","E","M","R","B",null,"M","$","?","$","M","R","R","M","T","E","?","E","$","M","R","B"],"character_chosen":"IRONCLAD","items_purchased":["Carnage","Frozen Eye","Havoc"],"campfire_rested":1,"item_purchase_floors":[11,19,21],"current_hp_per_floor":[72,70,74,56,49,49,37,44,44,44,44,44,39,45,45,31,73,76,76,76,76,76,76,76,62,62,44,44,33,33,31,57,0],"gold":99,"neow_bonus":"ONE_RARE_RELIC","is_prod":false,"is_daily":false,"chose_seed":false,"campfire_upgraded":6,"win_rate":0,"timestamp":1548123816,"path_taken":["M","M","M","?","?","R","E","?","T","R","$","R","E","M","R","BOSS","M","?","?","$","?","R","R","M","T","E","?","E","$","M","R","BOSS"],"build_version":"2019-01-17v2","purchased_purges":1,"victory":false,"max_hp_per_floor":[80,80,80,80,80,80,80,87,87,87,87,87,87,87,87,87,87,87,87,87,87,87,87,87,87,87,87,87,87,87,87,87,87],"card_choices":[{"not_picked":["Shrug It Off","Bloodletting"],"picked":"Pommel Strike","floor":1},{"not_picked":["Havoc","Sword Boomerang"],"picked":"True Grit","floor":2},{"not_picked":["Anger","Feel No Pain","Heavy Blade"],"picked":"SKIP","floor":3},{"not_picked":["Perfected Strike","Entrench"],"picked":"Twin Strike","floor":4},{"not_picked":["Reckless Charge","Bloodletting"],"picked":"Perfected Strike","floor":7},{"not_picked":["Dual Wield","Fiend Fire"],"picked":"Perfected Strike","floor":13},{"not_picked":["Combust","Fire Breathing","Twin Strike"],"picked":"SKIP","floor":14},{"not_picked":["Double Tap","Limit Break"],"picked":"Demon Form","floor":16},{"not_picked":["Anger","Havoc","Feel No Pain+1"],"picked":"SKIP","floor":18},{"not_picked":["Sentinel","Uppercut"],"picked":"Armaments","floor":22},{"not_picked":["Warcry","Thunderclap+1"],"picked":"Cleave","floor":25},{"not_picked":["Sever Soul","Searing Blow","Headbutt"],"picked":"SKIP","floor":27},{"not_picked":["Clash","Wild Strike"],"picked":"Pommel Strike+1","floor":29},{"not_picked":["Rampage+1","Headbutt","Brutality"],"picked":"SKIP","floor":31}],"player_experience":685240,"relics_obtained":[{"floor":7,"key":"Sundial"},{"floor":8,"key":"Strawberry"},{"floor":9,"key":"Happy Flower"},{"floor":13,"key":"Self Forming Clay"},{"floor":27,"key":"Oddly Smooth Stone"},{"floor":29,"key":"Bottled Lightning"}],"event_choices":[{"damage_healed":0,"gold_gain":0,"player_choice":"Success","damage_taken":7,"relics_obtained":["Bronze Scales"],"max_hp_gain":0,"max_hp_loss":0,"event_name":"Scrap Ooze","floor":5,"gold_loss":0},{"damage_healed":0,"gold_gain":100,"player_choice":"Pray","damage_taken":0,"max_hp_gain":0,"max_hp_loss":0,"event_name":"Golden Shrine","floor":20,"gold_loss":0},{"damage_healed":0,"gold_gain":0,"player_choice":"Ignored","damage_taken":0,"max_hp_gain":0,"max_hp_loss":0,"event_name":"Ghosts","floor":28,"gold_loss":0}],"is_beta":false,"boss_relics":[{"not_picked":["Fusion Hammer","Eternal Feather"],"picked":"Sozu"}],"items_purged_floors":[30],"is_endless":false,"potions_floor_spawned":[4,7,13,14,18,25,27],"killed_by":"Collector","ascension_level":6}