{"gold_per_floor":[16,116,133,144,31,31,45,45,72,72,100,30,63,78,78,182,182,195,211,113,113,132,132,152,152,177,193,193],"floor_reached":28,"playtime":1955,"items_purged":["Strike_R"],"score":288,"play_id":"4c229b31-f359-4bae-87e4-015e6b44c5a3","local_time":"20181206220043","is_ascension_mode":true,"campfire_choices":[{"data":"Rupture","floor":6,"key":"SMITH"},{"data":"Hemokinesis","floor":8,"key":"SMITH"},{"data":"Heavy Blade","floor":10,"key":"SMITH"},{"data":"Bloodletting","floor":15,"key":"SMITH"},{"floor":23,"key":"REST"},{"data":"True Grit","floor":25,"key":"SMITH"}],"neow_cost":"NO_GOLD","seed_source_timestamp":1238971250743210,"circlet_count":0,"master_deck":["Strike_R+1","Strike_R","Strike_R+1","Strike_R","Defend_R","Defend_R","Defend_R","Defend_R","Bash","Shrug It Off","Hemokinesis+1","Rupture+1","Shrug It Off","Good Instincts","Heavy Blade+1","Headbutt","Flame Barrier","Bloodletting+1","Limit Break","Pommel Strike+1","Seeing Red","True Grit+1"],"relics":["Burning Blood","FossilizedHelix","Whetstone","Centennial Puzzle","Calipers","Sozu","Omamori"],"potions_floor_usage":[11,11],"damage_taken":[{"damage":0,"enemies":"2 Louse","floor":1,"turns":3},{"damage":0,"enemies":"Cultist","floor":3,"turns":4},{"damage":0,"enemies":"Jaw Worm","floor":4,"turns":2},{"damage":7,"enemies":"Large Slime","floor":7,"turns":8},{"damage":20,"enemies":"Gremlin Nob","floor":11,"turns":4},{"damage":24,"enemies":"Lagavulin","floor":13,"turns":6},{"damage":2,"enemies":"Red Slaver","floor":14,"turns":3},{"damage":24,"enemies":"The Guardian","floor":16,"turns":13},{"damage":15,"enemies":"2 Thieves","floor":18,"turns":5},{"damage":12,"enemies":"3 Byrds","floor":19,"turns":5},{"damage":24,"enemies":"Shelled Parasite and Fungi","floor":22,"turns":6},{"damage":32,"enemies":"Centurion and Healer","floor":24,"turns":5},{"damage":19,"enemies":"3 Cultists","floor":27,"turns":6},{"damage":20,"enemies":"Book of Stabbing","floor":28,"turns":6}],"seed_played":"-6552073401965262531","potions_obtained":[{"floor":3,"key":"SkillPotion"},{"floor":4,"key":"FearPotion"},{"floor":7,"key":"Fire Potion"},{"floor":11,"key":"SpeedPotion"}],"is_trial":false,"path_per_floor":["M","?","M","M","$","R","M","R","T","R","E","$","E","M","R","B",null,"M","M","$","?","M","R","M","R","T","M","E"],"character_chosen":"IRONCLAD","items_purchased":["Shrug It Off","Good Instincts","Flame Barrier","True Grit"],"campfire_rested":1,"item_purchase_floors":[5,5,12,20],"current_hp_per_floor":[80,80,80,80,80,80,79,79,79,79,65,65,47,51,51,33,68,59,53,53,53,35,59,33,33,33,20,0],"gold":193,"neow_bonus":"ONE_RARE_RELIC","is_prod":false,"is_daily":false,"chose_seed":false,"campfire_upgraded":5,"win_rate":0,"timestamp":1544155243,"path_taken":["M","?","M","M","$","R","?","R","T","R","E","$","E","M","R","BOSS","M","M","$","?","M","R","M","R","T","M","E"],"build_version":"2018-12-06","purchased_purges":1,"victory":false,"max_hp_per_floor":[80,80,80,80,80,80,80,80,80,80,80,80,80,80,80,80,80,80,80,80,80,80,80,80,80,80,80,80],"card_choices":[{"not_picked":["Flex","Bloodletting"],"picked":"Shrug It Off","floor":1},{"not_picked":["Metallicize","Clothesline"],"picked":"Hemokinesis","floor":3},{"not_picked":["Twin Strike","Body Slam"],"picked":"Rupture","floor":4},{"not_picked":["Flame Barrier","Feel No Pain"],"picked":"Heavy Blade","floor":7},{"not_picked":["Twin Strike","Fiend Fire"],"picked":"Headbutt","floor":11},{"not_picked":["Feed","Shockwave","Warcry"],"picked":"SKIP","floor":13},{"not_picked":["Thunderclap","Clash"],"picked":"Bloodletting","floor":14},{"not_picked":["Impervious","Barricade"],"picked":"Limit Break","floor":16},{"not_picked":["Dual Wield","Heavy Blade"],"picked":"Pommel Strike+1","floor":18},{"not_picked":["Warcry+1","Heavy Blade"],"picked":"Seeing Red","floor":19},{"not_picked":["Reckless Charge","Heavy Blade+1","Headbutt"],"picked":"SKIP","floor":22},{"not_picked":["Combust","Body Slam","Infernal Blade"],"picked":"SKIP","floor":24},{"not_picked":["Headbutt","Warcry","Wild Strike"],"picked":"SKIP","floor":27}],"player_experience":636031,"relics_obtained":[{"floor":9,"key":"Whetstone"},{"floor":11,"key":"Centennial Puzzle"},{"floor":13,"key":"Calipers"},{"floor":26,"key":"Omamori"}],"event_choices":[{"damage_healed":0,"gold_gain":100,"player_choice":"Pray","damage_taken":0,"max_hp_gain":0,"max_hp_loss":0,"event_name":"Golden Shrine","floor":2,"gold_loss":0},{"damage_healed":0,"gold_gain":0,"player_choice":"Ignored","damage_taken":0,"max_hp_gain":0,"max_hp_loss":0,"event_name":"Ghosts","floor":21,"gold_loss":0}],"is_beta":false,"boss_relics":[{"not_picked":["Black Star","Eternal Feather"],"picked":"Sozu"}],"items_purged_floors":[20],"is_endless":false,"potions_floor_spawned":[3,4,7,11,24],"killed_by":"Book of Stabbing","ascension_level":5}