{"gold_per_floor":[114,127,6,24,199,225,27,27,27,27,62,74,74,74,74,74],"floor_reached":16,"playtime":881,"items_purged":["Strike_R","Doubt"],"score":162,"play_id":"40683442-c127-432a-9aa1-ac3f451132b6","local_time":"20191015141333","is_ascension_mode":true,"campfire_choices":[{"data":"Burning Pact","floor":10,"key":"SMITH"},{"data":"Havoc","floor":13,"key":"SMITH"},{"data":"Feel No Pain","floor":15,"key":"SMITH"}],"neow_cost":"NONE","seed_source_timestamp":65297183510600,"circlet_count":0,"master_deck":["AscendersBane","Strike_R","Strike_R","Strike_R","Defend_R","Defend_R","Defend_R","Defend_R","Bash","Infernal Blade+1","True Grit","Headbutt","Feel No Pain+1","Burning Pact+1","Twin Strike","Rage","Havoc+1"],"relics":["Burning Blood","Dream Catcher","Matryoshka","Shuriken","Anchor","Bag of Preparation"],"potions_floor_usage":[11],"damage_taken":[{"damage":6,"enemies":"Cultist","floor":1,"turns":4},{"damage":7,"enemies":"Jaw Worm","floor":2,"turns":3},{"damage":10,"enemies":"Small Slimes","floor":4,"turns":5},{"damage":3,"enemies":"3 Sentries","floor":6,"turns":2},{"damage":51,"enemies":"Lagavulin","floor":11,"turns":8},{"damage":0,"enemies":"Red Slaver","floor":12,"turns":4},{"damage":24,"enemies":"Slime Boss","floor":16,"turns":4}],"seed_played":"3797143636023218778","potions_obtained":[{"floor":2,"key":"Dexterity Potion"},{"floor":4,"key":"GamblersBrew"},{"floor":12,"key":"EssenceOfSteel"}],"is_trial":false,"path_per_floor":["M","M","$","M","?","E","$","?","T","R","E","M","R","?","R","B"],"character_chosen":"IRONCLAD","items_purchased":["Headbutt","Burning Pact","Twin Strike"],"campfire_rested":0,"item_purchase_floors":[3,7,7],"current_hp_per_floor":[72,71,71,67,67,70,70,70,70,70,25,31,31,24,24,0],"gold":74,"neow_bonus":"RANDOM_COMMON_RELIC","is_prod":false,"is_daily":false,"chose_seed":false,"campfire_upgraded":3,"win_rate":0,"timestamp":1571166813,"path_taken":["M","M","?","M","?","E","$","?","T","R","E","?","R","?","R","BOSS"],"build_version":"2019-07-17","purchased_purges":2,"victory":false,"max_hp_per_floor":[80,80,80,80,80,80,80,80,80,80,80,80,80,80,80,80],"card_choices":[{"not_picked":["Wild Strike","Havoc"],"picked":"Infernal Blade","floor":1},{"not_picked":["Perfected Strike","Clash"],"picked":"True Grit","floor":2},{"not_picked":["Clash","Havoc","Wild Strike"],"picked":"SKIP","floor":4},{"not_picked":["Infernal Blade","Havoc"],"picked":"Feel No Pain","floor":6},{"not_picked":["Perfected Strike","Offering"],"picked":"Rage","floor":11},{"not_picked":["Perfected Strike","Intimidate"],"picked":"Havoc","floor":12}],"player_experience":847418,"relics_obtained":[{"floor":6,"key":"Matryoshka"},{"floor":9,"key":"Shuriken"},{"floor":9,"key":"Anchor"},{"floor":11,"key":"Bag of Preparation"}],"event_choices":[{"damage_healed":0,"gold_gain":175,"player_choice":"AGREE","damage_taken":0,"max_hp_gain":0,"max_hp_loss":0,"event_name":"Liars Game","floor":5,"gold_loss":0,"cards_obtained":["Doubt"]},{"damage_healed":0,"gold_gain":0,"player_choice":"Upgraded","damage_taken":0,"max_hp_gain":0,"max_hp_loss":0,"event_name":"Upgrade Shrine","floor":8,"gold_loss":0,"cards_upgraded":["Infernal Blade"]},{"cards_removed":["Strike_R"],"damage_healed":0,"gold_gain":0,"player_choice":"Card Removal","damage_taken":7,"max_hp_gain":0,"max_hp_loss":0,"event_name":"Golden Wing","floor":14,"gold_loss":0}],"is_beta":false,"boss_relics":[],"items_purged_floors":[3,7],"is_endless":false,"potions_floor_spawned":[2,4,12],"killed_by":"Slime Boss","ascension_level":10}