{"gold_per_floor":[119,132,42,52,71,71,102,102,102,118,118,130,157,86,86,86],"floor_reached":16,"playtime":1170,"items_purged":[],"score":157,"play_id":"93b85ceb-7ef5-4d68-bacb-abfe31eab9ed","local_time":"20181222144518","is_ascension_mode":true,"campfire_choices":[{"data":"Burst","floor":6,"key":"SMITH"},{"floor":8,"key":"REST"},{"floor":15,"key":"REST"}],"neow_cost":"NONE","seed_source_timestamp":66195054457326,"circlet_count":0,"master_deck":["Defend_G","Defend_G","Defend_G","Defend_G","Defend_G","Strike_G","Strike_G","Strike_G","Strike_G","Strike_G","Survivor","Neutralize","Burst+1","Quick Slash","Skewer","Accuracy","Cloak And Dagger","Predator","Backflip","Footwork","Backflip","Dash+1"],"relics":["Ring of the Snake","Letter Opener","Molten Egg 2","Mercury Hourglass","Pantograph"],"potions_floor_usage":[12,13],"damage_taken":[{"damage":3,"enemies":"Jaw Worm","floor":1,"turns":6},{"damage":4,"enemies":"Cultist","floor":2,"turns":5},{"damage":0,"enemies":"2 Louse","floor":4,"turns":3},{"damage":3,"enemies":"Looter","floor":5,"turns":4},{"damage":40,"enemies":"Gremlin Nob","floor":7,"turns":5},{"damage":4,"enemies":"3 Louse","floor":10,"turns":3},{"damage":0,"enemies":"Blue Slaver","floor":12,"turns":2},{"damage":20,"enemies":"Lagavulin","floor":13,"turns":8},{"damage":56,"enemies":"Hexaghost","floor":16,"turns":16}],"seed_played":"8708698842308248860","potions_obtained":[{"floor":1,"key":"Dexterity Potion"},{"floor":7,"key":"Fire Potion"},{"floor":10,"key":"Poison Potion"}],"is_trial":false,"path_per_floor":["M","M","$","M","M","R","E","R","T","M","?","M","E","$","R","B"],"character_chosen":"THE_SILENT","items_purchased":["Accuracy","Cloak And Dagger","Dash+1"],"campfire_rested":2,"item_purchase_floors":[3,3,14],"current_hp_per_floor":[60,56,56,56,53,53,13,34,34,30,30,30,10,10,31,0],"gold":86,"neow_bonus":"ONE_RANDOM_RARE_CARD","is_prod":false,"is_daily":false,"chose_seed":false,"campfire_upgraded":1,"win_rate":0,"timestamp":1545511518,"path_taken":["M","M","$","M","M","R","E","R","T","M","?","M","E","?","R","BOSS"],"build_version":"2018-12-20","purchased_purges":0,"victory":false,"max_hp_per_floor":[70,70,70,70,70,70,70,70,70,70,70,70,70,70,70,70],"card_choices":[{"not_picked":["Concentrate","Flying Knee"],"picked":"Quick Slash","floor":1},{"not_picked":["Sucker Punch","Well Laid Plans"],"picked":"Skewer","floor":2},{"not_picked":["Burst","Flying Knee","Setup"],"picked":"SKIP","floor":4},{"not_picked":["Dagger Spray","Choke"],"picked":"Predator","floor":5},{"not_picked":["Prepared","Setup","Bane"],"picked":"SKIP","floor":7},{"not_picked":["PiercingWail","Tactician"],"picked":"Backflip","floor":10},{"not_picked":["Slice+1","Dagger Throw+1"],"picked":"Footwork","floor":12},{"not_picked":["Sucker Punch+1","Die Die Die+1"],"picked":"Backflip","floor":13}],"player_experience":653173,"relics_obtained":[{"floor":7,"key":"Letter Opener"},{"floor":9,"key":"Molten Egg 2"},{"floor":13,"key":"Pantograph"}],"event_choices":[{"damage_healed":0,"gold_gain":0,"player_choice":"Gave Potion","damage_taken":0,"relics_obtained":["Mercury Hourglass"],"max_hp_gain":0,"max_hp_loss":0,"event_name":"WeMeetAgain","floor":11,"gold_loss":0}],"is_beta":false,"boss_relics":[],"items_purged_floors":[],"is_endless":false,"potions_floor_spawned":[1,7,10],"killed_by":"Hexaghost","ascension_level":8}