{"gold_per_floor":[111,36,36,53,53,82,82,94,120,131,57,57,76,76,76,177,177,191,191,131],"floor_reached":20,"playtime":1358,"items_purged":["Strike_G","Strike_G"],"score":172,"play_id":"74feac69-3f8e-49fe-a332-e4b97b03d717","local_time":"20180920152008","is_ascension_mode":false,"campfire_choices":[{"data":"Bane","floor":7,"key":"SMITH"},{"data":"Defend_G","floor":12,"key":"SMITH"},{"data":"Defend_G","floor":15,"key":"SMITH"}],"neow_cost":"NONE","seed_source_timestamp":76754539637941,"circlet_count":0,"master_deck":["Defend_G","Defend_G","Defend_G+1","Defend_G+1","Strike_G","Strike_G","Strike_G","Survivor","Neutralize","Noxious Fumes+1","Bane+1","Deadly Poison","Catalyst","Burst","Skewer+1","Quick Slash"],"relics":["Ring of the Snake","PreservedInsect","Smiling Mask","HoveringKite"],"potions_floor_usage":[16],"damage_taken":[{"damage":0,"enemies":"Jaw Worm","floor":1,"turns":5},{"damage":0,"enemies":"Small Slimes","floor":4,"turns":4},{"damage":24,"enemies":"3 Sentries","floor":6,"turns":7},{"damage":0,"enemies":"Cultist","floor":8,"turns":4},{"damage":0,"enemies":"Looter","floor":10,"turns":3},{"damage":0,"enemies":"2 Fungi Beasts","floor":13,"turns":2},{"damage":38,"enemies":"Slime Boss","floor":16,"turns":8},{"damage":10,"enemies":"Shell Parasite","floor":18,"turns":6},{"damage":15,"enemies":"2 Thieves","floor":20,"turns":3}],"seed_played":"-1003380395227754403","potions_obtained":[{"floor":4,"key":"Poison Potion"},{"floor":13,"key":"FearPotion"},{"floor":18,"key":"Dexterity Potion"}],"is_trial":false,"path_per_floor":["M","$","?","M","$","E","R","M","T","M","$","R","M","?","R","B",null,"M","?"],"character_chosen":"THE_SILENT","items_purchased":["Deadly Poison"],"campfire_rested":0,"item_purchase_floors":[11],"current_hp_per_floor":[70,70,70,70,70,46,46,46,46,46,46,46,46,46,46,8,70,60,60,45],"gold":131,"neow_bonus":"REMOVE_CARD","is_prod":false,"is_daily":false,"chose_seed":false,"campfire_upgraded":3,"win_rate":0,"timestamp":1537474808,"path_taken":["M","$","?","M","?","E","R","M","T","M","$","R","M","?","R","BOSS","M","?","?"],"build_version":"2018-09-06","purchased_purges":2,"victory":false,"max_hp_per_floor":[70,70,70,70,70,70,70,70,70,70,70,70,70,70,70,70,70,70,70,70],"card_choices":[{"not_picked":["Deadly Poison","Dagger Throw"],"picked":"Noxious Fumes","floor":1},{"not_picked":["Deadly Poison","Quick Slash","Dodge and Roll"],"picked":"SKIP","floor":4},{"not_picked":["Tools of the Trade","Predator"],"picked":"Bane","floor":6},{"not_picked":["Slice","Eviscerate","Bane"],"picked":"SKIP","floor":8},{"not_picked":["Quick Slash","Endless Agony","Sucker Punch"],"picked":"SKIP","floor":10},{"not_picked":["Skewer","Deadly Poison"],"picked":"Catalyst","floor":13},{"not_picked":["Storm of Steel","Malaise"],"picked":"Burst","floor":16},{"not_picked":["Slice","Deadly Poison"],"picked":"Skewer+1","floor":18}],"player_experience":318589,"relics_obtained":[{"floor":6,"key":"PreservedInsect"},{"floor":9,"key":"Smiling Mask"}],"event_choices":[{"event_name":"Living Wall","player_choice":"Grow","floor":3,"damage_taken":0},{"event_name":"Liars Game","player_choice":"disagreed","floor":14,"damage_taken":0},{"event_name":"The Library","player_choice":"Read","floor":19,"damage_taken":0}],"is_beta":false,"boss_relics":[{"not_picked":["Lizard Tail","Pandora\u0027s Box"],"picked":"HoveringKite"}],"items_purged_floors":[2,11],"is_endless":false,"potions_floor_spawned":[4,13,18],"killed_by":"2 Thieves","ascension_level":0}