{"gold_per_floor":[118,137,149,3,3,36,59,59,59,59,78,91,106,130,130,254,317,306,306,306,318,364,390,409,409,409,428,444,444,444,444,444,542,542,557,557,240,240,255,255,283,296,296,296,596,610,0,0,0,0],"floor_reached":50,"playtime":3966,"items_purged":["Writhe"],"score":544,"play_id":"33e09f68-a236-4af9-8757-ddaadfb87a06","local_time":"20180828210140","is_ascension_mode":false,"campfire_choices":[{"data":"Zap","floor":8,"key":"SMITH"},{"floor":10,"key":"REST"},{"floor":15,"key":"REST"},{"floor":25,"key":"REST"},{"data":"Thunder Strike","floor":29,"key":"SMITH"},{"data":"Dualcast","floor":32,"key":"SMITH"},{"data":"Conserve Battery","floor":40,"key":"SMITH"},{"floor":44,"key":"REST"},{"data":"Blind","floor":49,"key":"SMITH"}],"neow_cost":"NONE","seed_source_timestamp":938095341718393,"circlet_count":0,"master_deck":["Defend_B","Defend_B","Defend_B","Zap+1","Dualcast+1","Conserve Battery+1","Darkness","Ball Lightning","Genetic Algorithm+1","Ball Lightning","Thunder Strike+1","Self Repair+1","Leap+1","Bite","Bite","Bite","Bite","Bite","Machine Learning+1","Electrodynamics+1","Flash of Steel","BootSequence","Defragment+1","Blind+1"],"relics":["Cracked Core","Oddly Smooth Stone","Bloody Idol","Happy Flower","Frozen Egg 2","Tiny House","Ancient Tea Set","Thread and Needle","Unceasing Top","Lantern","Busted Crown","Bronze Scales","Matryoshka","Old Coin","Red Mask"],"potions_floor_usage":[18,42,50,50],"damage_taken":[{"damage":1,"enemies":"Jaw Worm","floor":1,"turns":3},{"damage":0,"enemies":"2 Louse","floor":2,"turns":3},{"damage":0,"enemies":"Cultist","floor":3,"turns":4},{"damage":18,"enemies":"3 Sentries","floor":6,"turns":10},{"damage":16,"enemies":"Lots of Slimes","floor":7,"turns":6},{"damage":2,"enemies":"Large Slime","floor":11,"turns":4},{"damage":15,"enemies":"Exordium Thugs","floor":12,"turns":3},{"damage":0,"enemies":"Looter","floor":13,"turns":3},{"damage":1,"enemies":"3 Louse","floor":14,"turns":2},{"damage":16,"enemies":"Hexaghost","floor":16,"turns":9},{"damage":8,"enemies":"2 Thieves","floor":18,"turns":4},{"damage":18,"enemies":"Spheric Guardian","floor":21,"turns":5},{"damage":42,"enemies":"Book of Stabbing","floor":23,"turns":6},{"damage":20,"enemies":"Snake Plant","floor":24,"turns":4},{"damage":14,"enemies":"Snecko","floor":27,"turns":6},{"damage":13,"enemies":"Centurion and Healer","floor":28,"turns":9},{"damage":92,"enemies":"Champ","floor":33,"turns":15},{"damage":0,"enemies":"3 Shapes","floor":35,"turns":5},{"damage":21,"enemies":"Flame Bruiser 1 Orb","floor":39,"turns":4},{"damage":80,"enemies":"Giant Head","floor":41,"turns":9},{"damage":0,"enemies":"Transient","floor":42,"turns":5},{"damage":1,"enemies":"Mind Bloom Boss Battle","floor":45,"turns":4},{"damage":0,"enemies":"Sphere and 2 Shapes","floor":46,"turns":3},{"damage":73,"enemies":"Awakened One","floor":50,"turns":7}],"seed_played":"6652809757627011290","potions_obtained":[{"floor":2,"key":"Block Potion"},{"floor":3,"key":"FairyPotion"},{"floor":6,"key":"Fire Potion"},{"floor":17,"key":"FairyPotion"},{"floor":19,"key":"Explosive Potion"},{"floor":39,"key":"Fire Potion"},{"floor":42,"key":"LiquidBronze"}],"is_trial":false,"path_per_floor":["M","M","M","$","?","E","M","R","T","R","M","M","M","M","R","B",null,"M","?","?","M","T","E","M","R","T","M","M","R","?","?","R","B",null,"M","?","$","?","M","R","E","M","T","R","?","M","?","?","R"],"character_chosen":"DEFECT","items_purchased":["Oddly Smooth Stone","Electrodynamics+1","Flash of Steel"],"campfire_rested":4,"item_purchase_floors":[4,37,37],"current_hp_per_floor":[74,74,74,74,56,38,22,22,22,44,42,27,27,26,48,32,80,72,72,72,69,74,47,42,66,66,67,69,69,69,56,56,22,56,56,56,56,56,56,56,20,49,49,56,56,56,56,56,56,0],"gold":0,"neow_bonus":"REMOVE_CARD","is_prod":false,"is_daily":false,"chose_seed":false,"campfire_upgraded":5,"win_rate":0.0,"timestamp":1535508100,"path_taken":["M","M","M","$","?","E","?","R","T","R","M","M","M","M","R","BOSS","M","?","?","M","?","E","?","R","T","M","M","R","?","?","R","BOSS","M","?","$","?","M","R","E","M","T","R","?","M","?","?","R","BOSS"],"build_version":"2018-08-23v2","purchased_purges":1,"victory":false,"max_hp_per_floor":[75,75,75,75,75,75,75,75,75,75,75,75,75,75,75,75,80,80,80,80,80,80,80,80,80,80,80,80,80,80,56,56,56,56,56,56,56,56,56,56,56,56,56,56,56,56,56,56,56,56],"card_choices":[{"not_picked":["Barrage","Doom and Gloom","Cold Snap"],"picked":"SKIP","floor":1},{"not_picked":["Doom and Gloom","Reinforced Body","Steam"],"picked":"SKIP","floor":2},{"not_picked":["Scrape","Doom and Gloom"],"picked":"Conserve Battery","floor":3},{"not_picked":["Reinforced Body","Chill"],"picked":"Darkness","floor":6},{"not_picked":["Reprogram","Compile Driver"],"picked":"Ball Lightning","floor":7},{"not_picked":["Stack","Redo","Beam Cell"],"picked":"SKIP","floor":11},{"not_picked":["Steam","Stack"],"picked":"Genetic Algorithm","floor":12},{"not_picked":["Stack","Conserve Battery"],"picked":"Ball Lightning","floor":13},{"not_picked":["Blizzard","Compile Driver","Hologram"],"picked":"SKIP","floor":14},{"not_picked":["Biased Cognition+1","Fission"],"picked":"Thunder Strike","floor":16},{"not_picked":["Coolheaded","Aggregate"],"picked":"Self Repair+1","floor":18},{"not_picked":["Streamline","Ball Lightning","Rebound"],"picked":"SKIP","floor":21},{"not_picked":["Hologram","Reprogram","Creative AI+1"],"picked":"SKIP","floor":23},{"not_picked":["Stack","Hello World+1","Redo"],"picked":"SKIP","floor":24},{"not_picked":["Streamline+1","Steam"],"picked":"Leap+1","floor":27},{"not_picked":["Streamline","Reprogram","Redo"],"picked":"SKIP","floor":28},{"not_picked":["Fission","Amplify"],"picked":"Machine Learning+1","floor":33},{"not_picked":["Streamline+1"],"picked":"SKIP","floor":35},{"not_picked":[],"picked":"BootSequence","floor":39},{"not_picked":["Compile Driver+1"],"picked":"SKIP","floor":41},{"not_picked":[],"picked":"Defragment+1","floor":42},{"not_picked":["Coolheaded+1"],"picked":"SKIP","floor":46}],"player_experience":272917,"relics_obtained":[{"floor":6,"key":"Happy Flower"},{"floor":9,"key":"Frozen Egg 2"},{"floor":22,"key":"Ancient Tea Set"},{"floor":23,"key":"Thread and Needle"},{"floor":26,"key":"Unceasing Top"},{"floor":41,"key":"Bronze Scales"},{"floor":43,"key":"Matryoshka"},{"floor":45,"key":"Old Coin"}],"event_choices":[{"event_name":"Golden Idol","player_choice":"Take Damage","floor":5,"damage_taken":0},{"event_name":"The Lab","player_choice":"Got Potions","floor":19,"damage_taken":0},{"event_name":"Forgotten Altar","player_choice":"Gave Idol","floor":20,"damage_taken":0},{"event_name":"The Mausoleum","player_choice":"Yes","floor":30,"damage_taken":0},{"event_name":"Vampires","player_choice":"Became a vampire","floor":31,"damage_taken":0},{"event_name":"Falling","player_choice":"Removed Skill","floor":36,"damage_taken":0},{"event_name":"Transmorgrifier","player_choice":"Skipped","floor":38,"damage_taken":0},{"event_name":"MindBloom","player_choice":"Fight","floor":45,"damage_taken":0},{"event_name":"Tomb of Lord Red Mask","player_choice":"Paid","floor":47,"damage_taken":0},{"event_name":"Match and Keep!","player_choice":"1 cards matched","floor":48,"damage_taken":0}],"is_beta":false,"boss_relics":[{"not_picked":["Calling Bell","Fusion Hammer"],"picked":"Tiny House"},{"not_picked":["Nuclear Battery","Astrolabe"],"picked":"Busted Crown"}],"items_purged_floors":[37],"is_endless":false,"potions_floor_spawned":[2,3,6,7,12,21,27,39,42],"killed_by":"Awakened One","ascension_level":0}