{"gold_per_floor":[16,16,16,16,26,57,57,6,6,40,40,56,108,124,124,219,219,232,243,243],"floor_reached":20,"playtime":1253,"items_purged":[],"score":255,"play_id":"ecdf5c72-b493-4fa3-a523-1cec296a6a55","local_time":"20190121002738","is_ascension_mode":true,"campfire_choices":[{"data":"Caltrops","floor":7,"key":"SMITH"},{"floor":11,"key":"REST"},{"floor":15,"key":"REST"}],"neow_cost":"NO_GOLD","seed_source_timestamp":26780864629621,"circlet_count":0,"master_deck":["Defend_G","Defend_G","Defend_G+1","Defend_G","Defend_G","Strike_G","Strike_G","Strike_G","Strike_G","Strike_G","Survivor","Neutralize","Swift Strike","Forethought","Poisoned Stab","Caltrops+1","Dagger Spray","Deflect","Escape Plan+1","Unload","Bane","Blade Dance"],"relics":["Ring of the Snake","Happy Flower","Shuriken","Lantern","War Paint","Eternal Feather"],"potions_floor_usage":[6,16],"damage_taken":[{"damage":0,"enemies":"2 Louse","floor":1,"turns":2},{"damage":0,"enemies":"Small Slimes","floor":5,"turns":3},{"damage":18,"enemies":"3 Sentries","floor":6,"turns":13},{"damage":34,"enemies":"Gremlin Nob","floor":10,"turns":4},{"damage":3,"enemies":"Jaw Worm","floor":12,"turns":4},{"damage":9,"enemies":"Blue Slaver","floor":14,"turns":3},{"damage":28,"enemies":"Slime Boss","floor":16,"turns":10},{"damage":10,"enemies":"Chosen","floor":18,"turns":4},{"damage":16,"enemies":"Spheric Guardian","floor":19,"turns":4},{"damage":36,"enemies":"Shelled Parasite and Fungi","floor":20,"turns":6}],"seed_played":"-3719781473074663017","potions_obtained":[{"floor":5,"key":"Block Potion"},{"floor":10,"key":"GhostInAJar"},{"floor":14,"key":"LiquidBronze"}],"is_trial":false,"path_per_floor":["M","?","?","$","M","E","R","$","T","E","R","M","T","M","R","B",null,"M","M","M"],"character_chosen":"THE_SILENT","items_purchased":["Dagger Spray"],"campfire_rested":2,"item_purchase_floors":[8],"current_hp_per_floor":[63,63,63,63,63,45,45,45,45,11,32,29,29,20,41,13,56,46,30,0],"gold":243,"neow_bonus":"RANDOM_COLORLESS_2","is_prod":false,"is_daily":false,"chose_seed":false,"campfire_upgraded":1,"win_rate":0,"timestamp":1548052058,"path_taken":["M","?","?","?","M","E","R","$","T","E","R","M","?","M","R","BOSS","M","M","?"],"build_version":"2019-01-17v2","purchased_purges":0,"victory":false,"max_hp_per_floor":[70,70,70,70,70,70,70,70,70,70,70,70,70,70,70,70,70,70,70,70],"card_choices":[{"not_picked":["Dodge and Roll","PiercingWail","Eviscerate"],"picked":"SKIP","floor":1},{"not_picked":["Dagger Throw","Blade Dance"],"picked":"Poisoned Stab","floor":5},{"not_picked":["Dagger Spray","Wraith Form v2"],"picked":"Caltrops","floor":6},{"not_picked":["Heel Hook","Accuracy"],"picked":"Deflect","floor":10},{"not_picked":["Setup","Backstab"],"picked":"Escape Plan","floor":12},{"not_picked":["Flechettes","Poisoned Stab","Finisher"],"picked":"SKIP","floor":14},{"not_picked":["Grand Finale","Bullet Time"],"picked":"Unload","floor":16},{"not_picked":["Dagger Throw","Sucker Punch"],"picked":"Bane","floor":18},{"not_picked":["Crippling Poison","Masterful Stab+1"],"picked":"Blade Dance","floor":19}],"player_experience":682064,"relics_obtained":[{"floor":6,"key":"Happy Flower"},{"floor":9,"key":"Shuriken"},{"floor":10,"key":"Lantern"},{"floor":13,"key":"War Paint"}],"event_choices":[{"damage_healed":0,"gold_gain":0,"player_choice":"Ignored","damage_taken":0,"max_hp_gain":0,"max_hp_loss":0,"event_name":"Liars Game","floor":2,"gold_loss":0},{"damage_healed":0,"gold_gain":0,"player_choice":"Leave","damage_taken":0,"max_hp_gain":0,"max_hp_loss":0,"event_name":"The Cleric","floor":3,"gold_loss":0}],"is_beta":false,"boss_relics":[{"not_picked":["Tiny House","Coffee Dripper"],"picked":"Eternal Feather"}],"items_purged_floors":[],"is_endless":false,"potions_floor_spawned":[5,10,14],"killed_by":"Shelled Parasite and Fungi","ascension_level":8}