{"gold_per_floor":[113,127,127,146,161,161,173,173,199,199,226,238,238,30,30,125,125,142,142,62,62,74,74,92,92,167,12,28,28,28,38,38,139,139,156,169,23,40,40,40,54,54,130,186,186,264,277,277,277,277],"floor_reached":50,"playtime":3436,"items_purged":[],"score":497,"play_id":"d936d93b-04d1-4246-97cd-1af6666b0df6","local_time":"20180816013411","is_ascension_mode":false,"campfire_choices":[{"data":"Perfected Strike","floor":6,"key":"SMITH"},{"data":"Shrug It Off","floor":8,"key":"SMITH"},{"data":"Defend_R","floor":10,"key":"SMITH"},{"data":"Flex","floor":13,"key":"SMITH"},{"data":"Apotheosis","floor":15,"key":"SMITH"},{"floor":23,"key":"REST"},{"floor":29,"key":"REST"},{"floor":32,"key":"REST"},{"floor":40,"key":"REST"},{"floor":42,"key":"REST"},{"floor":49,"key":"REST"}],"neow_cost":"NONE","seed_source_timestamp":1555092595284,"circlet_count":0,"master_deck":["Strike_R","Strike_R","Strike_R","Strike_R","Strike_R","Defend_R+1","Defend_R","Defend_R+1","Bash+1","Clash+1","Shrug It Off+1","Perfected Strike+1","Flex+1","Apotheosis+1","Barricade","Iron Wave+1","Entrench","Flame Barrier","Clash","Iron Wave","Impervious","Flex+1","Madness","Madness","Metallicize","Enlightenment"],"relics":["Black Blood","Potion Belt","Bag of Marbles","Fusion Hammer","Pantograph","Orichalcum","Juzu Bracelet","Darkstone Periapt","Tiny Chest","Paper Frog"],"potions_floor_usage":[11,16,36,50,50],"damage_taken":[{"damage":7,"enemies":"Jaw Worm","floor":1,"turns":5},{"damage":0,"enemies":"Small Slimes","floor":2,"turns":3},{"damage":0,"enemies":"2 Louse","floor":4,"turns":1},{"damage":1,"enemies":"2 Fungi Beasts","floor":5,"turns":3},{"damage":0,"enemies":"Blue Slaver","floor":7,"turns":3},{"damage":0,"enemies":"Lagavulin","floor":11,"turns":2},{"damage":12,"enemies":"Lots of Slimes","floor":12,"turns":4},{"damage":44,"enemies":"The Guardian","floor":16,"turns":8},{"damage":0,"enemies":"Chosen","floor":18,"turns":4},{"damage":10,"enemies":"2 Thieves","floor":22,"turns":2},{"damage":13,"enemies":"Cultist and Chosen","floor":24,"turns":5},{"damage":10,"enemies":"Snake Plant","floor":28,"turns":4},{"damage":7,"enemies":"Centurion and Healer","floor":31,"turns":5},{"damage":19,"enemies":"Champ","floor":33,"turns":12},{"damage":9,"enemies":"Orb Walker","floor":35,"turns":5},{"damage":9,"enemies":"3 Darklings","floor":36,"turns":5},{"damage":45,"enemies":"Spire Growth","floor":38,"turns":5},{"damage":11,"enemies":"Transient","floor":41,"turns":5},{"damage":2,"enemies":"Nemesis","floor":44,"turns":13},{"damage":15,"enemies":"Maw","floor":47,"turns":9},{"damage":98,"enemies":"Time Eater","floor":50,"turns":17}],"seed_played":"-4250107587260860521","potions_obtained":[{"floor":2,"key":"Fire Potion"},{"floor":5,"key":"AttackPotion"},{"floor":11,"key":"FairyPotion"},{"floor":28,"key":"SkillPotion"},{"floor":31,"key":"EssenceOfSteel"},{"floor":35,"key":"AttackPotion"}],"is_trial":false,"path_per_floor":["M","M","?","M","M","R","M","R","T","R","E","M","R","$","R","B",null,"M","?","$","?","M","R","M","$","T","$","M","R","?","M","R","B",null,"M","M","$","M","?","R","M","R","T","E","?","T","M","?","R"],"character_chosen":"IRONCLAD","items_purchased":["Apotheosis","Entrench","Orichalcum","Juzu Bracelet"],"campfire_rested":6,"item_purchase_floors":[14,20,27,37],"current_hp_per_floor":[79,80,64,70,75,75,80,80,80,80,80,74,74,74,74,36,80,80,65,65,65,61,85,78,78,78,78,74,85,85,84,85,72,85,85,85,85,50,50,75,74,85,85,85,74,74,69,64,85,0],"gold":277,"neow_bonus":"UPGRADE_CARD","is_prod":false,"is_daily":false,"chose_seed":false,"campfire_upgraded":5,"win_rate":0.0,"timestamp":1534401251,"path_taken":["M","M","?","M","M","R","M","R","T","R","E","M","R","$","R","BOSS","M","?","$","?","M","R","M","$","T","$","M","R","?","M","R","BOSS","M","M","$","M","?","R","M","R","T","E","?","?","M","?","R","BOSS"],"build_version":"2018-08-09","purchased_purges":0,"victory":false,"max_hp_per_floor":[80,80,80,80,80,80,80,80,80,80,80,80,80,80,80,80,80,80,85,85,85,85,85,85,85,85,85,85,85,85,85,85,85,85,85,85,85,85,85,85,85,85,85,85,85,85,85,85,85,85],"card_choices":[{"not_picked":["Warcry","Bloodletting"],"picked":"Clash","floor":1},{"not_picked":["Uppercut","True Grit","Havoc"],"picked":"SKIP","floor":2},{"not_picked":["Havoc","Headbutt"],"picked":"Shrug It Off","floor":4},{"not_picked":["Dual Wield","Wild Strike"],"picked":"Perfected Strike","floor":5},{"not_picked":["Rampage","Sentinel","Feel No Pain"],"picked":"SKIP","floor":7},{"not_picked":["Havoc","Hemokinesis"],"picked":"Flex","floor":11},{"not_picked":["Fiend Fire","Ghostly Armor","Heavy Blade"],"picked":"SKIP","floor":12},{"not_picked":["Berserk","Double Tap"],"picked":"Barricade","floor":16},{"not_picked":["Battle Trance","Shockwave"],"picked":"Iron Wave+1","floor":18},{"not_picked":["Havoc","Pommel Strike","Rupture"],"picked":"SKIP","floor":22},{"not_picked":["Seeing Red","Entrench"],"picked":"Flame Barrier","floor":24},{"not_picked":["Heavy Blade","Rupture"],"picked":"Clash","floor":28},{"not_picked":["Shrug It Off","Heavy Blade"],"picked":"Iron Wave","floor":31},{"not_picked":["Exhume","Double Tap"],"picked":"Impervious","floor":33},{"not_picked":["Perfected Strike+1","Havoc"],"picked":"Flex+1","floor":35},{"not_picked":["Sword Boomerang","Havoc","Seeing Red"],"picked":"SKIP","floor":36},{"not_picked":["Power Through","Rupture","Uppercut+1"],"picked":"SKIP","floor":38},{"not_picked":["Headbutt","Clothesline+1","Searing Blow"],"picked":"SKIP","floor":41},{"not_picked":["Uppercut","Offering","Armaments"],"picked":"SKIP","floor":44},{"not_picked":["Disarm","Whirlwind"],"picked":"Metallicize","floor":47},{"not_picked":["Secret Technique","Good Instincts"],"picked":"Enlightenment","floor":48}],"player_experience":250739,"relics_obtained":[{"floor":9,"key":"Potion Belt"},{"floor":11,"key":"Bag of Marbles"},{"floor":26,"key":"Pantograph"},{"floor":43,"key":"Darkstone Periapt"},{"floor":44,"key":"Tiny Chest"},{"floor":46,"key":"Paper Frog"}],"event_choices":[{"event_name":"Shining Light","player_choice":"Entered Light","floor":3,"damage_taken":0},{"event_name":"Forgotten Altar","player_choice":"Shed Blood","floor":19,"damage_taken":0},{"event_name":"Beggar","player_choice":"Ignored","floor":21,"damage_taken":0},{"event_name":"Back to Basics","player_choice":"Elegance","floor":30,"damage_taken":0},{"event_name":"Mysterious Sphere","player_choice":"Ignore","floor":39,"damage_taken":0},{"event_name":"Winding Halls","player_choice":"Embrace Madness","floor":45,"damage_taken":0},{"event_name":"SensoryStone","player_choice":"Memory 2","floor":48,"damage_taken":0}],"is_beta":false,"boss_relics":[{"not_picked":["Sozu","Runic Dome"],"picked":"Fusion Hammer"},{"not_picked":["Orrery","Eternal Feather"],"picked":"Black Blood"}],"items_purged_floors":[],"is_endless":false,"potions_floor_spawned":[2,5,11,28,31,35],"killed_by":"Time Eater","ascension_level":0}