{"gold_per_floor":[109,109,284,302,33,59,59,74,97,97,97,28,38,38,38,133,133,143,143,160,17,17],"floor_reached":22,"playtime":1308,"items_purged":["Normality"],"score":264,"play_id":"be732281-648f-4c04-b5bd-7d685b699e8a","local_time":"20191010184549","is_ascension_mode":true,"campfire_choices":[{"data":"Noxious Fumes","floor":7,"key":"SMITH"},{"data":"Leg Sweep","floor":10,"key":"SMITH"},{"floor":15,"key":"REST"}],"neow_cost":"NONE","seed_source_timestamp":55274470952000,"circlet_count":0,"master_deck":["Strike_G","Strike_G","Strike_G","Strike_G","Strike_G","Defend_G","Defend_G","Defend_G","Defend_G","Survivor","Neutralize","Masterful Stab","Doubt","Noxious Fumes+1","Poisoned Stab","Cloak And Dagger","Leg Sweep+1","Tactician","Deadly Poison","Acrobatics","Crippling Poison","Bullet Time+1","Doubt","Injury","Dodge and Roll+1","Burst","Caltrops+1"],"relics":["Ring of the Snake","Ancient Tea Set","Frozen Egg 2","Bronze Scales","Boot","Calling Bell","Potion Belt","Ornamental Fan","Thread and Needle"],"potions_floor_usage":[16,22],"damage_taken":[{"damage":0,"enemies":"Small Slimes","floor":1,"turns":4},{"damage":9,"enemies":"Jaw Worm","floor":4,"turns":6},{"damage":33,"enemies":"Lagavulin","floor":6,"turns":8},{"damage":0,"enemies":"Cultist","floor":8,"turns":3},{"damage":3,"enemies":"Looter","floor":13,"turns":3},{"damage":26,"enemies":"Slime Boss","floor":16,"turns":9},{"damage":30,"enemies":"Chosen","floor":18,"turns":6},{"damage":3,"enemies":"Shell Parasite","floor":20,"turns":6},{"damage":33,"enemies":"Centurion and Healer","floor":22,"turns":7}],"seed_played":"6086331352001274","potions_obtained":[{"floor":13,"key":"AttackPotion"},{"floor":16,"key":"Strength Potion"}],"is_trial":false,"path_per_floor":["M","?","?","M","$","E","R","M","T","R","?","$","M","$","R","B",null,"M","?","M","$","M"],"character_chosen":"THE_SILENT","items_purchased":["Frozen Egg 2","Poisoned Stab","Deadly Poison","Acrobatics","Caltrops+1"],"campfire_rested":1,"item_purchase_floors":[5,5,12,12,21],"current_hp_per_floor":[70,67,67,58,58,25,25,25,25,25,25,25,22,22,45,19,63,33,33,30,30,0],"gold":17,"neow_bonus":"TEN_PERCENT_HP_BONUS","is_prod":false,"is_daily":false,"chose_seed":false,"campfire_upgraded":2,"win_rate":0,"timestamp":1570751149,"path_taken":["M","?","?","M","$","E","R","?","T","R","?","$","M","?","R","BOSS","M","?","?","$","M"],"build_version":"2019-07-17","purchased_purges":1,"victory":false,"max_hp_per_floor":[77,77,77,77,77,77,77,77,77,77,77,77,77,77,77,77,77,77,77,77,77,77],"card_choices":[{"not_picked":["Acrobatics","Slice"],"picked":"Masterful Stab","floor":1},{"not_picked":["Calculated Gamble","Reflex"],"picked":"Noxious Fumes","floor":4},{"not_picked":["Heel Hook","Calculated Gamble"],"picked":"Cloak And Dagger","floor":6},{"not_picked":["All Out Attack","Deflect"],"picked":"Leg Sweep","floor":8},{"not_picked":["Sucker Punch","Poisoned Stab"],"picked":"Crippling Poison","floor":13},{"not_picked":["A Thousand Cuts+1","Tools of the Trade+1"],"picked":"Bullet Time","floor":16},{"not_picked":["Leg Sweep","Deadly Poison"],"picked":"Dodge and Roll+1","floor":18},{"not_picked":["Prepared","Deflect"],"picked":"Burst","floor":20}],"player_experience":819228,"relics_obtained":[{"floor":6,"key":"Bronze Scales"},{"floor":9,"key":"Boot"},{"floor":17,"key":"Potion Belt"},{"floor":17,"key":"Ornamental Fan"},{"floor":17,"key":"Thread and Needle"}],"event_choices":[{"damage_healed":0,"gold_gain":0,"player_choice":"Success","damage_taken":3,"relics_obtained":["Ancient Tea Set"],"max_hp_gain":0,"max_hp_loss":0,"event_name":"Scrap Ooze","floor":2,"gold_loss":0},{"damage_healed":0,"gold_gain":175,"player_choice":"AGREE","damage_taken":0,"max_hp_gain":0,"max_hp_loss":0,"event_name":"Liars Game","floor":3,"gold_loss":0,"cards_obtained":["Doubt"]},{"damage_healed":0,"gold_gain":0,"cards_transformed":["Defend_G"],"player_choice":"Transformed","damage_taken":0,"max_hp_gain":0,"max_hp_loss":0,"event_name":"Transmorgrifier","floor":11,"gold_loss":0,"cards_obtained":["Tactician"]},{"damage_healed":0,"gold_gain":0,"player_choice":"Upgraded","damage_taken":0,"max_hp_gain":0,"max_hp_loss":0,"event_name":"Upgrade Shrine","floor":19,"gold_loss":0,"cards_upgraded":["Bullet Time"]}],"is_beta":false,"boss_relics":[{"not_picked":["Velvet Choker","HoveringKite"],"picked":"Calling Bell"}],"items_purged_floors":[21],"is_endless":false,"potions_floor_spawned":[13,16],"killed_by":"Centurion and Healer","ascension_level":9}