{"path_per_floor":["M","M","$","M","?","E","R","M","T","?","$","R","M","?","R","B",null,"M","?","M","M","?","R","$","M","T","R","$","M","R","?","R"],"character_chosen":"THE_SILENT","items_purchased":["Noxious Fumes","Blur","Noxious Fumes","Lantern","Quick Slash"],"gold_per_floor":[211,225,74,90,90,118,118,133,158,158,84,84,99,79,79,174,174,184,184,198,218,218,218,35,49,49,49,23,35,35,35,35],"floor_reached":33,"campfire_rested":4,"playtime":2538,"current_hp_per_floor":[70,70,70,70,70,51,51,51,51,51,51,51,51,51,70,62,70,67,49,41,34,27,43,43,40,40,40,40,7,23,23,39],"items_purged":["Strike_G"],"gold":35,"score":271,"play_id":"7526d463-424e-4552-88b7-8ad1da545bec","local_time":"20180310010817","is_prod":false,"is_daily":false,"is_ascension_mode":false,"campfire_upgraded":3,"timestamp":1520665697,"path_taken":["M","?","$","M","?","E","R","M","T","?","?","R","?","?","R","BOSS","M","?","M","M","?","R","$","M","T","R","$","M","R","?","R","BOSS"],"build_version":"2018-03-09","purchased_purges":1,"victory":false,"master_deck":["Defend_G","Defend_G","Defend_G","Defend_G","Defend_G","Survivor","Neutralize","Backstab+1","Backflip","Noxious Fumes+1","Cloak And Dagger","Deadly Poison","Blur+1","Infinite Blades","Bite","Bite","Bite","Bite","Bite","Bullet Time+1","Noxious Fumes","Quick Slash+1","Quick Slash","Dagger Throw"],"max_hp_per_floor":[70,70,70,70,70,70,70,70,70,70,70,70,70,70,70,70,70,70,49,49,49,54,54,54,54,54,54,54,54,54,54,54],"relics":["Ring of the Snake","Omamori","Vajra","Runic Pyramid","Lantern","Pen Nib"],"card_choices":[{"not_picked":["Escape Plan","Flying Knee"],"picked":"Backstab"},{"not_picked":["Poisoned Stab","Deflect"],"picked":"Backflip"},{"not_picked":["Quick Slash","Slice"],"picked":"Cloak And Dagger"},{"not_picked":["Prepared","Calculated Gamble"],"picked":"Deadly Poison"},{"not_picked":["Bouncing Flask","Prepared"],"picked":"Infinite Blades"},{"not_picked":["Infinite Blades","Dash"],"picked":"Bullet Time"},{"not_picked":["Acrobatics","Dagger Spray"],"picked":"Quick Slash"},{"not_picked":["Bane","Flying Knee"],"picked":"Dagger Throw"}],"player_experience":110075,"potions_floor_usage":[18,20,29,33,33,33],"damage_taken":[{"damage":0,"enemies":"Cultist","floor":1,"turns":6},{"damage":0,"enemies":"2 Louse","floor":2,"turns":3},{"damage":0,"enemies":"Small Slimes","floor":4,"turns":3},{"damage":19,"enemies":"3 Sentries","floor":6,"turns":8},{"damage":0,"enemies":"Looter","floor":8,"turns":4},{"damage":0,"enemies":"Lots of Slimes","floor":13,"turns":3},{"damage":8,"enemies":"The Guardian","floor":16,"turns":12},{"damage":3,"enemies":"3 Byrds","floor":18,"turns":5},{"damage":12,"enemies":"Spheric Guardian","floor":20,"turns":6},{"damage":17,"enemies":"Snecko","floor":21,"turns":6},{"damage":15,"enemies":"Sentry and Sphere","floor":25,"turns":6},{"damage":41,"enemies":"Chosen and Byrds","floor":29,"turns":7},{"damage":48,"enemies":"Automaton","floor":33,"turns":6}],"event_choices":[{"event_name":"Accursed Blacksmith","player_choice":"Forge","floor":5,"damage_taken":0},{"event_name":"The Lab","player_choice":"Got Potions","floor":10,"damage_taken":0},{"event_name":"The Woman in Blue","player_choice":"Bought 1 Potion","floor":14,"damage_taken":0},{"event_name":"Vampires","player_choice":"Became a vampire","floor":19,"damage_taken":0},{"event_name":"Forgotten Altar","player_choice":"Shed Blood","floor":22,"damage_taken":0},{"event_name":"Cursed Tome","player_choice":"Ignored","floor":31,"damage_taken":0}],"boss_relics":[{"not_picked":["Question Card","Astrolabe"],"picked":"Runic Pyramid"}],"potions_floor_spawned":[1,4,21,25,29],"seed_played":"3844454695219752391","killed_by":"Automaton","ascension_level":0,"is_trial":false}