{"gold_per_floor":[111,111,30,30,49,49,59,59,105,132,196,206,237,251,251,352,352,368,378,135,135,147,147,174,174,256,39,39,39,39,74,74,177,177,188,201,221,22,36,36,36,54,54,54,54,65,65,79,79,79],"floor_reached":51,"playtime":3737,"items_purged":["Strike_R","Defend_R","Battle Trance"],"score":803,"play_id":"bca68c6a-6cbf-4de3-9584-ac5c9487c263","local_time":"20181202022144","is_ascension_mode":true,"campfire_choices":[{"data":"Thunderclap","floor":6,"key":"SMITH"},{"data":"Whirlwind","floor":15,"key":"SMITH"},{"data":"Havoc","floor":23,"key":"SMITH"},{"data":"Havoc","floor":25,"key":"SMITH"},{"data":"Sever Soul","floor":29,"key":"SMITH"},{"data":"Seeing Red","floor":32,"key":"SMITH"},{"floor":40,"key":"REST"},{"data":"Corruption","floor":45,"key":"SMITH"},{"data":"Exhume","floor":47,"key":"SMITH"},{"data":"Disarm","floor":49,"key":"SMITH"}],"neow_cost":"NONE","seed_source_timestamp":820833080074761,"circlet_count":0,"master_deck":["Strike_R","Strike_R","Defend_R","Defend_R","Defend_R","Carnage+1","Intimidate","Thunderclap+1","Spot Weakness","Whirlwind+1","Dropkick","Disarm+1","Havoc+1","Exhume+1","Pommel Strike+1","Disarm","Seeing Red+1","Bandage Up","Evolve","Havoc+1","Impervious","Warcry+1","Sever Soul+1","True Grit+1","True Grit+1","Seeing Red+1","True Grit+1","Corruption+1","Shrug It Off+1","Limit Break+1"],"relics":["Burning Blood","Dream Catcher","Centennial Puzzle","Dead Branch","Pocketwatch","Sozu","StoneCalendar","Toxic Egg 2","Matryoshka","Runic Cube","Pear","Spirit Poop"],"potions_floor_usage":[10,50,50,50],"damage_taken":[{"damage":2,"enemies":"Jaw Worm","floor":1,"turns":3},{"damage":0,"enemies":"Small Slimes","floor":5,"turns":5},{"damage":4,"enemies":"2 Louse","floor":7,"turns":2},{"damage":10,"enemies":"3 Sentries","floor":10,"turns":4},{"damage":8,"enemies":"Gremlin Nob","floor":11,"turns":3},{"damage":2,"enemies":"2 Fungi Beasts","floor":12,"turns":3},{"damage":8,"enemies":"Gremlin Nob","floor":13,"turns":3},{"damage":9,"enemies":"3 Louse","floor":14,"turns":2},{"damage":47,"enemies":"The Guardian","floor":16,"turns":10},{"damage":19,"enemies":"Shell Parasite","floor":18,"turns":4},{"damage":0,"enemies":"3 Byrds","floor":19,"turns":3},{"damage":6,"enemies":"Centurion and Healer","floor":22,"turns":3},{"damage":16,"enemies":"Gremlin Leader","floor":24,"turns":6},{"damage":11,"enemies":"Book of Stabbing","floor":31,"turns":6},{"damage":39,"enemies":"Automaton","floor":33,"turns":7},{"damage":0,"enemies":"Orb Walker","floor":35,"turns":3},{"damage":19,"enemies":"3 Darklings","floor":36,"turns":3},{"damage":55,"enemies":"Transient","floor":37,"turns":5},{"damage":0,"enemies":"Writhing Mass","floor":39,"turns":3},{"damage":3,"enemies":"3 Darklings","floor":42,"turns":3},{"damage":6,"enemies":"Spire Growth","floor":46,"turns":3},{"damage":6,"enemies":"Maw","floor":48,"turns":6},{"damage":40,"enemies":"Donu and Deca","floor":50,"turns":5}],"seed_played":"-7128827434957144724","potions_obtained":[{"floor":5,"key":"LiquidBronze"},{"floor":7,"key":"Explosive Potion"},{"floor":10,"key":"Ancient Potion"},{"floor":14,"key":"Regen Potion"}],"is_trial":false,"path_per_floor":["M","?","$","?","M","R","M","?","T","E","?","M","E","M","R","B",null,"M","M","$","?","M","R","E","R","T","$","?","R","$","E","R","B",null,"M","M","M","$","M","R","$","M","T","?","R","M","R","M","R","B",null],"character_chosen":"IRONCLAD","items_purchased":["Intimidate","Seeing Red","Bandage Up","Warcry+1","Sever Soul","Corruption"],"campfire_rested":1,"item_purchase_floors":[3,20,20,27,27,38],"current_hp_per_floor":[80,73,73,73,79,79,80,80,80,76,74,78,76,73,73,32,80,67,73,73,73,77,77,70,70,70,70,70,70,70,69,69,40,80,80,71,26,26,36,60,60,63,73,73,73,77,77,81,81,65],"gold":79,"neow_bonus":"TRANSFORM_CARD","is_prod":false,"is_daily":false,"chose_seed":false,"campfire_upgraded":9,"win_rate":0,"timestamp":1543738904,"path_taken":["M","?","$","?","M","R","M","?","T","E","?","M","E","M","R","BOSS","M","M","$","?","?","R","E","R","T","$","?","R","?","E","R","BOSS","M","?","M","$","M","R","$","M","T","?","R","?","R","?","R","BOSS"],"build_version":"2018-11-15","purchased_purges":3,"victory":true,"max_hp_per_floor":[80,80,80,80,80,80,80,80,80,80,80,80,80,80,80,80,80,80,80,80,80,80,80,80,80,80,80,80,80,80,80,80,80,80,80,80,80,80,80,80,80,80,90,87,87,87,87,87,87,87],"card_choices":[{"not_picked":["Anger","Body Slam"],"picked":"Battle Trance","floor":1},{"not_picked":["Armaments","Feel No Pain"],"picked":"Thunderclap","floor":5},{"not_picked":["Second Wind","Fire Breathing","Armaments"],"picked":"SKIP","floor":7},{"not_picked":["Evolve","True Grit"],"picked":"Spot Weakness","floor":10},{"not_picked":["Sword Boomerang","Infernal Blade"],"picked":"Whirlwind","floor":11},{"not_picked":["Entrench","Second Wind"],"picked":"Dropkick","floor":12},{"not_picked":["Ghostly Armor","Pommel Strike"],"picked":"Disarm","floor":13},{"not_picked":["Reaper","Flex"],"picked":"Havoc","floor":14},{"not_picked":["Barricade","Demon Form"],"picked":"Exhume","floor":16},{"not_picked":["Disarm","Body Slam"],"picked":"Pommel Strike+1","floor":18},{"not_picked":["Anger","Clash"],"picked":"Disarm","floor":19},{"not_picked":["Rupture","Armaments"],"picked":"Havoc","floor":22},{"not_picked":["Inflame","Havoc"],"picked":"Impervious","floor":24},{"not_picked":["Cleave","Blood for Blood"],"picked":"True Grit+1","floor":31},{"not_picked":["Metallicize+1","Heavy Blade+1","Bloodletting+1"],"picked":"SKIP","floor":35},{"not_picked":["Burning Pact+1","Sword Boomerang"],"picked":"Seeing Red+1","floor":36},{"not_picked":["Blood for Blood+1","Body Slam"],"picked":"True Grit+1","floor":37},{"not_picked":["Second Wind+1","Body Slam"],"picked":"Shrug It Off+1","floor":39},{"not_picked":["Cleave","Dropkick+1"],"picked":"Limit Break+1","floor":40},{"not_picked":["Clash+1","Armaments+1","Anger"],"picked":"SKIP","floor":42},{"not_picked":["Sword Boomerang+1","Heavy Blade+1","Cleave+1"],"picked":"SKIP","floor":46},{"not_picked":["Anger","Sword Boomerang+1","Iron Wave+1"],"picked":"SKIP","floor":48}],"player_experience":624667,"relics_obtained":[{"floor":9,"key":"Dream Catcher"},{"floor":10,"key":"Centennial Puzzle"},{"floor":13,"key":"Pocketwatch"},{"floor":24,"key":"StoneCalendar"},{"floor":26,"key":"Toxic Egg 2"},{"floor":31,"key":"Matryoshka"},{"floor":43,"key":"Pear"}],"event_choices":[{"cards_removed":["Strike_R"],"damage_healed":0,"gold_gain":0,"player_choice":"Card Removal","damage_taken":7,"max_hp_gain":0,"max_hp_loss":0,"event_name":"Golden Wing","floor":2,"gold_loss":0},{"damage_healed":0,"gold_gain":0,"player_choice":"Leave","damage_taken":0,"max_hp_gain":0,"max_hp_loss":0,"event_name":"The Cleric","floor":4,"gold_loss":0},{"damage_healed":0,"gold_gain":0,"player_choice":"Grow","damage_taken":0,"max_hp_gain":0,"max_hp_loss":0,"event_name":"Living Wall","floor":8,"gold_loss":0,"cards_upgraded":["Carnage"]},{"damage_healed":0,"gold_gain":0,"player_choice":"Searched \u00272\u0027 times","damage_taken":0,"relics_obtained":["Dead Branch"],"max_hp_gain":0,"max_hp_loss":0,"event_name":"Dead Adventurer","floor":11,"gold_loss":0},{"damage_healed":0,"gold_gain":0,"cards_transformed":["Bash"],"player_choice":"Transformed","damage_taken":0,"max_hp_gain":0,"max_hp_loss":0,"event_name":"Transmorgrifier","floor":21,"gold_loss":0,"cards_obtained":["Evolve"]},{"damage_healed":0,"gold_gain":0,"player_choice":"Read","damage_taken":0,"max_hp_gain":0,"max_hp_loss":0,"event_name":"The Library","floor":28,"gold_loss":0,"cards_obtained":["True Grit"]},{"cards_removed":["Parasite"],"damage_healed":0,"gold_gain":0,"player_choice":"Offered Curse","damage_taken":0,"relics_obtained":["Spirit Poop"],"max_hp_gain":0,"max_hp_loss":0,"event_name":"Bonfire Elementals","floor":44,"gold_loss":0}],"is_beta":false,"boss_relics":[{"not_picked":["Tiny House","Cursed Key"],"picked":"Sozu"},{"not_picked":["Empty Cage","Velvet Choker"],"picked":"Runic Cube"}],"items_purged_floors":[20,27,38],"is_endless":false,"potions_floor_spawned":[5,7,10,14,18,22,24,33,35,36,39,46,48],"ascension_level":4}