{"gold_per_floor":[119,46,46,67,67,111,111,126,204,204,248,97,97,97,97,217,217,217,217,217,217,217,217,217,217,217,217,217,217,217,217,217,217],"floor_reached":33,"playtime":2202,"items_purged":["Defend_B"],"score":427,"play_id":"27077ea5-ed19-4334-a299-093409b4b07d","local_time":"20190924143416","is_ascension_mode":true,"campfire_choices":[{"data":"Glacier","floor":10,"key":"SMITH"},{"data":"Echo Form","floor":13,"key":"SMITH"},{"data":"Dualcast","floor":15,"key":"SMITH"},{"data":"Streamline","floor":23,"key":"SMITH"},{"floor":25,"key":"REST"},{"floor":30,"key":"REST"},{"floor":32,"key":"REST"}],"neow_cost":"NONE","seed_source_timestamp":132230482886499,"circlet_count":0,"master_deck":["Strike_B","Strike_B","Strike_B","Defend_B","Defend_B","Defend_B","Zap","Dualcast+1","Streamline+1","Glacier+1","Conserve Battery","Cold Snap","Echo Form+1","Rebound","Redo+1","Leap+1","White Noise+1"],"relics":["Cracked Core","NeowsBlessing","Golden Idol","Oddly Smooth Stone","Mercury Hourglass","Orichalcum","Question Card","Ectoplasm","Molten Egg 2","Bronze Scales","The Courier"],"potions_floor_usage":[16,16,21,24,28],"damage_taken":[{"damage":0,"enemies":"2 Louse","floor":1,"turns":1},{"damage":0,"enemies":"Small Slimes","floor":4,"turns":1},{"damage":0,"enemies":"Gremlin Nob","floor":6,"turns":1},{"damage":0,"enemies":"Jaw Worm","floor":8,"turns":3},{"damage":8,"enemies":"Lagavulin","floor":11,"turns":9},{"damage":26,"enemies":"Hexaghost","floor":16,"turns":10},{"damage":0,"enemies":"Shell Parasite","floor":18,"turns":7},{"damage":0,"enemies":"3 Byrds","floor":20,"turns":4},{"damage":16,"enemies":"Shelled Parasite and Fungi","floor":21,"turns":8},{"damage":8,"enemies":"3 Cultists","floor":22,"turns":6},{"damage":27,"enemies":"Book of Stabbing","floor":24,"turns":6},{"damage":29,"enemies":"Slavers","floor":28,"turns":4},{"damage":16,"enemies":"Snake Plant","floor":31,"turns":4},{"damage":54,"enemies":"Champ","floor":33,"turns":13}],"seed_played":"-3437480987453686330","potions_obtained":[{"floor":4,"key":"Dexterity Potion"},{"floor":6,"key":"Block Potion"},{"floor":11,"key":"Dexterity Potion"},{"floor":18,"key":"LiquidBronze"},{"floor":21,"key":"Poison Potion"}],"is_trial":false,"path_per_floor":["M","$","?","M","$","E","?","M","T","R","E","$","R","T","R","B",null,"M","?","M","M","M","R","E","R","T","T","E","?","R","M","R","B"],"character_chosen":"DEFECT","items_purchased":["Glacier","Echo Form"],"campfire_rested":3,"item_purchase_floors":[2,12],"current_hp_per_floor":[68,68,68,68,68,68,73,73,73,73,65,65,65,65,65,39,65,65,65,65,49,41,41,14,36,36,36,7,7,29,13,35,0],"gold":217,"neow_bonus":"THREE_ENEMY_KILL","is_prod":false,"is_daily":false,"chose_seed":false,"campfire_upgraded":4,"win_rate":0,"timestamp":1569353656,"path_taken":["M","$","?","M","$","E","?","M","T","R","E","$","R","?","R","BOSS","M","?","M","?","M","R","E","R","T","?","E","?","R","?","R","BOSS"],"build_version":"2019-07-17","purchased_purges":1,"victory":false,"max_hp_per_floor":[75,75,69,69,69,69,74,74,74,74,74,74,74,74,74,74,74,74,74,74,74,74,74,74,74,74,74,74,74,74,74,74,74],"card_choices":[{"not_picked":["Chaos","Stack"],"picked":"Streamline","floor":1},{"not_picked":["Hologram","Amplify","Scrape"],"picked":"SKIP","floor":4},{"not_picked":["Go for the Eyes","Sweeping Beam"],"picked":"Conserve Battery","floor":6},{"not_picked":["Beam Cell","Stack"],"picked":"Cold Snap","floor":8},{"not_picked":["Streamline","Double Energy","Gash"],"picked":"SKIP","floor":11},{"not_picked":["Coolheaded","Steam","Cold Snap"],"picked":"Rebound","floor":18},{"not_picked":["Sweeping Beam","Turbo","Streamline"],"picked":"Redo+1","floor":20},{"not_picked":["Fusion","Lockon+1","Sweeping Beam","Compile Driver"],"picked":"SKIP","floor":21},{"not_picked":["Doom and Gloom","Hello World","Beam Cell","BootSequence"],"picked":"SKIP","floor":22},{"not_picked":["Self Repair","Hologram+1","Steam"],"picked":"Leap+1","floor":24},{"not_picked":["Consume","Thunder Strike+1","Darkness+1"],"picked":"White Noise+1","floor":28},{"not_picked":["Fusion","Consume","Rebound+1","Static Discharge"],"picked":"SKIP","floor":31}],"player_experience":761040,"relics_obtained":[{"floor":6,"key":"Oddly Smooth Stone"},{"floor":9,"key":"Mercury Hourglass"},{"floor":11,"key":"Orichalcum"},{"floor":14,"key":"Question Card"},{"floor":24,"key":"Molten Egg 2"},{"floor":26,"key":"Bronze Scales"},{"floor":28,"key":"The Courier"}],"event_choices":[{"damage_healed":0,"gold_gain":0,"player_choice":"Lose Max HP","damage_taken":0,"relics_obtained":["Golden Idol"],"max_hp_gain":0,"max_hp_loss":6,"event_name":"Golden Idol","floor":3,"gold_loss":0},{"damage_healed":0,"gold_gain":0,"player_choice":"Donut","damage_taken":0,"max_hp_gain":5,"max_hp_loss":0,"event_name":"Big Fish","floor":7,"gold_loss":0},{"damage_healed":0,"gold_gain":0,"player_choice":"Ignored","damage_taken":0,"max_hp_gain":0,"max_hp_loss":0,"event_name":"N\u0027loth","floor":19,"gold_loss":0},{"cards_removed":["Strike_B"],"damage_healed":0,"gold_gain":0,"player_choice":"Purged","damage_taken":0,"max_hp_gain":0,"max_hp_loss":0,"event_name":"Purifier","floor":29,"gold_loss":0}],"is_beta":false,"boss_relics":[{"not_picked":["Lizard Tail","Pandora\u0027s Box"],"picked":"Ectoplasm"}],"items_purged_floors":[12],"is_endless":false,"potions_floor_spawned":[4,6,11,18,21],"killed_by":"Champ","ascension_level":7}