{"gold_per_floor":[14,89,89,110,86,129,129,153,153,153,178,199,199,233,233,364,427,452,452,452,452,466,466,482,482,561,561],"floor_reached":27,"playtime":1013,"items_purged":[],"score":265,"play_id":"dba6400a-f795-4321-b2b7-27a0ef06109e","local_time":"20181126233337","is_ascension_mode":true,"campfire_choices":[{"data":"Immolate","floor":7,"key":"SMITH"},{"data":"True Grit","floor":13,"key":"SMITH"},{"data":"Iron Wave","floor":15,"key":"SMITH"},{"data":"Barricade","floor":23,"key":"SMITH"},{"data":"Dark Embrace","floor":25,"key":"SMITH"}],"neow_cost":"NO_GOLD","seed_source_timestamp":381465206047454,"circlet_count":0,"master_deck":["Strike_R+1","Strike_R+1","Strike_R+1","Strike_R+1","Strike_R+1","Defend_R+1","Defend_R+1","Defend_R+1","Defend_R+1","Bash","Immolate+1","Iron Wave+1","Reckless Charge","Shrug It Off","Infernal Blade+1","Shrug It Off","Flex","True Grit+1","Pommel Strike","Barricade+1","Burning Pact+1","True Grit+1","Body Slam","Dark Embrace+1"],"relics":["Burning Blood","Bloody Idol","Gremlin Horn","Centennial Puzzle","Toxic Egg 2","Tiny House","Bottled Tornado","Matryoshka"],"potions_floor_usage":[12,16,16,24],"damage_taken":[{"damage":0,"enemies":"2 Louse","floor":1,"turns":2},{"damage":3,"enemies":"Jaw Worm","floor":4,"turns":4},{"damage":32,"enemies":"Gremlin Nob","floor":6,"turns":5},{"damage":0,"enemies":"Small Slimes","floor":8,"turns":3},{"damage":5,"enemies":"Blue Slaver","floor":11,"turns":2},{"damage":4,"enemies":"Exordium Thugs","floor":12,"turns":3},{"damage":2,"enemies":"3 Sentries","floor":14,"turns":2},{"damage":72,"enemies":"Hexaghost","floor":16,"turns":11},{"damage":27,"enemies":"Shell Parasite","floor":18,"turns":5},{"damage":11,"enemies":"2 Thieves","floor":22,"turns":3},{"damage":35,"enemies":"Centurion and Healer","floor":24,"turns":5},{"damage":0,"enemies":"Slavers","floor":27,"turns":1}],"seed_played":"6056007087730179995","potions_obtained":[{"floor":6,"key":"BloodPotion"},{"floor":11,"key":"Fruit Juice"},{"floor":12,"key":"BloodPotion"},{"floor":17,"key":"Energy Potion"},{"floor":24,"key":"AttackPotion"}],"is_trial":false,"path_per_floor":["M","?","?","M","$","E","R","M","T","?","M","M","R","E","R","B",null,"M","?","?","T","M","R","M","R","T","E"],"character_chosen":"IRONCLAD","items_purchased":["Shrug It Off"],"campfire_rested":0,"item_purchase_floors":[5],"current_hp_per_floor":[80,69,69,72,72,46,46,52,52,52,53,60,60,64,64,12,84,63,63,63,63,68,68,44,44,49,49],"gold":561,"neow_bonus":"THREE_RARE_CARDS","is_prod":false,"is_daily":false,"chose_seed":false,"campfire_upgraded":5,"win_rate":0,"timestamp":1543296817,"path_taken":["M","?","?","M","$","E","R","M","T","?","M","M","R","E","R","BOSS","M","?","?","?","?","R","M","R","T","E"],"build_version":"2018-11-15","purchased_purges":0,"victory":false,"max_hp_per_floor":[80,80,74,74,74,74,74,74,74,74,74,79,79,79,79,79,84,84,84,84,84,84,84,84,84,84,84],"card_choices":[{"not_picked":["Bludgeon","Reaper"],"picked":"Immolate","floor":0},{"not_picked":["Perfected Strike","Uppercut"],"picked":"Iron Wave","floor":1},{"not_picked":["Dual Wield","Heavy Blade"],"picked":"Reckless Charge","floor":4},{"not_picked":["Thunderclap","Dual Wield"],"picked":"Infernal Blade","floor":6},{"not_picked":["Thunderclap","Anger"],"picked":"Shrug It Off","floor":8},{"not_picked":["Sword Boomerang","Iron Wave"],"picked":"Flex","floor":11},{"not_picked":["Disarm","Limit Break"],"picked":"True Grit","floor":12},{"not_picked":["Sword Boomerang","Sentinel"],"picked":"Pommel Strike","floor":14},{"not_picked":["Impervious+1","Feed"],"picked":"Barricade","floor":16},{"not_picked":["Anger","Carnage"],"picked":"Burning Pact+1","floor":17},{"not_picked":["Pommel Strike","Flame Barrier+1"],"picked":"True Grit+1","floor":18},{"not_picked":["Fire Breathing","Havoc+1"],"picked":"Body Slam","floor":22},{"not_picked":["Pommel Strike","Clash"],"picked":"Dark Embrace","floor":24}],"player_experience":622877,"relics_obtained":[{"floor":6,"key":"Gremlin Horn"},{"floor":9,"key":"Centennial Puzzle"},{"floor":14,"key":"Toxic Egg 2"},{"floor":21,"key":"Bottled Tornado"},{"floor":26,"key":"Matryoshka"}],"event_choices":[{"damage_healed":0,"gold_gain":75,"player_choice":"Gather Gold","damage_taken":11,"max_hp_gain":0,"max_hp_loss":0,"event_name":"World of Goop","floor":2,"gold_loss":0},{"damage_healed":0,"gold_gain":0,"player_choice":"Lose Max HP","damage_taken":0,"relics_obtained":["Golden Idol"],"max_hp_gain":0,"max_hp_loss":6,"event_name":"Golden Idol","floor":3,"gold_loss":0},{"damage_healed":0,"gold_gain":0,"player_choice":"Ignored","damage_taken":0,"max_hp_gain":0,"max_hp_loss":0,"event_name":"Liars Game","floor":10,"gold_loss":0},{"damage_healed":0,"gold_gain":0,"player_choice":"Simplicity","damage_taken":0,"max_hp_gain":0,"max_hp_loss":0,"event_name":"Back to Basics","floor":19,"gold_loss":0,"cards_upgraded":["Strike_R","Strike_R","Strike_R","Strike_R","Strike_R","Defend_R","Defend_R","Defend_R","Defend_R"]},{"damage_healed":0,"gold_gain":0,"player_choice":"Gave Idol","damage_taken":0,"relics_obtained":["Bloody Idol"],"max_hp_gain":0,"max_hp_loss":0,"event_name":"Forgotten Altar","floor":20,"relics_lost":["Golden Idol"],"gold_loss":0}],"is_beta":false,"boss_relics":[{"not_picked":["Runic Pyramid","Coffee Dripper"],"picked":"Tiny House"}],"items_purged_floors":[],"is_endless":false,"potions_floor_spawned":[6,11,12,24],"killed_by":"Slavers","ascension_level":4}