{"gold_per_floor":[112,287,304,320,339,364,364,4,4,22,22,47,90,113,113,243,243,258,297,321,321,236,236,275,295,320,36,55,95,5,41,41,161,161,175,16,36,54,75,75,115,133,133,168,243,278,299,343,343,343,343,343,36,80,80],"floor_reached":56,"playtime":12955,"items_purged":["Doubt"],"score":1520,"play_id":"d32f0315-7d11-4d1f-9efc-06fd7d7b7304","local_time":"20191027021415","is_ascension_mode":true,"campfire_choices":[{"floor":7,"key":"RECALL"},{"floor":15,"key":"REST"},{"floor":23,"key":"REST"},{"floor":32,"key":"REST"},{"floor":40,"key":"REST"},{"floor":49,"key":"REST"},{"floor":52,"key":"REST"}],"neow_cost":"NONE","seed_source_timestamp":35267835602500,"circlet_count":0,"master_deck":["Zap","Dualcast","Redo","Storm","BootSequence","Glacier","Heatsinks","Core Surge","Injury","Compile Driver","Blizzard","Chill","Rainbow+1","Sweeping Beam","Double Energy","Glacier+1","Conserve Battery","FTL","Skim","Reboot","Lockon","Hologram+1","Coolheaded+1","Redo+1","Fusion+1","Genetic Algorithm+1","Undo+1","Jack Of All Trades+1","Defragment","Stack+1","Melter","Jack Of All Trades+1","Storm","Seek+1","Lockon","Redo+1","Creative AI","White Noise+1","Gash","Melter+1","Recycle+1","Aggregate+1","Auto Shields+1","Hello World+1","Heatsinks","Defragment+1","Gash","Fusion+1","Double Energy+1","Compile Driver","Panache","Thunder Strike"],"relics":["Fusion Hammer","Cables","Torii","Golden Idol","Pear","Pandora\u0027s Box","Red Mask","Toxic Egg 2","Prayer Wheel","Oddly Smooth Stone","Strange Spoon","War Paint","Pocketwatch","Busted Crown","Pen Nib","Smiling Mask","Bottled Lightning","Potion Belt","The Courier","Cauldron","Lantern"],"potions_floor_usage":[6,12,16,16,19,29,31,41,44,46,50,53,54,55,55,55,55],"damage_taken":[{"damage":0,"enemies":"2 Louse","floor":1,"turns":2},{"damage":10,"enemies":"Small Slimes","floor":3,"turns":4},{"damage":6,"enemies":"Jaw Worm","floor":4,"turns":4},{"damage":7,"enemies":"Looter","floor":5,"turns":5},{"damage":10,"enemies":"3 Sentries","floor":6,"turns":12},{"damage":1,"enemies":"Large Slime","floor":10,"turns":7},{"damage":1,"enemies":"Exordium Wildlife","floor":12,"turns":4},{"damage":16,"enemies":"Gremlin Nob","floor":13,"turns":6},{"damage":1,"enemies":"Red Slaver","floor":14,"turns":3},{"damage":18,"enemies":"Slime Boss","floor":16,"turns":13},{"damage":1,"enemies":"Shell Parasite","floor":18,"turns":7},{"damage":6,"enemies":"Masked Bandits","floor":19,"turns":4},{"damage":0,"enemies":"Spheric Guardian","floor":20,"turns":4},{"damage":6,"enemies":"Book of Stabbing","floor":24,"turns":5},{"damage":0,"enemies":"Snecko","floor":25,"turns":4},{"damage":9,"enemies":"Sentry and Sphere","floor":28,"turns":6},{"damage":0,"enemies":"Gremlin Leader","floor":29,"turns":7},{"damage":19,"enemies":"Book of Stabbing","floor":31,"turns":6},{"damage":28,"enemies":"Champ","floor":33,"turns":11},{"damage":1,"enemies":"Orb Walker","floor":35,"turns":3},{"damage":5,"enemies":"3 Shapes","floor":37,"turns":4},{"damage":1,"enemies":"3 Darklings","floor":38,"turns":8},{"damage":30,"enemies":"Jaw Worm Horde","floor":39,"turns":6},{"damage":0,"enemies":"Nemesis","floor":41,"turns":5},{"damage":0,"enemies":"Maw","floor":42,"turns":6},{"damage":0,"enemies":"Giant Head","floor":44,"turns":9},{"damage":1,"enemies":"Reptomancer","floor":46,"turns":5},{"damage":0,"enemies":"4 Shapes","floor":47,"turns":4},{"damage":7,"enemies":"Nemesis","floor":48,"turns":5},{"damage":61,"enemies":"Time Eater","floor":50,"turns":13},{"damage":10,"enemies":"Shield and Spear","floor":54,"turns":5},{"damage":63,"enemies":"The Heart","floor":55,"turns":8}],"seed_played":"3140838503087985047","potions_obtained":[{"floor":3,"key":"Block Potion"},{"floor":6,"key":"EssenceOfSteel"},{"floor":10,"key":"Strength Potion"},{"floor":13,"key":"Poison Potion"},{"floor":18,"key":"Energy Potion"},{"floor":20,"key":"Block Potion"},{"floor":28,"key":"AttackPotion"},{"floor":33,"key":"Energy Potion"},{"floor":35,"key":"SpeedPotion"},{"floor":39,"key":"LiquidBronze"},{"floor":41,"key":"Energy Potion"},{"floor":46,"key":"Regen Potion"},{"floor":48,"key":"Regen Potion"},{"floor":53,"key":"Fruit Juice"},{"floor":53,"key":"AttackPotion"},{"floor":53,"key":"FearPotion"},{"floor":53,"key":"LiquidBronze"}],"is_trial":false,"path_per_floor":["M","?","M","M","M","E","R","$","T","M","?","M","E","M","R","B",null,"M","?","M","?","?","R","E","M","T","$","M","E","$","E","R","B",null,"M","$","M","M","M","R","E","M","T","E","?","E","M","E","R","B",null,"R","$","E","B",null],"character_chosen":"DEFECT","items_purchased":["Torii","Strange Spoon","Jack Of All Trades+1","Jack Of All Trades+1","Creative AI","White Noise+1","Cauldron","Panache"],"campfire_rested":6,"item_purchase_floors":[8,27,27,30,36,36,53,53],"current_hp_per_floor":[75,75,65,59,52,42,42,42,42,41,41,40,34,33,58,40,85,84,78,78,78,78,85,79,79,79,79,70,70,70,51,76,48,85,84,84,79,78,48,73,73,73,73,73,65,64,64,57,82,21,85,85,90,80,62],"gold":80,"neow_bonus":"BOSS_RELIC","is_prod":false,"is_daily":false,"chose_seed":false,"campfire_upgraded":0,"win_rate":0,"timestamp":1572135255,"path_taken":["M","?","M","M","M","E","R","$","T","M","?","M","E","M","R","BOSS","M","?","M","?","?","R","E","M","T","$","?","E","?","E","R","BOSS","M","$","M","M","M","R","E","M","T","E","?","E","?","E","R","BOSS","R","$","E","BOSS"],"build_version":"2019-07-17","purchased_purges":1,"victory":true,"max_hp_per_floor":[75,75,75,75,75,75,75,75,75,75,75,75,85,85,85,85,85,85,85,85,85,85,85,85,85,85,85,85,85,85,85,85,85,85,85,85,85,85,85,85,85,85,85,85,85,85,85,85,85,85,85,85,90,90,90],"card_choices":[{"not_picked":["Steam","Scrape"],"picked":"Redo","floor":1},{"not_picked":["Rebound","Redo"],"picked":"Storm","floor":3},{"not_picked":["Rebound","Leap"],"picked":"BootSequence","floor":4},{"not_picked":["Storm","Leap"],"picked":"Glacier","floor":5},{"not_picked":["Coolheaded","Steam"],"picked":"Heatsinks","floor":6},{"not_picked":["Barrage","Coolheaded"],"picked":"Core Surge","floor":10},{"not_picked":["Streamline","Ball Lightning"],"picked":"Compile Driver","floor":12},{"not_picked":["Glacier","Go for the Eyes"],"picked":"Blizzard","floor":13},{"not_picked":["Redo","Heatsinks"],"picked":"Chill","floor":14},{"not_picked":["Biased Cognition","Seek"],"picked":"Rainbow","floor":16},{"not_picked":["Conserve Battery","Go for the Eyes"],"picked":"Hologram+1","floor":18},{"not_picked":["Rebound","Turbo"],"picked":"Coolheaded+1","floor":19},{"not_picked":["Streamline","Stack+1"],"picked":"Redo+1","floor":20},{"not_picked":["Steam+1","Biased Cognition"],"picked":"Fusion+1","floor":24},{"not_picked":["Ball Lightning","Beam Cell"],"picked":"Genetic Algorithm+1","floor":25},{"not_picked":["Steam Power+1","Hologram+1"],"picked":"Undo+1","floor":25},{"not_picked":["Lockon","Turbo+1"],"picked":"Defragment","floor":28},{"not_picked":["Redo+1","Sweeping Beam"],"picked":"Stack+1","floor":28},{"not_picked":["Streamline","Reprogram+1"],"picked":"Melter","floor":29},{"not_picked":["Sunder","Steam+1"],"picked":"Storm","floor":31},{"not_picked":["Biased Cognition","Thunder Strike"],"picked":"Seek+1","floor":33},{"not_picked":[],"picked":"Lockon","floor":35},{"not_picked":[],"picked":"Redo+1","floor":35},{"not_picked":[],"picked":"Gash","floor":37},{"not_picked":[],"picked":"Melter+1","floor":37},{"not_picked":[],"picked":"Recycle+1","floor":38},{"not_picked":[],"picked":"Aggregate+1","floor":38},{"not_picked":[],"picked":"Auto Shields+1","floor":39},{"not_picked":["Rebound"],"picked":"SKIP","floor":39},{"not_picked":[],"picked":"Hello World+1","floor":41},{"not_picked":[],"picked":"Heatsinks","floor":42},{"not_picked":[],"picked":"Defragment+1","floor":42},{"not_picked":[],"picked":"Gash","floor":44},{"not_picked":["Cold Snap"],"picked":"SKIP","floor":46},{"not_picked":[],"picked":"Fusion+1","floor":47},{"not_picked":[],"picked":"Double Energy+1","floor":47},{"not_picked":[],"picked":"Compile Driver","floor":48},{"not_picked":[],"picked":"Thunder Strike","floor":54}],"player_experience":263656,"relics_obtained":[{"floor":6,"key":"Cables"},{"floor":13,"key":"Pear"},{"floor":19,"key":"Red Mask"},{"floor":24,"key":"Prayer Wheel"},{"floor":26,"key":"Oddly Smooth Stone"},{"floor":29,"key":"War Paint"},{"floor":31,"key":"Pocketwatch"},{"floor":41,"key":"Pen Nib"},{"floor":43,"key":"Smiling Mask"},{"floor":44,"key":"Bottled Lightning"},{"floor":46,"key":"Potion Belt"},{"floor":48,"key":"The Courier"},{"floor":54,"key":"Lantern"}],"event_choices":[{"damage_healed":0,"gold_gain":175,"player_choice":"AGREE","damage_taken":0,"max_hp_gain":0,"max_hp_loss":0,"event_name":"Liars Game","floor":2,"gold_loss":0,"cards_obtained":["Doubt"]},{"damage_healed":0,"gold_gain":0,"player_choice":"Take Wound","damage_taken":0,"relics_obtained":["Golden Idol"],"max_hp_gain":0,"max_hp_loss":0,"event_name":"Golden Idol","floor":11,"gold_loss":0,"cards_obtained":["Injury"]},{"damage_healed":0,"gold_gain":0,"player_choice":"Fought Bandits","damage_taken":0,"max_hp_gain":0,"max_hp_loss":0,"event_name":"Masked Bandits","floor":19,"gold_loss":0},{"damage_healed":0,"gold_gain":0,"player_choice":"Ignored","damage_taken":0,"max_hp_gain":0,"max_hp_loss":0,"event_name":"Ghosts","floor":21,"gold_loss":0},{"damage_healed":0,"gold_gain":0,"player_choice":"Obtained Relic","damage_taken":0,"relics_obtained":["Toxic Egg 2"],"max_hp_gain":0,"max_hp_loss":0,"event_name":"Addict","floor":22,"gold_loss":85},{"damage_healed":0,"gold_gain":75,"player_choice":"Touch","damage_taken":8,"max_hp_gain":0,"max_hp_loss":0,"event_name":"FaceTrader","floor":45,"gold_loss":0}],"is_beta":false,"boss_relics":[{"not_picked":["Coffee Dripper","Orrery"],"picked":"Pandora\u0027s Box"},{"not_picked":["Runic Pyramid","Empty Cage"],"picked":"Busted Crown"}],"items_purged_floors":[8],"is_endless":false,"potions_floor_spawned":[3,6,10,13,18,20,28,33,35,39,41,46,48],"ascension_level":1}