{"gold_per_floor":[119,45,55,55,78,78,109,109,109,127,145,145],"floor_reached":12,"playtime":607,"items_purged":[],"score":128,"play_id":"a366f478-2599-4786-bb01-2c34f00b66d8","local_time":"20191027224306","is_ascension_mode":true,"campfire_choices":[{"data":"Zap","floor":6,"key":"SMITH"},{"data":"Dualcast","floor":8,"key":"SMITH"}],"neow_cost":"NONE","seed_source_timestamp":31589550743200,"circlet_count":0,"master_deck":["AscendersBane","Strike_B","Strike_B","Strike_B","Strike_B","Defend_B","Defend_B","Defend_B","Defend_B","Zap+1","Dualcast+1","Ball Lightning","Ball Lightning","Rainbow","Hello World","Conserve Battery","Double Energy","Redo","Leap"],"relics":["Cracked Core","Golden Idol","Symbiotic Virus","Ornamental Fan"],"potions_floor_usage":[12,12],"damage_taken":[{"damage":4,"enemies":"Jaw Worm","floor":1,"turns":4},{"damage":1,"enemies":"2 Louse","floor":3,"turns":2},{"damage":5,"enemies":"Small Slimes","floor":5,"turns":2},{"damage":26,"enemies":"3 Sentries","floor":7,"turns":4},{"damage":17,"enemies":"3 Louse","floor":10,"turns":3},{"damage":13,"enemies":"Lots of Slimes","floor":11,"turns":3},{"damage":6,"enemies":"Gremlin Gang","floor":12,"turns":2}],"seed_played":"6888162693824188591","potions_obtained":[{"floor":1,"key":"Poison Potion"},{"floor":3,"key":"SteroidPotion"}],"is_trial":false,"path_per_floor":["M","$","M","?","M","R","E","R","T","M","M","M"],"character_chosen":"DEFECT","items_purchased":["Rainbow"],"campfire_rested":0,"item_purchase_floors":[2],"current_hp_per_floor":[64,64,63,63,58,58,32,32,32,15,2,0],"gold":145,"neow_bonus":"THREE_CARDS","is_prod":false,"is_daily":false,"chose_seed":false,"campfire_upgraded":2,"win_rate":0,"timestamp":1572234186,"path_taken":["M","$","M","?","M","R","E","R","T","M","M","M"],"build_version":"2019-07-17","purchased_purges":0,"victory":false,"max_hp_per_floor":[75,75,75,69,69,69,69,69,69,69,69,69],"card_choices":[{"not_picked":["Genetic Algorithm","Loop"],"picked":"Ball Lightning","floor":0},{"not_picked":["Recycle","Hello World"],"picked":"Ball Lightning","floor":1},{"not_picked":["Reprogram","Aggregate"],"picked":"Hello World","floor":3},{"not_picked":["Barrage","White Noise"],"picked":"Conserve Battery","floor":5},{"not_picked":["Genetic Algorithm","Consume"],"picked":"Double Energy","floor":7},{"not_picked":["Barrage","Lockon"],"picked":"Redo","floor":10},{"not_picked":["Defragment","Self Repair"],"picked":"Leap","floor":11}],"player_experience":938944,"relics_obtained":[{"floor":7,"key":"Symbiotic Virus"},{"floor":9,"key":"Ornamental Fan"}],"event_choices":[{"damage_healed":0,"gold_gain":0,"player_choice":"Lose Max HP","damage_taken":0,"relics_obtained":["Golden Idol"],"max_hp_gain":0,"max_hp_loss":6,"event_name":"Golden Idol","floor":4,"gold_loss":0}],"is_beta":false,"boss_relics":[],"items_purged_floors":[],"is_endless":false,"potions_floor_spawned":[1,3,5,10],"killed_by":"Gremlin Gang","ascension_level":12}