{"gold_per_floor":[109,284,296,296,396,426,426,298,377,377,377,257,288,298,298,403,403,343,343,343,263,263,263,263,263,263,263,263,263,190,190,190,190,190,190,85,85,85,85,85,85,85,85,85,85,85,85,85,85,85],"floor_reached":50,"playtime":4342,"items_purged":["Doubt"],"score":534,"play_id":"c386578f-0fbc-4d80-b240-1924581a88c7","local_time":"20180827205830","is_ascension_mode":false,"campfire_choices":[{"data":"After Image","floor":7,"key":"SMITH"},{"data":"Adrenaline","floor":10,"key":"SMITH"},{"floor":15,"key":"REST"},{"data":"Slice","floor":23,"key":"SMITH"},{"floor":28,"key":"REST"},{"floor":32,"key":"REST"},{"floor":40,"key":"REST"},{"data":"Night Terror","floor":42,"key":"SMITH"},{"data":"A Thousand Cuts","floor":44,"key":"SMITH"},{"data":"Accuracy","floor":46,"key":"SMITH"},{"data":"Infinite Blades","floor":49,"key":"SMITH"}],"neow_cost":"NONE","seed_source_timestamp":851130534779681,"circlet_count":0,"master_deck":["Defend_G","Defend_G","Defend_G","Defend_G","Defend_G","Survivor+1","Neutralize","After Image+1","Escape Plan","Slice+1","Adrenaline+1","Backflip","Footwork","Prepared","Night Terror+1","Blade Dance+1","Infinite Blades+1","Bite","Bite","Bite","Bite","Bite","Expertise","Accuracy+1","A Thousand Cuts+1","Flash of Steel"],"relics":["Ring of the Snake","Singing Bowl","Tiny Chest","Boot","Ectoplasm","MutagenicStrength","Ninja Scroll","Blue Candle","Juzu Bracelet","Vajra","WristBlade","Tingsha","Paper Crane"],"potions_floor_usage":[6,16,50],"damage_taken":[{"damage":0,"enemies":"Small Slimes","floor":1,"turns":7},{"damage":0,"enemies":"2 Louse","floor":3,"turns":4},{"damage":12,"enemies":"Gremlin Nob","floor":6,"turns":5},{"damage":17,"enemies":"3 Sentries","floor":13,"turns":15},{"damage":0,"enemies":"Jaw Worm","floor":14,"turns":3},{"damage":16,"enemies":"The Guardian","floor":16,"turns":24},{"damage":0,"enemies":"2 Thieves","floor":18,"turns":4},{"damage":15,"enemies":"Spheric Guardian","floor":19,"turns":8},{"damage":18,"enemies":"Book of Stabbing","floor":24,"turns":7},{"damage":7,"enemies":"Snake Plant","floor":25,"turns":5},{"damage":45,"enemies":"Gremlin Leader","floor":27,"turns":6},{"damage":20,"enemies":"Champ","floor":33,"turns":11},{"damage":0,"enemies":"Orb Walker","floor":35,"turns":2},{"damage":6,"enemies":"Mind Bloom Boss Battle","floor":37,"turns":6},{"damage":21,"enemies":"3 Darklings","floor":38,"turns":4},{"damage":11,"enemies":"Spire Growth","floor":39,"turns":4},{"damage":6,"enemies":"Maw","floor":41,"turns":7},{"damage":9,"enemies":"4 Shapes","floor":45,"turns":4},{"damage":0,"enemies":"Spire Growth","floor":48,"turns":3},{"damage":128,"enemies":"Time Eater","floor":50,"turns":9}],"seed_played":"-7424696836499500043","potions_obtained":[{"floor":1,"key":"Poison Potion"},{"floor":6,"key":"SkillPotion"},{"floor":13,"key":"FearPotion"},{"floor":18,"key":"LiquidBronze"},{"floor":25,"key":"SpeedPotion"}],"is_trial":false,"path_per_floor":["M","?","M","?","?","E","R","$","T","R","T","$","E","M","R","B",null,"M","M","?","$","?","R","E","M","T","E","R","?","$","T","R","B",null,"M","$","?","M","M","R","M","R","T","R","M","R","$","M","R"],"character_chosen":"THE_SILENT","items_purchased":["Backflip","Footwork","Prepared","Infinite Blades","Accuracy","Flash of Steel"],"campfire_rested":4,"item_purchase_floors":[8,12,12,21,30,36],"current_hp_per_floor":[70,70,70,56,56,44,44,44,44,44,44,44,31,35,57,43,74,76,61,61,61,61,61,61,66,66,31,55,55,55,55,79,67,80,82,82,82,66,63,88,90,90,90,90,85,85,85,91,91,0],"gold":85,"neow_bonus":"TRANSFORM_CARD","is_prod":false,"is_daily":false,"chose_seed":false,"campfire_upgraded":7,"win_rate":0,"timestamp":1535421510,"path_taken":["M","?","M","?","?","E","R","$","T","R","?","?","E","M","R","BOSS","M","M","?","$","?","R","E","M","T","E","R","?","$","?","R","BOSS","M","$","?","M","M","R","M","R","T","R","M","R","?","M","R","BOSS"],"build_version":"2018-08-23v2","purchased_purges":1,"victory":false,"max_hp_per_floor":[70,70,70,70,70,70,70,70,70,70,70,70,72,74,74,74,74,76,76,76,76,76,76,78,80,80,80,80,80,80,80,80,80,80,82,82,84,86,88,88,90,90,90,90,92,92,92,94,94,94],"card_choices":[{"not_picked":["Leg Sweep","Finisher"],"picked":"Escape Plan","floor":1},{"not_picked":["Quick Slash","Deflect"],"picked":"Slice","floor":3},{"not_picked":["Quick Slash","Riddle With Holes"],"picked":"Adrenaline","floor":6},{"not_picked":["Underhanded Strike","Choke","Endless Agony"],"picked":"Singing Bowl","floor":13},{"not_picked":["Flying Knee","Caltrops","Poisoned Stab"],"picked":"Singing Bowl","floor":14},{"not_picked":["Tools of the Trade","Malaise"],"picked":"Night Terror","floor":16},{"not_picked":["Prepared","Caltrops","Setup"],"picked":"Singing Bowl","floor":18},{"not_picked":["Deadly Poison+1","Dodge and Roll+1"],"picked":"Blade Dance+1","floor":19},{"not_picked":["Poisoned Stab","Phantasmal Killer","Deadly Poison"],"picked":"Singing Bowl","floor":24},{"not_picked":["PiercingWail+1","Bane","Blade Dance"],"picked":"Singing Bowl","floor":25},{"not_picked":["Prepared","Dodge and Roll"],"picked":"Expertise","floor":27},{"not_picked":["Doppelganger","Storm of Steel"],"picked":"A Thousand Cuts","floor":33},{"not_picked":["Riddle With Holes","Caltrops","Flying Knee+1"],"picked":"Singing Bowl","floor":35},{"not_picked":["Setup","Calculated Gamble","Dagger Spray"],"picked":"Singing Bowl","floor":37},{"not_picked":["Deflect","Endless Agony+1","Acrobatics"],"picked":"Singing Bowl","floor":38},{"not_picked":["Dagger Throw","Crippling Poison+1","Slice+1"],"picked":"Singing Bowl","floor":39},{"not_picked":["Dodge and Roll+1","Deadly Poison+1","Corpse Explosion"],"picked":"Singing Bowl","floor":41},{"not_picked":["Dagger Throw+1","Predator","Acrobatics"],"picked":"Singing Bowl","floor":45},{"not_picked":["Dodge and Roll","Acrobatics+1","Dagger Spray+1"],"picked":"Singing Bowl","floor":48}],"player_experience":265239,"relics_obtained":[{"floor":6,"key":"Singing Bowl"},{"floor":9,"key":"Tiny Chest"},{"floor":11,"key":"Blood Vial"},{"floor":13,"key":"Boot"},{"floor":24,"key":"Ninja Scroll"},{"floor":26,"key":"Blue Candle"},{"floor":27,"key":"Juzu Bracelet"},{"floor":31,"key":"Vajra"},{"floor":37,"key":"Tingsha"},{"floor":43,"key":"Paper Crane"}],"event_choices":[{"event_name":"Liars Game","player_choice":"agreed","floor":2,"damage_taken":0},{"event_name":"Shining Light","player_choice":"Entered Light","floor":4,"damage_taken":0},{"event_name":"Golden Shrine","player_choice":"Pray","floor":5,"damage_taken":0},{"event_name":"Drug Dealer","player_choice":"Inject Mutagens","floor":20,"damage_taken":0},{"event_name":"Vampires","player_choice":"Became a vampire (Vial)","floor":22,"damage_taken":0},{"event_name":"Ghosts","player_choice":"Ignored","floor":29,"damage_taken":0},{"event_name":"MindBloom","player_choice":"Fight","floor":37,"damage_taken":0}],"is_beta":false,"boss_relics":[{"not_picked":["Runic Dome","HoveringKite"],"picked":"Ectoplasm"},{"not_picked":["Pandora\u0027s Box","Fusion Hammer"],"picked":"WristBlade"}],"items_purged_floors":[8],"is_endless":false,"potions_floor_spawned":[1,6,13,18,25,33,38,39,45,48],"killed_by":"Time Eater","ascension_level":0}