{"path_per_floor":["M","?","?","?","$","R","E","M","T","$","?","M","M","M","R","B",null,"M","$","?","M","M","R","E","R","T","M","R","M","$","?","R"],"character_chosen":"THE_SILENT","items_purchased":["Footwork","Poisoned Stab","Gremlin Horn","Accuracy","Well Laid Plans"],"gold_per_floor":[214,214,164,164,53,53,92,112,112,66,141,159,182,203,203,329,329,350,24,24,45,59,59,100,100,100,119,119,137,65,65,65],"floor_reached":33,"campfire_rested":4,"playtime":2708,"current_hp_per_floor":[70,75,75,75,75,75,62,62,62,62,51,46,44,44,66,65,75,71,71,71,59,43,65,30,52,52,47,69,68,68,68,68],"items_purged":["Injury"],"gold":65,"score":265,"play_id":"20e39964-283c-40d0-a4a8-59001d131c91","local_time":"20180307234014","is_prod":false,"is_daily":false,"is_ascension_mode":false,"campfire_upgraded":2,"timestamp":1520487614,"path_taken":["M","?","?","?","?","R","E","M","T","$","?","M","M","?","R","BOSS","M","$","?","?","M","R","E","R","T","M","R","?","$","?","R","BOSS"],"build_version":"2018-03-01-PROD1","purchased_purges":1,"victory":false,"master_deck":["Defend_G","Defend_G","Defend_G","Defend_G","Defend_G","Strike_G","Strike_G","Strike_G","Strike_G","Survivor","Neutralize","Dagger Spray","Footwork+1","Deadly Poison","Deflect","Poisoned Stab","Bane","After Image+1","Envenom","Cloak And Dagger","Accuracy","Bouncing Flask","Bane+1","Cloak And Dagger","Catalyst","Well Laid Plans"],"max_hp_per_floor":[70,75,75,75,75,75,75,75,75,75,75,75,75,75,75,75,75,75,75,75,75,75,75,75,75,75,75,75,75,75,75,75],"relics":["Ring of the Snake","Golden Idol","Meat on the Bone","Calipers","Sozu","Gremlin Horn","Anchor","Ginger","Tough Bandages"],"card_choices":[{"not_picked":["Predator","Quick Slash"],"picked":"Dagger Spray"},{"not_picked":["Endless Agony","Catalyst"],"picked":"Deadly Poison"},{"not_picked":["Bane","Backflip"],"picked":"Deflect"},{"not_picked":["Dagger Throw","Slice"],"picked":"Bane"},{"not_picked":["Flechettes","Slice"],"picked":"After Image"},{"not_picked":["Tactician","Venomology"],"picked":"Envenom"},{"not_picked":["Reflex","Skewer"],"picked":"Cloak And Dagger"},{"not_picked":["Finisher","Leg Sweep"],"picked":"Bane"},{"not_picked":["Bouncing Flask","Acrobatics"],"picked":"Cloak And Dagger"},{"not_picked":["Sucker Punch","Prepared"],"picked":"Catalyst"}],"player_experience":84455,"potions_floor_usage":[7,16,16,16,24],"damage_taken":[{"damage":0,"enemies":"Cultist","floor":1,"turns":4},{"damage":13,"enemies":"3 Sentries","floor":7,"turns":10},{"damage":0,"enemies":"Small Slimes","floor":8,"turns":4},{"damage":5,"enemies":"2 Louse","floor":12,"turns":3},{"damage":2,"enemies":"Exordium Wildlife","floor":13,"turns":5},{"damage":0,"enemies":"3 Louse","floor":14,"turns":5},{"damage":1,"enemies":"Slime Boss","floor":16,"turns":20},{"damage":4,"enemies":"Shell Parasite","floor":18,"turns":8},{"damage":12,"enemies":"Spheric Guardian","floor":21,"turns":4},{"damage":16,"enemies":"Chosen and Byrds","floor":22,"turns":7},{"damage":47,"enemies":"Slavers","floor":24,"turns":7},{"damage":5,"enemies":"Centurion and Healer","floor":27,"turns":7},{"damage":1,"enemies":"Snecko","floor":29,"turns":5},{"damage":87,"enemies":"Collector","floor":33,"turns":6}],"event_choices":[{"event_name":"Big Fish","player_choice":"Donut","floor":2,"damage_taken":0},{"event_name":"The Cleric","player_choice":"Card Removal","floor":3,"damage_taken":0},{"event_name":"Golden Idol","player_choice":"Take Wound","floor":4,"damage_taken":0},{"event_name":"World of Goop","player_choice":"Gather Gold","floor":11,"damage_taken":0},{"event_name":"The Library","player_choice":"Read","floor":20,"damage_taken":0},{"event_name":"The Mausoleum","player_choice":"Yes","floor":31,"damage_taken":0}],"boss_relics":[{"not_picked":["Lizard Tail","Astrolabe"],"picked":"Sozu"}],"potions_floor_spawned":[1,8,13,14,16,21,24,29],"seed_played":"-5103386102796599205","killed_by":"Collector","ascension_level":0,"is_trial":false}