{"path_per_floor":["M","M","M","$","M","R","M","?","T","R","E","M","$","?","R","B",null,"M","M","$","M","M","E","?","R","T","M","M","R","?","M","R","B",null,"M","$","M","?","M","R","M","R","T","M","R","M","M"],"character_chosen":"THE_SILENT","items_purchased":["Cloak And Dagger","Footwork","Unceasing Top"],"gold_per_floor":[111,121,135,8,19,19,30,30,55,55,83,98,27,27,27,123,123,142,123,123,142,162,193,193,193,193,206,217,217,217,231,231,335,335,351,47,59,59,69,69,82,82,106,122,122,140,159],"floor_reached":48,"campfire_rested":2,"playtime":8274,"current_hp_per_floor":[70,70,70,70,70,70,69,69,69,69,69,69,69,55,55,42,70,62,62,62,62,62,46,46,67,67,67,67,67,67,67,67,66,70,65,65,65,65,64,64,64,64,64,4,25,25,25],"items_purged":["Strike_G"],"gold":159,"score":485,"play_id":"0ac5aac4-0b7a-4c1c-ba8d-cbda4390ab56","local_time":"20180318174153","is_prod":false,"is_daily":false,"is_ascension_mode":false,"campfire_upgraded":7,"timestamp":1521412913,"path_taken":["M","M","M","$","M","R","M","?","T","R","E","M","$","?","R","BOSS","M","M","$","M","M","E","?","R","T","?","M","R","?","M","R","BOSS","M","$","M","?","M","R","M","R","T","M","R","M","M","M"],"build_version":"2018-03-15v3","purchased_purges":1,"victory":false,"master_deck":["Defend_G+1","Defend_G","Defend_G","Defend_G","Defend_G","Strike_G","Strike_G","Strike_G+1","Survivor+1","Neutralize+1","Noxious Fumes+1","Footwork+1","Footwork+1","Cloak And Dagger+1","Cloak And Dagger","Poisoned Stab+1","Footwork+1","Adrenaline","Leg Sweep+1","Distraction+1","Cloak And Dagger"],"max_hp_per_floor":[70,70,70,70,70,70,70,70,70,70,70,70,70,70,70,70,70,70,70,70,70,70,70,70,70,70,70,70,70,70,70,70,70,70,70,70,70,70,70,70,70,70,70,70,70,70,70],"relics":["Ring of the Snake","Pen Nib","Snake Skull","Velvet Choker","Kunai","Mercury Hourglass","Black Star","Unceasing Top","Anchor"],"card_choices":[{"not_picked":["Outmaneuver","PiercingWail"],"picked":"Footwork"},{"not_picked":["Distraction","Bane"],"picked":"Footwork"},{"not_picked":["Poisoned Stab","Infinite Blades"],"picked":"Cloak And Dagger"},{"not_picked":["Deflect","Riddle With Holes"],"picked":"Poisoned Stab"},{"not_picked":["Burst","Unload"],"picked":"Adrenaline"},{"not_picked":["Caltrops","Expertise"],"picked":"Leg Sweep"},{"not_picked":["Underhanded Strike","Acrobatics"],"picked":"Distraction"},{"not_picked":["Setup","Quick Slash"],"picked":"Cloak And Dagger"}],"player_experience":199432,"potions_floor_usage":[16],"damage_taken":[{"damage":0,"enemies":"Small Slimes","floor":1,"turns":4},{"damage":0,"enemies":"Cultist","floor":2,"turns":5},{"damage":0,"enemies":"2 Louse","floor":3,"turns":3},{"damage":0,"enemies":"Large Slime","floor":5,"turns":9},{"damage":1,"enemies":"2 Fungi Beasts","floor":7,"turns":5},{"damage":0,"enemies":"3 Sentries","floor":11,"turns":7},{"damage":0,"enemies":"Red Slaver","floor":12,"turns":5},{"damage":13,"enemies":"The Guardian","floor":16,"turns":11},{"damage":8,"enemies":"Spheric Guardian","floor":18,"turns":5},{"damage":0,"enemies":"2 Thieves","floor":19,"turns":5},{"damage":0,"enemies":"Snecko","floor":21,"turns":6},{"damage":0,"enemies":"Centurion and Healer","floor":22,"turns":8},{"damage":16,"enemies":"Slavers","floor":23,"turns":6},{"damage":0,"enemies":"Snake Plant","floor":27,"turns":5},{"damage":0,"enemies":"3 Cultists","floor":28,"turns":5},{"damage":0,"enemies":"Centurion and Healer","floor":31,"turns":6},{"damage":1,"enemies":"Automaton","floor":33,"turns":15},{"damage":5,"enemies":"3 Darklings","floor":35,"turns":6},{"damage":0,"enemies":"Orb Walker","floor":37,"turns":5},{"damage":1,"enemies":"Maw","floor":39,"turns":10},{"damage":0,"enemies":"Sphere and 2 Shapes","floor":41,"turns":7},{"damage":60,"enemies":"4 Shapes","floor":44,"turns":6},{"damage":0,"enemies":"3 Darklings","floor":46,"turns":6},{"damage":0,"enemies":"Maw","floor":47,"turns":10},{"damage":30,"enemies":"Sphere and 2 Shapes","floor":48,"turns":4}],"event_choices":[{"event_name":"Transmorgrifier","player_choice":"Skipped","floor":8,"damage_taken":0},{"event_name":"Shining Light","player_choice":"Entered Light","floor":14,"damage_taken":0},{"event_name":"Accursed Blacksmith","player_choice":"Forge","floor":24,"damage_taken":0},{"event_name":"The Mausoleum","player_choice":"No","floor":30,"damage_taken":0},{"event_name":"Mysterious Sphere","player_choice":"Ignore","floor":38,"damage_taken":0}],"boss_relics":[{"not_picked":["White Beast Statue","Runic Pyramid"],"picked":"Velvet Choker"},{"not_picked":["Philosopher\u0027s Stone","Sozu"],"picked":"Black Star"}],"potions_floor_spawned":[1,7,11,21,23,27,39,46,47],"seed_played":"-1665979317632730979","killed_by":"Sphere and 2 Shapes","ascension_level":0,"is_trial":false}