{"gold_per_floor":[115,115,65,81,93,93,125,125,125,125,125,139,151,178,178,278,278,290,290,290,300,196,196,213,213,240,273,290,290,323,338,338,442,442,453,553,567,222,241,241,271,286,286,312,312,0,0,27,27,27],"floor_reached":51,"playtime":3144,"items_purged":["Strike_B"],"score":935,"play_id":"2a9ff784-8d72-459c-bdbd-3ab40d5d4dd2","local_time":"20181119145626","is_ascension_mode":true,"campfire_choices":[{"data":"Zap","floor":6,"key":"SMITH"},{"data":"Conserve Battery","floor":8,"key":"SMITH"},{"data":"Echo Form","floor":10,"key":"SMITH"},{"data":"Buffer","floor":15,"key":"SMITH"},{"data":"Storm","floor":23,"key":"SMITH"},{"floor":25,"key":"REST"},{"data":"Undo","floor":29,"key":"SMITH"},{"floor":32,"key":"REST"},{"data":"Fusion","floor":40,"key":"SMITH"},{"floor":47,"key":"REST"},{"floor":49,"key":"REST"}],"neow_cost":"NONE","seed_source_timestamp":1190856009504398,"circlet_count":0,"master_deck":["Strike_B","Strike_B","Defend_B","Defend_B","Defend_B","Defend_B","Zap+1","Dualcast","Echo Form+1","Leap","Conserve Battery+1","Undo+1","Buffer+1","Loop","Creative AI+1","Cold Snap+1","Storm+1","Self Repair","Melter+1","Rebound+1","Fusion+1","Electrodynamics+1","Auto Shields","Defragment+1","Buffer+1","BootSequence+1","Glacier+1","Force Field"],"relics":["Cracked Core","Mercury Hourglass","Letter Opener","Molten Egg 2","Sozu","Juzu Bracelet","Frozen Egg 2","Lantern","Nuclear Battery","Ginger","DollysMirror","Calipers","Blue Candle","Ancient Tea Set","Red Mask","Kunai"],"potions_floor_usage":[7,18,31],"damage_taken":[{"damage":2,"enemies":"Jaw Worm","floor":1,"turns":3},{"damage":4,"enemies":"Small Slimes","floor":4,"turns":4},{"damage":0,"enemies":"2 Louse","floor":5,"turns":2},{"damage":12,"enemies":"Lagavulin","floor":7,"turns":6},{"damage":3,"enemies":"Lots of Slimes","floor":12,"turns":2},{"damage":0,"enemies":"Blue Slaver","floor":13,"turns":3},{"damage":1,"enemies":"Gremlin Nob","floor":14,"turns":4},{"damage":31,"enemies":"Hexaghost","floor":16,"turns":10},{"damage":20,"enemies":"3 Byrds","floor":18,"turns":3},{"damage":11,"enemies":"Spheric Guardian","floor":21,"turns":5},{"damage":0,"enemies":"Snecko","floor":24,"turns":4},{"damage":28,"enemies":"Gremlin Leader","floor":27,"turns":6},{"damage":8,"enemies":"3 Cultists","floor":28,"turns":5},{"damage":22,"enemies":"Book of Stabbing","floor":30,"turns":5},{"damage":14,"enemies":"Snake Plant","floor":31,"turns":4},{"damage":18,"enemies":"Champ","floor":33,"turns":10},{"damage":0,"enemies":"3 Shapes","floor":35,"turns":2},{"damage":6,"enemies":"Mind Bloom Boss Battle","floor":36,"turns":7},{"damage":0,"enemies":"3 Darklings","floor":37,"turns":2},{"damage":0,"enemies":"Spire Growth","floor":39,"turns":5},{"damage":45,"enemies":"Reptomancer","floor":41,"turns":6},{"damage":7,"enemies":"Transient","floor":42,"turns":5},{"damage":0,"enemies":"Giant Head","floor":44,"turns":7},{"damage":12,"enemies":"Nemesis","floor":48,"turns":7},{"damage":24,"enemies":"Time Eater","floor":50,"turns":10}],"seed_played":"-234668748608273152","potions_obtained":[{"floor":4,"key":"Poison Potion"},{"floor":7,"key":"SteroidPotion"},{"floor":13,"key":"Regen Potion"},{"floor":16,"key":"AttackPotion"}],"is_trial":false,"path_per_floor":["M","$","?","M","M","R","E","R","T","R","?","M","M","E","R","B",null,"M","?","?","M","$","R","M","R","T","E","M","R","E","M","R","B",null,"M","?","M","$","M","R","E","M","T","E","?","?","R","E","R","B",null],"character_chosen":"DEFECT","items_purchased":["Self Repair","Melter+1","Defragment+1","DollysMirror"],"campfire_rested":4,"item_purchase_floors":[22,22,38,38],"current_hp_per_floor":[73,73,73,69,69,69,57,57,57,57,62,59,59,58,58,27,80,60,60,60,49,49,49,49,73,73,52,51,51,36,34,58,40,80,80,80,80,80,80,80,42,42,42,49,49,49,73,68,80,70],"gold":27,"neow_bonus":"ONE_RANDOM_RARE_CARD","is_prod":false,"is_daily":false,"chose_seed":false,"campfire_upgraded":7,"win_rate":0,"timestamp":1542660986,"path_taken":["M","$","?","M","M","R","E","R","T","R","?","M","M","E","R","BOSS","M","?","?","?","$","R","M","R","T","E","M","R","E","M","R","BOSS","M","?","M","$","M","R","E","M","T","E","?","?","R","E","R","BOSS"],"build_version":"2018-11-15","purchased_purges":1,"victory":true,"max_hp_per_floor":[75,75,75,75,75,75,75,75,75,75,80,80,80,80,80,80,80,80,80,80,80,80,80,80,80,80,80,80,80,80,80,80,80,80,80,80,80,80,80,80,80,80,80,80,80,80,80,80,80,80],"card_choices":[{"not_picked":["Steam","Beam Cell"],"picked":"Ball Lightning","floor":1},{"not_picked":["Compile Driver","Scrape"],"picked":"Leap","floor":4},{"not_picked":["Force Field","Streamline"],"picked":"Conserve Battery","floor":5},{"not_picked":["Coolheaded","Barrage"],"picked":"Undo","floor":7},{"not_picked":["Steam Power","Redo"],"picked":"Buffer","floor":12},{"not_picked":["Compile Driver","Go for the Eyes"],"picked":"Loop","floor":13},{"not_picked":["Blizzard","Thunder Strike","Barrage"],"picked":"SKIP","floor":14},{"not_picked":["Buffer","Fission"],"picked":"Creative AI","floor":16},{"not_picked":["Compile Driver+1","Go for the Eyes+1"],"picked":"Cold Snap+1","floor":18},{"not_picked":["Heatsinks","Double Energy"],"picked":"Storm","floor":21},{"not_picked":["Conserve Battery","Hello World","Turbo"],"picked":"SKIP","floor":24},{"not_picked":["Rainbow","Self Repair+1","Redo"],"picked":"SKIP","floor":27},{"not_picked":["Conserve Battery","Doom and Gloom+1"],"picked":"Rebound+1","floor":28},{"not_picked":["Turbo","Barrage+1"],"picked":"Fusion","floor":30},{"not_picked":["Rip and Tear+1","Turbo","Redo"],"picked":"SKIP","floor":31},{"not_picked":["Multi-Cast","Hyperbeam+1"],"picked":"Electrodynamics+1","floor":33},{"not_picked":["Hello World+1","Streamline+1","Barrage+1"],"picked":"SKIP","floor":35},{"not_picked":["Chill","Tempest"],"picked":"Auto Shields","floor":37},{"not_picked":["Hologram","Go for the Eyes+1","Beam Cell+1"],"picked":"SKIP","floor":39},{"not_picked":["Sweeping Beam+1","Compile Driver+1"],"picked":"BootSequence+1","floor":41},{"not_picked":["Compile Driver+1","Coolheaded","Cold Snap+1"],"picked":"SKIP","floor":42},{"not_picked":["Darkness+1","Hyperbeam+1"],"picked":"Glacier+1","floor":44},{"not_picked":["Double Energy+1","Leap"],"picked":"Force Field","floor":48}],"player_experience":602996,"relics_obtained":[{"floor":7,"key":"Mercury Hourglass"},{"floor":9,"key":"Letter Opener"},{"floor":14,"key":"Molten Egg 2"},{"floor":26,"key":"Juzu Bracelet"},{"floor":27,"key":"Frozen Egg 2"},{"floor":30,"key":"Lantern"},{"floor":36,"key":"Ginger"},{"floor":41,"key":"Calipers"},{"floor":43,"key":"Blue Candle"},{"floor":44,"key":"Ancient Tea Set"},{"floor":48,"key":"Kunai"}],"event_choices":[{"cards_removed":["Strike_B"],"damage_healed":0,"gold_gain":0,"player_choice":"Card Removal","damage_taken":0,"max_hp_gain":0,"max_hp_loss":0,"event_name":"The Cleric","floor":3,"gold_loss":50},{"damage_healed":0,"gold_gain":0,"player_choice":"Donut","damage_taken":0,"max_hp_gain":5,"max_hp_loss":0,"event_name":"Big Fish","floor":11,"gold_loss":0},{"damage_healed":0,"gold_gain":0,"player_choice":"Ignored","damage_taken":0,"max_hp_gain":0,"max_hp_loss":0,"event_name":"Ghosts","floor":19,"gold_loss":0},{"damage_healed":0,"gold_gain":0,"player_choice":"Forge","damage_taken":0,"max_hp_gain":0,"max_hp_loss":0,"event_name":"Accursed Blacksmith","floor":20,"gold_loss":0,"cards_upgraded":["Creative AI"]},{"damage_healed":0,"gold_gain":0,"player_choice":"Fight","damage_taken":0,"max_hp_gain":0,"max_hp_loss":0,"event_name":"MindBloom","floor":36,"gold_loss":0},{"cards_removed":["Ball Lightning"],"damage_healed":0,"gold_gain":0,"player_choice":"Removed Attack","damage_taken":0,"max_hp_gain":0,"max_hp_loss":0,"event_name":"Falling","floor":45,"gold_loss":0},{"damage_healed":0,"gold_gain":0,"player_choice":"Paid","damage_taken":0,"relics_obtained":["Red Mask"],"max_hp_gain":0,"max_hp_loss":0,"event_name":"Tomb of Lord Red Mask","floor":46,"gold_loss":312}],"is_beta":false,"boss_relics":[{"not_picked":["Black Star","Cursed Key"],"picked":"Sozu"},{"not_picked":["Pandora\u0027s Box","Philosopher\u0027s Stone"],"picked":"Nuclear Battery"}],"items_purged_floors":[38],"is_endless":false,"potions_floor_spawned":[4,7,13,16,18,24,27,30,36,37,41],"ascension_level":4}