{"gold_per_floor":[119,119,138,148,148,148,148,164,191,218,218,236,566,583,583,681,681,701,153,171,191,202,202,202,202,202,202,202,202,219,229,229,229],"floor_reached":33,"playtime":1958,"items_purged":["Strike_B"],"score":350,"play_id":"a17c8a0e-bf7c-4eed-ae65-bd061cc25107","local_time":"20190916154127","is_ascension_mode":true,"campfire_choices":[{"data":"Dualcast","floor":6,"key":"SMITH"},{"floor":11,"key":"REST"},{"floor":15,"key":"REST"},{"data":"Conserve Battery","floor":23,"key":"SMITH"},{"data":"Glacier","floor":25,"key":"SMITH"},{"data":"Reinforced Body","floor":27,"key":"SMITH"},{"data":"Rip and Tear","floor":29,"key":"SMITH"},{"floor":32,"key":"REST"}],"neow_cost":"NONE","seed_source_timestamp":308603072862600,"circlet_count":0,"master_deck":["Strike_B","Strike_B","Defend_B","Defend_B","Defend_B","Zap+1","Dualcast+1","Ball Lightning","Rip and Tear+1","Self Repair","Skim","Glacier+1","Seek","Sweeping Beam","Ball Lightning","Electrodynamics","Conserve Battery+1","Reinforced Body+1","Cold Snap","Melter","Genetic Algorithm","Leap","Regret"],"relics":["Runic Dome","Potion Belt","Smiling Mask","Old Coin","Cursed Key","Du-Vu Doll","WingedGreaves","MutagenicStrength"],"potions_floor_usage":[10,33],"damage_taken":[{"damage":12,"enemies":"Jaw Worm","floor":1,"turns":3},{"damage":0,"enemies":"Cultist","floor":3,"turns":3},{"damage":0,"enemies":"Small Slimes","floor":4,"turns":3},{"damage":5,"enemies":"2 Fungi Beasts","floor":8,"turns":3},{"damage":27,"enemies":"Lagavulin","floor":10,"turns":4},{"damage":9,"enemies":"Gremlin Gang","floor":12,"turns":4},{"damage":23,"enemies":"Gremlin Nob","floor":13,"turns":4},{"damage":3,"enemies":"3 Louse","floor":14,"turns":2},{"damage":17,"enemies":"The Guardian","floor":16,"turns":8},{"damage":0,"enemies":"3 Byrds","floor":18,"turns":2},{"damage":1,"enemies":"Chosen","floor":20,"turns":3},{"damage":22,"enemies":"Shelled Parasite and Fungi","floor":21,"turns":5},{"damage":23,"enemies":"Centurion and Healer","floor":22,"turns":8},{"damage":15,"enemies":"Snake Plant","floor":30,"turns":2},{"damage":10,"enemies":"Cultist and Chosen","floor":31,"turns":7},{"damage":52,"enemies":"Collector","floor":33,"turns":6}],"seed_played":"8727793770681174006","potions_obtained":[{"floor":4,"key":"SkillPotion"},{"floor":10,"key":"LiquidBronze"},{"floor":12,"key":"FearPotion"},{"floor":13,"key":"FocusPotion"},{"floor":14,"key":"Energy Potion"},{"floor":18,"key":"Energy Potion"}],"is_trial":false,"path_per_floor":["M","?","M","M","?","R","?","M","T","E","R","M","E","M","R","B",null,"M","$","M","M","M","R","?","R","T","R","?","R","M","M","R","B"],"character_chosen":"DEFECT","items_purchased":["Du-Vu Doll","Reinforced Body","Cold Snap","Melter"],"campfire_rested":3,"item_purchase_floors":[19,19,19,19],"current_hp_per_floor":[56,56,56,56,49,49,49,51,51,31,53,51,35,32,54,44,67,74,74,75,60,44,44,44,44,44,44,44,44,29,26,48,0],"gold":229,"neow_bonus":"BOSS_RELIC","is_prod":false,"is_daily":false,"chose_seed":false,"campfire_upgraded":5,"win_rate":0,"timestamp":1568666487,"path_taken":["M","?","?","M","?","R","?","M","T","E","R","M","E","?","R","BOSS","M","$","M","?","M","R","?","R","T","R","?","R","M","M","R","BOSS"],"build_version":"2019-07-17","purchased_purges":1,"victory":false,"max_hp_per_floor":[75,75,75,75,75,75,75,75,75,75,75,75,75,75,75,75,75,75,75,75,75,75,75,75,75,75,75,75,75,75,75,75,75],"card_choices":[{"not_picked":["Leap","Defragment"],"picked":"Ball Lightning","floor":1},{"not_picked":["Stack","Coolheaded","Hello World"],"picked":"SKIP","floor":3},{"not_picked":["Heatsinks","Redo"],"picked":"Rip and Tear","floor":4},{"not_picked":["Defragment","Coolheaded"],"picked":"Skim","floor":8},{"not_picked":["Streamline","Undo"],"picked":"Glacier","floor":10},{"not_picked":["Turbo","Darkness"],"picked":"Seek","floor":12},{"not_picked":["Recycle","Barrage"],"picked":"Sweeping Beam","floor":13},{"not_picked":["Rebound","Static Discharge"],"picked":"Ball Lightning","floor":14},{"not_picked":["Amplify","Thunder Strike"],"picked":"Electrodynamics","floor":16},{"not_picked":["Aggregate","Cold Snap+1"],"picked":"Conserve Battery","floor":18},{"not_picked":["Barrage","Consume"],"picked":"Genetic Algorithm","floor":20},{"not_picked":["Hologram+1","Core Surge"],"picked":"Leap","floor":21},{"not_picked":["Coolheaded+1","Chill+1","Go for the Eyes"],"picked":"SKIP","floor":22},{"not_picked":["Aggregate+1","Go for the Eyes+1","Gash"],"picked":"SKIP","floor":30},{"not_picked":["Turbo","Ball Lightning+1","Coolheaded+1"],"picked":"SKIP","floor":31}],"player_experience":754928,"relics_obtained":[{"floor":9,"key":"Potion Belt"},{"floor":10,"key":"Smiling Mask"},{"floor":13,"key":"Old Coin"},{"floor":26,"key":"WingedGreaves"}],"event_choices":[{"damage_healed":0,"gold_gain":0,"player_choice":"Upgraded","damage_taken":0,"max_hp_gain":0,"max_hp_loss":0,"event_name":"Upgrade Shrine","floor":2,"gold_loss":0,"cards_upgraded":["Zap"]},{"cards_removed":["Strike_B"],"damage_healed":0,"gold_gain":0,"player_choice":"Card Removal","damage_taken":7,"max_hp_gain":0,"max_hp_loss":0,"event_name":"Golden Wing","floor":5,"gold_loss":0},{"damage_healed":0,"gold_gain":0,"cards_transformed":["Defend_B"],"player_choice":"Transformed","damage_taken":0,"max_hp_gain":0,"max_hp_loss":0,"event_name":"Transmorgrifier","floor":7,"gold_loss":0,"cards_obtained":["Self Repair"]},{"damage_healed":0,"gold_gain":0,"player_choice":"Ignored","damage_taken":0,"max_hp_gain":0,"max_hp_loss":0,"event_name":"Cursed Tome","floor":24,"gold_loss":0},{"damage_healed":0,"gold_gain":0,"player_choice":"Inject Mutagens","damage_taken":0,"relics_obtained":["MutagenicStrength"],"max_hp_gain":0,"max_hp_loss":0,"event_name":"Drug Dealer","floor":28,"gold_loss":0}],"is_beta":false,"boss_relics":[{"not_picked":["Empty Cage","Snecko Eye"],"picked":"Cursed Key"}],"items_purged_floors":[19],"is_endless":false,"potions_floor_spawned":[4,10,12,13,14,18,31],"killed_by":"Collector","ascension_level":7}