{"gold_per_floor":[110,110,125,125,135,200,200,219,242,242,253,278,134,145,145,145],"floor_reached":16,"playtime":942,"items_purged":["Defend_G"],"score":112,"play_id":"947af81c-ae70-4f43-b24c-03e056eb5c45","local_time":"20180907215849","is_ascension_mode":false,"campfire_choices":[{"data":"Terror","floor":7,"key":"SMITH"},{"data":"Backflip","floor":10,"key":"SMITH"},{"floor":15,"key":"REST"}],"neow_cost":"","seed_source_timestamp":447217662059590,"circlet_count":0,"master_deck":["Defend_G","Defend_G","Defend_G","Defend_G","Strike_G","Strike_G","Strike_G","Strike_G","Survivor","Neutralize","Underhanded Strike","Corpse Explosion","Terror+1","Backflip+1","Bane","Cloak And Dagger","Infinite Blades"],"relics":["Ring of the Snake","Tiny Chest","Ancient Tea Set","Lantern"],"potions_floor_usage":[12],"damage_taken":[{"damage":0,"enemies":"Jaw Worm","floor":1,"turns":5},{"damage":0,"enemies":"Cultist","floor":3,"turns":4},{"damage":0,"enemies":"2 Louse","floor":5,"turns":3},{"damage":14,"enemies":"3 Sentries","floor":6,"turns":4},{"damage":5,"enemies":"Exordium Wildlife","floor":8,"turns":5},{"damage":0,"enemies":"Lots of Slimes","floor":11,"turns":1},{"damage":32,"enemies":"Gremlin Nob","floor":12,"turns":5},{"damage":0,"enemies":"Exordium Thugs","floor":14,"turns":2},{"damage":40,"enemies":"The Guardian","floor":16,"turns":12}],"seed_played":"234199391284093941","potions_obtained":[{"floor":3,"key":"Strength Potion"},{"floor":6,"key":"Block Potion"},{"floor":12,"key":"FearPotion"},{"floor":14,"key":"SkillPotion"}],"is_trial":false,"path_per_floor":["M","?","M","?","M","E","R","M","T","R","M","E","$","M","R"],"character_chosen":"THE_SILENT","items_purchased":["Infinite Blades"],"campfire_rested":1,"item_purchase_floors":[13],"current_hp_per_floor":[70,70,70,70,70,56,56,51,51,51,51,19,19,19,40,0],"gold":145,"neow_bonus":"","is_prod":false,"is_daily":false,"chose_seed":false,"campfire_upgraded":2,"win_rate":0,"timestamp":1536375529,"path_taken":["M","?","M","?","M","E","R","?","T","R","M","E","$","?","R","BOSS"],"build_version":"2018-09-06","purchased_purges":1,"victory":false,"max_hp_per_floor":[70,70,70,70,70,70,70,70,70,70,70,70,70,70,70,70],"card_choices":[{"not_picked":["Riddle With Holes","Deadly Poison"],"picked":"Underhanded Strike","floor":1},{"not_picked":["Underhanded Strike","Poisoned Stab","Slice"],"picked":"SKIP","floor":3},{"not_picked":["Outmaneuver","Choke"],"picked":"Terror","floor":5},{"not_picked":["Quick Slash","Skewer"],"picked":"Backflip","floor":6},{"not_picked":["Bouncing Flask","Venomology"],"picked":"Bane","floor":8},{"not_picked":["Backflip","Deflect","Calculated Gamble"],"picked":"SKIP","floor":11},{"not_picked":["Dodge and Roll","Flechettes"],"picked":"Cloak And Dagger","floor":12},{"not_picked":["Acrobatics","Escape Plan","Dodge and Roll"],"picked":"SKIP","floor":14}],"player_experience":310128,"relics_obtained":[{"floor":6,"key":"Tiny Chest"},{"floor":9,"key":"Ancient Tea Set"},{"floor":12,"key":"Lantern"}],"event_choices":[{"event_name":"Wheel of Change","player_choice":"Card Removal","floor":2,"damage_taken":0},{"event_name":"Match and Keep!","player_choice":"1 cards matched","floor":4,"damage_taken":0}],"is_beta":false,"boss_relics":[],"items_purged_floors":[13],"is_endless":false,"potions_floor_spawned":[3,6,12,14],"killed_by":"The Guardian","ascension_level":0}