{"path_per_floor":["M","M","M","$","?","R","M","M","T","R","T","M","E","M","R","B",null,"M","?","M","M","?","R","?","M","T","R","M","$","R","$","R","B",null,"M","$","?","?","$","R","M","R","T","T","M","R","M","M","R"],"character_chosen":"IRONCLAD","items_purchased":["Clash","Flex","Blood Vial","Inflame","War Paint"],"gold_per_floor":[111,131,151,80,80,80,98,114,144,144,144,154,179,194,194,290,290,310,233,252,262,262,262,187,206,278,278,294,151,151,84,84,187,187,203,203,203,203,48,48,64,64,64,115,128,128,148,168,168,168],"floor_reached":50,"campfire_rested":6,"playtime":2566,"current_hp_per_floor":[76,78,80,80,64,64,70,76,76,76,76,72,62,68,68,74,80,76,76,72,47,47,79,79,76,76,84,65,65,86,86,86,19,86,70,70,59,59,59,86,68,86,86,86,55,86,57,60,86,0],"items_purged":[],"gold":168,"score":519,"play_id":"5a5605a2-2ef0-49b1-a04e-7866df6a297f","local_time":"20180503005056","is_prod":false,"is_daily":false,"chose_seed":false,"is_ascension_mode":false,"campfire_upgraded":5,"timestamp":1525326656,"path_taken":["M","M","?","?","?","R","M","M","T","R","?","M","E","M","R","BOSS","M","?","M","M","?","R","?","M","T","R","?","$","R","$","R","BOSS","M","$","?","?","?","R","M","R","T","?","M","R","M","?","R","BOSS"],"build_version":"2018-04-28v2","seed_source_timestamp":102372037183634,"purchased_purges":0,"victory":false,"master_deck":["Strike_R","Strike_R","Strike_R","Strike_R","Strike_R","Defend_R","Defend_R+1","Bash+1","True Grit","Sever Soul+1","Clash+1","Clash","Flex+1","Perfected Strike+1","Perfected Strike+1","Feed","Warcry+1","Flex","Perfected Strike+1","Clash","Inflame","Madness+1","Madness+1","Carnage","Clash"],"max_hp_per_floor":[80,80,80,80,80,80,80,80,80,80,80,80,80,80,80,80,80,83,83,83,83,83,83,83,86,86,86,86,86,86,86,86,86,86,86,86,86,86,86,86,86,86,86,86,86,86,86,86,86,86],"relics":["Burning Blood","Tiny Chest","Kunai","Bag of Marbles","Eternal Feather","Meat on the Bone","Blood Vial","Velvet Choker","War Paint","Shuriken","Omamori"],"card_choices":[{"not_picked":["Wild Strike","Sword Boomerang"],"picked":"True Grit","floor":1},{"not_picked":["Havoc","Burning Pact"],"picked":"Sever Soul","floor":2},{"not_picked":["Intimidate","Clothesline"],"picked":"Clash","floor":3},{"not_picked":["Heavy Blade","Warcry"],"picked":"Perfected Strike","floor":7},{"not_picked":["Clothesline","Reckless Charge"],"picked":"Perfected Strike","floor":14},{"not_picked":["Brutality","Immolate"],"picked":"Feed","floor":16},{"not_picked":["Burning Pact","Heavy Blade"],"picked":"Warcry","floor":18},{"not_picked":["Pommel Strike","Disarm"],"picked":"Flex","floor":20},{"not_picked":["Intimidate","Sword Boomerang"],"picked":"Clash","floor":25},{"not_picked":["Shrug It Off","Sword Boomerang"],"picked":"Carnage","floor":41},{"not_picked":["Demon Form","Clothesline"],"picked":"Clash","floor":47}],"player_experience":248173,"potions_floor_usage":[33,33,50],"damage_taken":[{"damage":10,"enemies":"Cultist","floor":1,"turns":4},{"damage":4,"enemies":"Jaw Worm","floor":2,"turns":5},{"damage":0,"enemies":"2 Louse","floor":3,"turns":2},{"damage":0,"enemies":"Exordium Thugs","floor":7,"turns":2},{"damage":0,"enemies":"Blue Slaver","floor":8,"turns":1},{"damage":10,"enemies":"Looter","floor":12,"turns":2},{"damage":16,"enemies":"Gremlin Nob","floor":13,"turns":3},{"damage":0,"enemies":"Large Slime","floor":14,"turns":3},{"damage":0,"enemies":"Slime Boss","floor":16,"turns":7},{"damage":13,"enemies":"2 Thieves","floor":18,"turns":3},{"damage":10,"enemies":"Chosen","floor":20,"turns":3},{"damage":31,"enemies":"3 Cultists","floor":21,"turns":6},{"damage":12,"enemies":"Sentry and Sphere","floor":25,"turns":4},{"damage":25,"enemies":"Snecko","floor":28,"turns":4},{"damage":85,"enemies":"Champ","floor":33,"turns":7},{"damage":22,"enemies":"3 Darklings","floor":35,"turns":5},{"damage":24,"enemies":"3 Shapes","floor":41,"turns":3},{"damage":37,"enemies":"Maw","floor":45,"turns":6},{"damage":35,"enemies":"3 Darklings","floor":47,"turns":3},{"damage":5,"enemies":"Sphere and 2 Shapes","floor":48,"turns":3},{"damage":90,"enemies":"Donu and Deca","floor":50,"turns":4}],"event_choices":[{"event_name":"Shining Light","player_choice":"Entered Light","floor":5,"damage_taken":0},{"event_name":"Drug Dealer","player_choice":"Got JAXXED","floor":19,"damage_taken":0},{"event_name":"Duplicator","player_choice":"One dupe","floor":22,"damage_taken":0},{"event_name":"Beggar","player_choice":"Gave Gold","floor":24,"damage_taken":0},{"event_name":"Winding Halls","player_choice":"Embrace Madness","floor":37,"damage_taken":0}],"boss_relics":[{"not_picked":["Calling Bell","Runic Pyramid"],"picked":"Eternal Feather"},{"not_picked":["White Beast Statue","Lizard Tail"],"picked":"Velvet Choker"}],"potions_floor_spawned":[2,3,8,14,16,20,25,47,48],"seed_played":"-548980968349847304","killed_by":"Donu and Deca","ascension_level":0,"is_trial":false}