{"path_per_floor":["M","?","M","$","M","R","E","M","T","M","R","?","M","M","R","B",null,"M","?","?","$","M","$","E","M","T","M"],"character_chosen":"IRONCLAD","items_purchased":["Metallicize","Rupture","Shrug It Off","Oddly Smooth Stone"],"gold_per_floor":[115,65,84,5,20,20,53,69,369,379,379,379,392,408,408,507,507,524,524,524,413,427,129,159,173,250,264],"floor_reached":28,"campfire_rested":1,"playtime":2070,"current_hp_per_floor":[80,80,80,80,80,80,72,62,62,49,49,33,35,38,62,19,80,51,51,51,51,50,50,51,36,42,41],"items_purged":["Feel No Pain","Strike_R"],"gold":264,"score":267,"play_id":"07bd8009-dca6-4704-9902-4baafe6c8358","local_time":"20180308214348","is_prod":false,"is_daily":false,"is_ascension_mode":false,"campfire_upgraded":2,"timestamp":1520567028,"path_taken":["M","?","M","$","M","R","E","M","T","M","R","?","M","M","R","BOSS","M","?","?","$","M","$","E","M","T","?","M"],"build_version":"2018-03-01-PROD1","purchased_purges":2,"victory":false,"master_deck":["Strike_R","Strike_R","Strike_R+1","Defend_R+1","Defend_R","Defend_R+1","Bash","Berserk","Anger+1","Metallicize+1","Anger","Fire Breathing+1","Combust","Shrug It Off","Armaments","Anger","Barricade","Iron Wave+1","Rupture","Shrug It Off","Rage","Doubt"],"max_hp_per_floor":[80,80,80,80,80,80,80,80,80,80,80,80,80,80,80,80,80,80,80,80,80,80,80,90,90,96,96],"relics":["Burning Blood","Darkstone Periapt","Cursed Key","War Paint","Nloth\u0027s Gift","Oddly Smooth Stone","Pear","Smiling Mask"],"card_choices":[{"not_picked":["Rampage","Clothesline"],"picked":"Anger"},{"not_picked":["Combust","Sword Boomerang"],"picked":"Feel No Pain"},{"not_picked":["Headbutt","Sword Boomerang"],"picked":"Anger"},{"not_picked":["Thunderclap","Clothesline"],"picked":"Fire Breathing"},{"not_picked":["True Grit","Warcry"],"picked":"Combust"},{"not_picked":["True Grit","Searing Blow"],"picked":"Shrug It Off"},{"not_picked":["Pommel Strike","Fire Breathing"],"picked":"Armaments"},{"not_picked":["Reaper","Twin Strike"],"picked":"Anger"},{"not_picked":["Berserk","Reaper"],"picked":"Barricade"},{"not_picked":["Havoc","Pommel Strike"],"picked":"Iron Wave"},{"not_picked":["Iron Wave","Twin Strike"],"picked":"Rage"}],"player_experience":93762,"potions_floor_usage":[18,24,27],"damage_taken":[{"damage":4.0,"enemies":"Jaw Worm","floor":1.0,"turns":5.0},{"damage":0.0,"enemies":"Small Slimes","floor":3.0,"turns":3.0},{"damage":6.0,"enemies":"2 Louse","floor":5.0,"turns":2.0},{"damage":14.0,"enemies":"Gremlin Nob","floor":7.0,"turns":4.0},{"damage":16.0,"enemies":"Exordium Wildlife","floor":8.0,"turns":6.0},{"damage":19.0,"enemies":"3 Louse","floor":10.0,"turns":3.0},{"damage":4.0,"enemies":"2 Fungi Beasts","floor":13.0,"turns":3.0},{"damage":3.0,"enemies":"Looter","floor":14.0,"turns":4.0},{"damage":49.0,"enemies":"Slime Boss","floor":16.0,"turns":9.0},{"damage":35,"enemies":"Spheric Guardian","floor":18,"turns":6},{"damage":7,"enemies":"Shell Parasite","floor":22,"turns":6},{"damage":15,"enemies":"Book of Stabbing","floor":24,"turns":7},{"damage":21,"enemies":"Snecko","floor":25,"turns":6},{"damage":22,"enemies":"Snake Plant","floor":27,"turns":7},{"damage":1,"enemies":"Chosen and Byrds","floor":28,"turns":5}],"event_choices":[{"event_name":"The Cleric","player_choice":"Card Removal","floor":2.0,"damage_taken":0.0},{"event_name":"Shining Light","player_choice":"Entered Light","floor":12.0,"damage_taken":0.0},{"event_name":"The Mausoleum","player_choice":"Yes","floor":19,"damage_taken":0},{"event_name":"N\u0027loth","player_choice":"Traded a Old Coin","floor":20,"damage_taken":0}],"boss_relics":[{"not_picked":["White Beast Statue","Philosopher\u0027s Stone"],"picked":"Cursed Key"}],"potions_floor_spawned":[1,5,7,8,25,27],"seed_played":"-907782510326893267","killed_by":"Chosen and Byrds","ascension_level":0,"is_trial":false}