{"gold_per_floor":[18,18,28,28,0,0,29,29,29,47,47,62,88,34,34,138,138,151,96,15,25,42,42,68,68,95,120,219,219,229,0,0,97,97,111,111,121,121,135,135,148,148,227,37,37,48,65,65],"floor_reached":48,"playtime":3511,"items_purged":[],"score":581,"play_id":"f933e55e-74d3-425c-94ec-24d7c6cddf22","local_time":"20181108205248","is_ascension_mode":true,"campfire_choices":[{"data":"Dualcast","floor":6.0,"key":"SMITH"},{"data":"Chaos","floor":8.0,"key":"SMITH"},{"floor":15.0,"key":"REST"},{"floor":23.0,"key":"REST"},{"floor":25.0,"key":"REST"},{"floor":32.0,"key":"REST"},{"data":"Consume","floor":40,"key":"SMITH"}],"neow_cost":"NO_GOLD","seed_source_timestamp":0,"circlet_count":0,"master_deck":["Strike_B","Strike_B","Strike_B","Strike_B","Defend_B","Defend_B","Defend_B","Defend_B","Zap+1","Dualcast+1","Gash","Chaos+1","Rip and Tear","Defragment","Leap","Ball Lightning","Echo Form","Glacier","Reinforced Body","Stack","Cold Snap","Melter+1","Chaos","Multi-Cast","Consume+1","Barrage+1","Self Repair","Chaos+1","Leap","Reinforced Body+1"],"special_seed":0,"relics":["Cracked Core","Ginger","Incense Burner","FossilizedHelix","Vajra","Inserter","Tiny Chest","Peace Pipe","Orichalcum","Anchor","Black Star","Bottled Tornado","Regal Pillow","Toxic Egg 2"],"potions_floor_usage":[35,39,46,47,48],"damage_taken":[{"damage":3.0,"enemies":"2 Louse","floor":1.0,"turns":3.0},{"damage":3.0,"enemies":"Small Slimes","floor":3.0,"turns":3.0},{"damage":20.0,"enemies":"3 Sentries","floor":7.0,"turns":9.0},{"damage":0.0,"enemies":"Cultist","floor":10.0,"turns":3.0},{"damage":6.0,"enemies":"Looter","floor":12.0,"turns":3.0},{"damage":1.0,"enemies":"Gremlin Nob","floor":13.0,"turns":4.0},{"damage":0.0,"enemies":"Slime Boss","floor":16.0,"turns":7.0},{"damage":13.0,"enemies":"Spheric Guardian","floor":18.0,"turns":4.0},{"damage":18.0,"enemies":"3 Byrds","floor":21.0,"turns":5.0},{"damage":0.0,"enemies":"Snake Plant","floor":22.0,"turns":4.0},{"damage":34.0,"enemies":"Slavers","floor":24.0,"turns":7.0},{"damage":18.0,"enemies":"Book of Stabbing","floor":27.0,"turns":7.0},{"damage":0.0,"enemies":"Cultist and Chosen","floor":30.0,"turns":5.0},{"damage":18.0,"enemies":"Collector","floor":33.0,"turns":11.0},{"damage":14,"enemies":"3 Darklings","floor":35,"turns":9},{"damage":0,"enemies":"3 Shapes","floor":37,"turns":8},{"damage":3,"enemies":"3 Darklings","floor":39,"turns":8},{"damage":19,"enemies":"Sphere and 2 Shapes","floor":41,"turns":7},{"damage":0,"enemies":"Maw","floor":46,"turns":9},{"damage":15,"enemies":"Jaw Worm Horde","floor":47,"turns":7},{"damage":41,"enemies":"3 Darklings","floor":48,"turns":2}],"seed_played":"-4890212644952905416","potions_obtained":[{"floor":3.0,"key":"AttackPotion"},{"floor":7.0,"key":"Swift Potion"},{"floor":21.0,"key":"SkillPotion"},{"floor":24.0,"key":"Swift Potion"},{"floor":27.0,"key":"SteroidPotion"},{"floor":30.0,"key":"LiquidBronze"},{"floor":33.0,"key":"GamblersBrew"},{"floor":35,"key":"SkillPotion"},{"floor":39,"key":"Swift Potion"}],"is_trial":false,"path_per_floor":["M","?","M","?","?","R","E","R","T","M","?","M","E","$","R","B",null,"M","?","$","M","M","R","E","R","T","E","?","?","M","?","R","B",null,"M","?","M","?","M","R","M","?","T","$","T","M","M","M"],"character_chosen":"DEFECT","items_purchased":["Ball Lightning","Sunder","Regal Pillow","Leap"],"campfire_rested":4,"item_purchase_floors":[14,20,44,44],"current_hp_per_floor":[72,72,69,69,69,69,49,49,49,49,49,43,42,42,64,64,75,62,62,62,44,44,66,32,54,54,36,36,41,41,41,63,45,75,61,61,61,61,58,58,39,39,39,39,39,53,38,0],"gold":65,"neow_bonus":"ONE_RARE_RELIC","is_prod":false,"is_daily":false,"chose_seed":false,"campfire_upgraded":3,"win_rate":0,"timestamp":1541731968,"path_taken":["M","?","M","?","?","R","E","R","T","M","?","M","E","$","R","BOSS","M","?","$","M","M","R","E","R","T","E","?","?","?","?","R","BOSS","M","?","M","?","M","R","?","?","T","$","?","M","M","M"],"build_version":"2018-11-08","purchased_purges":0,"victory":false,"max_hp_per_floor":[75,75,75,75,75,75,75,75,75,75,75,75,75,75,75,75,75,75,75,75,75,75,75,75,75,75,75,75,75,75,75,75,75,75,75,75,75,75,75,75,75,75,75,75,75,75,75,75],"card_choices":[{"not_picked":["Loop","Compile Driver"],"picked":"Gash","floor":1.0},{"not_picked":["Barrage","Storm"],"picked":"Coolheaded","floor":3.0},{"not_picked":["Reprogram","Compile Driver"],"picked":"Chaos","floor":7.0},{"not_picked":["Go for the Eyes","Coolheaded"],"picked":"Rip and Tear","floor":10.0},{"not_picked":["Genetic Algorithm","Rebound"],"picked":"Defragment","floor":12.0},{"not_picked":["Machine Learning","Turbo"],"picked":"Leap","floor":13.0},{"not_picked":["Multi-Cast","Reboot"],"picked":"Echo Form","floor":16.0},{"not_picked":["Hologram+1","Sweeping Beam"],"picked":"Glacier","floor":18.0},{"not_picked":["Sweeping Beam","Ball Lightning+1"],"picked":"Reinforced Body","floor":21.0},{"not_picked":["Hologram+1","Turbo"],"picked":"Stack","floor":22.0},{"not_picked":["Gash","Hello World+1"],"picked":"Cold Snap","floor":24.0},{"not_picked":["Hyperbeam","Ball Lightning"],"picked":"Melter+1","floor":27.0},{"not_picked":["Reprogram","Compile Driver+1"],"picked":"Chaos","floor":30.0},{"not_picked":["Reboot","Hyperbeam"],"picked":"Multi-Cast","floor":33.0},{"not_picked":["Gash+1","Steam+1"],"picked":"Consume","floor":35},{"not_picked":["Chill","Capacitor+1"],"picked":"Barrage+1","floor":37},{"not_picked":["Sweeping Beam","Ball Lightning","Stack"],"picked":"SKIP","floor":39},{"not_picked":["Go for the Eyes","Fission"],"picked":"Self Repair","floor":41},{"not_picked":["Sunder+1","Ball Lightning+1","Go for the Eyes+1"],"picked":"SKIP","floor":46},{"not_picked":["Skim+1","Blizzard+1"],"picked":"Reinforced Body+1","floor":47}],"player_experience":529914,"relics_obtained":[{"floor":7.0,"key":"Incense Burner"},{"floor":9.0,"key":"FossilizedHelix"},{"floor":13.0,"key":"Vajra"},{"floor":24.0,"key":"Peace Pipe"},{"floor":26.0,"key":"Orichalcum"},{"floor":27.0,"key":"Anchor"},{"floor":43,"key":"Bottled Tornado"},{"floor":45,"key":"Toxic Egg 2"}],"event_choices":[{"damage_healed":0.0,"max_hp_gain":0.0,"max_hp_loss":0.0,"gold_gain":0.0,"event_name":"Living Wall","player_choice":"Grow","floor":2.0,"gold_loss":0.0,"damage_taken":0.0,"cards_upgraded":["Zap"]},{"damage_healed":0.0,"max_hp_gain":0.0,"max_hp_loss":0.0,"gold_gain":0.0,"event_name":"Liars Game","player_choice":"Ignored","floor":4.0,"gold_loss":0.0,"damage_taken":0.0},{"damage_healed":0.0,"max_hp_gain":0.0,"max_hp_loss":0.0,"gold_gain":0.0,"event_name":"World of Goop","player_choice":"Left Gold","floor":5.0,"gold_loss":28.0,"damage_taken":0.0},{"damage_healed":0.0,"max_hp_gain":0.0,"max_hp_loss":0.0,"gold_gain":0.0,"event_name":"FaceTrader","player_choice":"Leave","floor":11.0,"gold_loss":0.0,"damage_taken":0.0},{"damage_healed":0.0,"max_hp_gain":0.0,"max_hp_loss":0.0,"gold_gain":0.0,"event_name":"Addict","player_choice":"Obtained Relic","floor":19.0,"gold_loss":85.0,"damage_taken":0.0,"relics_obtained":["Tiny Chest"]},{"damage_healed":0.0,"max_hp_gain":0.0,"max_hp_loss":0.0,"gold_gain":99.0,"event_name":"Nest","player_choice":"Stole From Cult","floor":28.0,"gold_loss":0.0,"damage_taken":0.0},{"cards_removed":["Coolheaded"],"damage_healed":5.0,"max_hp_gain":0.0,"max_hp_loss":0.0,"gold_gain":0.0,"event_name":"Bonfire Elementals","player_choice":"Offered Common","floor":29.0,"gold_loss":0.0,"damage_taken":0.0},{"cards_removed":["Coolheaded"],"damage_healed":5.0,"max_hp_gain":0.0,"max_hp_loss":0.0,"gold_gain":0.0,"event_name":"Bonfire Elementals","player_choice":"Offered Special","floor":29.0,"gold_loss":0.0,"damage_taken":0.0},{"damage_healed":0.0,"max_hp_gain":0.0,"max_hp_loss":0.0,"gold_gain":0.0,"event_name":"Masked Bandits","player_choice":"Paid Fearfully","floor":31.0,"gold_loss":229.0,"damage_taken":0.0},{"cards_removed":["Sunder"],"damage_healed":0,"gold_gain":0,"player_choice":"Removed Attack","damage_taken":0,"max_hp_gain":0,"max_hp_loss":0,"event_name":"Falling","floor":36,"gold_loss":0},{"damage_healed":0,"gold_gain":0,"player_choice":"Ignored","damage_taken":0,"max_hp_gain":0,"max_hp_loss":0,"event_name":"Tomb of Lord Red Mask","floor":38,"gold_loss":0},{"damage_healed":0,"gold_gain":0,"player_choice":"Copied","damage_taken":0,"max_hp_gain":0,"max_hp_loss":0,"event_name":"Duplicator","floor":42,"gold_loss":0,"cards_obtained":["Chaos"]}],"is_beta":false,"boss_relics":[{"not_picked":["Fusion Hammer","Coffee Dripper"],"picked":"Inserter"},{"not_picked":["Snecko Eye","Runic Dome"],"picked":"Black Star"}],"items_purged_floors":[],"is_endless":false,"potions_floor_spawned":[3,7,21,24,27,30,33,35,39,41],"killed_by":"3 Darklings","ascension_level":2}