{"gold_per_floor":[114,132,31,31,31,31,44,78,105,105,105,135,95,105,105,204,204,215,215,215,226,7,7,23,23,23,23,55,55,89,89],"floor_reached":31,"playtime":1923,"items_purged":["Strike_R"],"score":432,"play_id":"34981cee-42e6-42b6-b939-da27887ebd22","local_time":"20191022003159","is_ascension_mode":true,"campfire_choices":[{"data":"Carnage","floor":6,"key":"SMITH"},{"data":"Pommel Strike","floor":10,"key":"SMITH"},{"floor":15,"key":"REST"},{"data":"Rampage","floor":23,"key":"SMITH"},{"data":"True Grit","floor":25,"key":"SMITH"}],"neow_cost":"NONE","seed_source_timestamp":619800732822000,"circlet_count":0,"master_deck":["AscendersBane","Strike_R","Strike_R","Defend_R+1","Defend_R+1","Defend_R+1","Defend_R+1","Bash","Twin Strike","Carnage+1","Headbutt","Pommel Strike+1","Cleave","Rampage+1","Ghostly Armor","Shrug It Off+1","Inflame","Flash of Steel","Shrug It Off","Burning Pact","True Grit+1","Double Tap","Corruption"],"relics":["Burning Blood","Question Card","Nunchaku","Ancient Tea Set","War Paint","Sozu","Singing Bowl","Blood Vial","Champion Belt"],"potions_floor_usage":[8,8,30,31],"damage_taken":[{"damage":10,"enemies":"Small Slimes","floor":1,"turns":5},{"damage":8,"enemies":"Jaw Worm","floor":2,"turns":5},{"damage":0,"enemies":"2 Louse","floor":7,"turns":2},{"damage":21,"enemies":"Lagavulin","floor":8,"turns":6},{"damage":9,"enemies":"3 Sentries","floor":12,"turns":5},{"damage":5,"enemies":"Blue Slaver","floor":14,"turns":3},{"damage":34,"enemies":"The Guardian","floor":16,"turns":11},{"damage":7,"enemies":"Shell Parasite","floor":18,"turns":5},{"damage":5,"enemies":"3 Byrds","floor":21,"turns":5},{"damage":5,"enemies":"Shelled Parasite and Fungi","floor":24,"turns":8},{"damage":27,"enemies":"Book of Stabbing","floor":28,"turns":6},{"damage":42,"enemies":"Gremlin Leader","floor":30,"turns":7},{"damage":21,"enemies":"Centurion and Healer","floor":31,"turns":5}],"seed_played":"6868752837295688491","potions_obtained":[{"floor":1,"key":"EntropicBrew"},{"floor":2,"key":"Dexterity Potion"}],"is_trial":false,"path_per_floor":["M","M","$","?","T","R","M","E","T","R","?","E","?","M","R","B",null,"M","?","?","M","$","R","M","R","T","$","E","?","E","M"],"character_chosen":"IRONCLAD","items_purchased":["Headbutt","Flash of Steel","Shrug It Off","Burning Pact"],"campfire_rested":1,"item_purchase_floors":[3,22,22,22],"current_hp_per_floor":[68,66,66,50,50,50,56,41,41,41,41,38,38,39,63,35,69,68,68,68,69,69,69,70,70,70,70,49,49,17,0],"gold":89,"neow_bonus":"REMOVE_CARD","is_prod":false,"is_daily":false,"chose_seed":false,"campfire_upgraded":4,"win_rate":0,"timestamp":1571722319,"path_taken":["M","M","$","?","?","R","M","E","T","R","?","E","?","?","R","BOSS","M","?","?","M","$","R","M","R","T","?","E","?","E","M"],"build_version":"2019-07-17","purchased_purges":1,"victory":false,"max_hp_per_floor":[80,80,80,80,80,80,80,80,80,80,80,80,80,80,80,80,80,80,80,80,80,80,80,80,80,80,80,80,80,82,82],"card_choices":[{"not_picked":["Reckless Charge","Entrench"],"picked":"Twin Strike","floor":1},{"not_picked":["Twin Strike","Feel No Pain"],"picked":"Carnage","floor":2},{"not_picked":["Iron Wave","Rupture","Double Tap"],"picked":"Pommel Strike","floor":7},{"not_picked":["Inflame","Clothesline","Entrench"],"picked":"Cleave","floor":8},{"not_picked":["Havoc","Whirlwind","True Grit"],"picked":"Rampage","floor":12},{"not_picked":["Armaments","Bloodletting","Rage"],"picked":"Ghostly Armor","floor":14},{"not_picked":["Immolate","Reaper","Dark Embrace"],"picked":"Exhume","floor":16},{"not_picked":["Rupture","Clash","Wild Strike+1"],"picked":"Shrug It Off+1","floor":18},{"not_picked":["Warcry","Wild Strike","Anger"],"picked":"Inflame","floor":21},{"not_picked":["Blood for Blood+1","Perfected Strike","Shrug It Off"],"picked":"True Grit","floor":24},{"not_picked":["Sever Soul","Iron Wave","Headbutt+1"],"picked":"Double Tap","floor":28},{"not_picked":["Shockwave+1","Shrug It Off","Rupture","Havoc"],"picked":"Singing Bowl","floor":30}],"player_experience":918593,"relics_obtained":[{"floor":5,"key":"Question Card"},{"floor":8,"key":"Nunchaku"},{"floor":9,"key":"Ancient Tea Set"},{"floor":12,"key":"War Paint"},{"floor":26,"key":"Singing Bowl"},{"floor":28,"key":"Blood Vial"},{"floor":30,"key":"Champion Belt"}],"event_choices":[{"damage_healed":0,"gold_gain":0,"player_choice":"Entered Light","damage_taken":16,"max_hp_gain":0,"max_hp_loss":0,"event_name":"Shining Light","floor":4,"gold_loss":0,"cards_upgraded":["Defend_R","Defend_R"]},{"cards_removed":["Strike_R"],"damage_healed":0,"gold_gain":0,"player_choice":"Forget","damage_taken":0,"max_hp_gain":0,"max_hp_loss":0,"event_name":"Living Wall","floor":11,"gold_loss":0},{"damage_healed":0,"gold_gain":0,"player_choice":"Left Gold","damage_taken":0,"max_hp_gain":0,"max_hp_loss":0,"event_name":"World of Goop","floor":13,"gold_loss":40},{"damage_healed":0,"gold_gain":0,"player_choice":"Ignored","damage_taken":0,"max_hp_gain":0,"max_hp_loss":0,"event_name":"Vampires","floor":19,"gold_loss":0},{"damage_healed":0,"gold_gain":0,"player_choice":"Ignored","damage_taken":0,"max_hp_gain":0,"max_hp_loss":0,"event_name":"Cursed Tome","floor":20,"gold_loss":0},{"damage_healed":0,"gold_gain":0,"cards_transformed":["Exhume"],"player_choice":"Transformed","damage_taken":0,"max_hp_gain":0,"max_hp_loss":0,"event_name":"Transmorgrifier","floor":29,"gold_loss":0,"cards_obtained":["Corruption"]}],"is_beta":false,"boss_relics":[{"not_picked":["Runic Dome","Fusion Hammer"],"picked":"Sozu"}],"items_purged_floors":[3],"is_endless":false,"potions_floor_spawned":[1,2,12,24],"killed_by":"Centurion and Healer","ascension_level":11}