{"gold_per_floor":[112,14,31,31,47,77,77,90,117,134,147,160,171,182,182,277,277,293,193,177,177,227,227,257,257,284,294,355,355,422,441,441,441],"floor_reached":33,"playtime":2732,"items_purged":["Strike_G","Heel Hook"],"score":289,"play_id":"a478f2b3-b075-4992-8668-40162ca0b336","local_time":"20180929165458","is_ascension_mode":true,"campfire_choices":[{"data":"Bane","floor":7,"key":"SMITH"},{"floor":15,"key":"REST"},{"data":"Terror","floor":23,"key":"SMITH"},{"floor":25,"key":"REST"},{"data":"Dagger Throw","floor":29,"key":"SMITH"},{"floor":32,"key":"REST"}],"neow_cost":"NONE","seed_source_timestamp":858792275512207,"circlet_count":0,"master_deck":["Defend_G+1","Defend_G+1","Defend_G+1","Defend_G+1","Defend_G+1","Strike_G+1","Strike_G+1","Strike_G+1","Survivor","Neutralize","Bane+1","Deadly Poison","Footwork","Prepared","Terror+1","All Out Attack","Die Die Die","Underhanded Strike+1","Distraction+1","Dagger Throw+1"],"relics":["Ring of the Snake","Strawberry","Blood Vial","Lizard Tail","SsserpentHead","Centennial Puzzle","Art of War"],"potions_floor_usage":[3,24,24],"damage_taken":[{"damage":3,"enemies":"Cultist","floor":1,"turns":5},{"damage":0,"enemies":"2 Louse","floor":3,"turns":2},{"damage":0,"enemies":"Small Slimes","floor":5,"turns":2},{"damage":36,"enemies":"Lagavulin","floor":6,"turns":8},{"damage":0,"enemies":"Red Slaver","floor":8,"turns":4},{"damage":0,"enemies":"Exordium Wildlife","floor":10,"turns":4},{"damage":4,"enemies":"Exordium Thugs","floor":11,"turns":5},{"damage":0,"enemies":"Red Slaver","floor":12,"turns":4},{"damage":0,"enemies":"2 Fungi Beasts","floor":13,"turns":2},{"damage":5,"enemies":"Looter","floor":14,"turns":3},{"damage":36,"enemies":"The Guardian","floor":16,"turns":13},{"damage":9,"enemies":"Chosen","floor":18,"turns":5},{"damage":12,"enemies":"2 Thieves","floor":20,"turns":5},{"damage":37,"enemies":"Slavers","floor":24,"turns":5},{"damage":8,"enemies":"Snecko","floor":27,"turns":3},{"damage":10,"enemies":"Centurion and Healer","floor":28,"turns":5},{"damage":0,"enemies":"Cultist and Chosen","floor":30,"turns":5},{"damage":26,"enemies":"Sentry and Sphere","floor":31,"turns":8},{"damage":93,"enemies":"Champ","floor":33,"turns":17}],"seed_played":"-5587415177828571290","potions_obtained":[{"floor":1,"key":"Fire Potion"},{"floor":8,"key":"GhostInAJar"},{"floor":10,"key":"LiquidBronze"},{"floor":11,"key":"GamblersBrew"},{"floor":27,"key":"GamblersBrew"},{"floor":28,"key":"Weak Potion"}],"is_trial":false,"path_per_floor":["M","$","M","?","M","E","R","M","T","M","M","M","M","M","R","B",null,"M","$","M","?","?","R","E","R","T","M","M","R","M","M","R"],"character_chosen":"THE_SILENT","items_purchased":["Deadly Poison"],"campfire_rested":3,"item_purchase_floors":[2],"current_hp_per_floor":[67,67,67,67,67,38,38,38,38,40,38,40,42,39,62,28,77,68,68,58,58,58,58,23,46,46,40,32,32,34,10,33,0],"gold":441,"neow_bonus":"TRANSFORM_CARD","is_prod":false,"is_daily":false,"chose_seed":false,"campfire_upgraded":3,"win_rate":0,"timestamp":1538258098,"path_taken":["M","$","M","?","M","E","R","M","T","M","M","?","M","M","R","BOSS","M","$","M","?","?","R","E","R","T","M","?","R","?","M","R","BOSS"],"build_version":"2018-09-27","purchased_purges":2,"victory":false,"max_hp_per_floor":[70,70,70,70,70,77,77,77,77,77,77,77,77,77,77,77,77,77,77,77,77,77,77,77,77,77,77,77,77,77,77,77,77],"card_choices":[{"not_picked":["Blur","Poisoned Stab"],"picked":"Bane","floor":1},{"not_picked":["Slice","Bane","Escape Plan"],"picked":"SKIP","floor":3},{"not_picked":["Slice","Poisoned Stab","Flechettes"],"picked":"SKIP","floor":5},{"not_picked":["Tactician","PiercingWail"],"picked":"Footwork","floor":6},{"not_picked":["Flying Knee","Bouncing Flask"],"picked":"Prepared","floor":8},{"not_picked":["Dagger Spray","Calculated Gamble"],"picked":"Terror","floor":10},{"not_picked":["PiercingWail","Prepared","Endless Agony"],"picked":"SKIP","floor":11},{"not_picked":["Eviscerate","Finisher"],"picked":"All Out Attack","floor":12},{"not_picked":["Concentrate","Cloak And Dagger","PiercingWail"],"picked":"SKIP","floor":13},{"not_picked":["Deadly Poison","Bane","PiercingWail"],"picked":"SKIP","floor":14},{"not_picked":["Storm of Steel","Grand Finale"],"picked":"Die Die Die","floor":16},{"not_picked":["Cloak And Dagger+1","Deflect"],"picked":"Underhanded Strike+1","floor":18},{"not_picked":["Caltrops","PiercingWail","Flying Knee"],"picked":"SKIP","floor":20},{"not_picked":["Dodge and Roll+1","Backstab"],"picked":"Distraction+1","floor":24},{"not_picked":["Calculated Gamble","Accuracy","Terror"],"picked":"SKIP","floor":27},{"not_picked":["Die Die Die","Slice"],"picked":"Dagger Throw","floor":28},{"not_picked":["Finisher","Caltrops","Outmaneuver+1"],"picked":"SKIP","floor":30},{"not_picked":["PiercingWail","Burst","Blade Dance+1"],"picked":"SKIP","floor":31}],"player_experience":336047,"relics_obtained":[{"floor":6,"key":"Strawberry"},{"floor":9,"key":"Blood Vial"},{"floor":24,"key":"Centennial Puzzle"},{"floor":26,"key":"Art of War"}],"event_choices":[{"event_name":"The Cleric","player_choice":"Leave","floor":4,"damage_taken":0},{"event_name":"FaceTrader","player_choice":"Trade","floor":21,"damage_taken":0},{"event_name":"Back to Basics","player_choice":"Simplicity","floor":22,"damage_taken":0}],"is_beta":false,"boss_relics":[{"not_picked":["Busted Crown","Calling Bell"],"picked":"Lizard Tail"}],"items_purged_floors":[2,19],"is_endless":false,"potions_floor_spawned":[1,8,10,11,16,27,28],"killed_by":"Champ","ascension_level":1}