{"gold_per_floor":[115,126,126,138,63,88,151,178,178,212,212,228,228,248,248,349,349,367,367,82,82,92,126,126,154,154,165,165,165,176,188,188,289,289,299,318,332,84,104,104,104],"floor_reached":41,"playtime":3663,"items_purged":["Bash","Strike_R"],"score":503,"play_id":"551bb2b8-a58f-4a58-81a2-385906c6fc64","local_time":"20180903161523","is_ascension_mode":false,"campfire_choices":[{"data":"Metallicize","floor":15,"key":"SMITH"},{"floor":24,"key":"REST"},{"data":"Fire Breathing","floor":28,"key":"SMITH"},{"floor":32,"key":"REST"},{"data":"Fire Breathing","floor":40,"key":"SMITH"}],"neow_cost":"","seed_source_timestamp":78275824642044,"circlet_count":0,"master_deck":["Strike_R","Strike_R","Strike_R+1","Strike_R+1","Defend_R","Defend_R","Defend_R","Defend_R","Metallicize+1","Inflame","Flex","Metallicize+1","Fire Breathing+1","Fire Breathing+1","Feel No Pain","Infernal Blade","Barricade+1","Entrench+1","Perfected Strike","Flex+1","Body Slam","Combust+1","Perfected Strike","Rage","Rampage+1"],"relics":["Burning Blood","Bird Faced Urn","Question Card","Meat on the Bone","Singing Bowl","Blue Candle","Whetstone","Velvet Choker","Gremlin Horn","Potion Belt","Happy Flower","Pear","Runic Cube","Oddly Smooth Stone"],"potions_floor_usage":[10,16,23,23,25,31,36,41,41],"damage_taken":[{"damage":0,"enemies":"2 Louse","floor":1,"turns":3},{"damage":5,"enemies":"Small Slimes","floor":2,"turns":4},{"damage":1,"enemies":"Jaw Worm","floor":4,"turns":3},{"damage":40,"enemies":"Gremlin Nob","floor":6,"turns":6},{"damage":21,"enemies":"Gremlin Nob","floor":7,"turns":5},{"damage":27,"enemies":"Lagavulin","floor":8,"turns":8},{"damage":26,"enemies":"3 Sentries","floor":10,"turns":10},{"damage":15,"enemies":"3 Louse","floor":12,"turns":4},{"damage":10,"enemies":"Exordium Wildlife","floor":14,"turns":6},{"damage":52,"enemies":"Hexaghost","floor":16,"turns":10},{"damage":1,"enemies":"3 Byrds","floor":18,"turns":7},{"damage":26,"enemies":"Spheric Guardian","floor":22,"turns":8},{"damage":68,"enemies":"Slavers","floor":23,"turns":10},{"damage":62,"enemies":"Book of Stabbing","floor":25,"turns":8},{"damage":20,"enemies":"Centurion and Healer","floor":27,"turns":7},{"damage":26,"enemies":"Snecko","floor":30,"turns":5},{"damage":24,"enemies":"Chosen and Byrds","floor":31,"turns":5},{"damage":48,"enemies":"Automaton","floor":33,"turns":12},{"damage":6,"enemies":"3 Shapes","floor":35,"turns":5},{"damage":21,"enemies":"3 Darklings","floor":36,"turns":6},{"damage":42,"enemies":"Sphere and 2 Shapes","floor":37,"turns":7},{"damage":43,"enemies":"Maw","floor":39,"turns":10},{"damage":103,"enemies":"2 Orb Walkers","floor":41,"turns":5}],"seed_played":"7705813800833076031","potions_obtained":[{"floor":1,"key":"EssenceOfSteel"},{"floor":6,"key":"BloodPotion"},{"floor":7,"key":"SneckoOil"},{"floor":12,"key":"Swift Potion"},{"floor":19,"key":"AttackPotion"},{"floor":30,"key":"AttackPotion"},{"floor":31,"key":"SkillPotion"},{"floor":33,"key":"BloodPotion"},{"floor":36,"key":"Poison Potion"},{"floor":39,"key":"Ancient Potion"}],"is_trial":false,"path_per_floor":["M","M","?","M","$","E","?","E","T","E","?","M","?","M","R","B",null,"M","?","$","?","M","E","R","E","T","M","R","?","M","M","R","B",null,"M","M","M","$","M","R"],"character_chosen":"IRONCLAD","items_purchased":["Gremlin Horn","Perfected Strike","Oddly Smooth Stone"],"campfire_rested":2,"item_purchase_floors":[20,20,38],"current_hp_per_floor":[80,80,77,80,80,46,49,48,48,52,52,49,49,55,55,33,82,82,82,82,82,74,46,71,41,51,63,63,44,50,56,85,61,101,103,102,80,80,73,73,0],"gold":104,"neow_bonus":"","is_prod":false,"is_daily":false,"chose_seed":false,"campfire_upgraded":3,"win_rate":0,"timestamp":1536009323,"path_taken":["M","M","?","M","$","E","?","E","T","E","?","M","?","M","R","BOSS","M","?","$","?","M","E","R","E","T","M","R","?","M","M","R","BOSS","M","M","M","$","M","R","E"],"build_version":"2018-08-30","purchased_purges":2,"victory":false,"max_hp_per_floor":[80,80,80,80,80,80,80,80,80,82,82,82,82,82,82,82,82,82,82,82,82,84,84,84,84,94,94,94,99,99,99,99,101,101,103,105,108,108,110,110,110],"card_choices":[{"not_picked":["Anger","Clothesline"],"picked":"Metallicize","floor":1},{"not_picked":["Headbutt","Intimidate"],"picked":"Inflame","floor":2},{"not_picked":["Pommel Strike","Body Slam"],"picked":"Flex","floor":4},{"not_picked":["Battle Trance","Intimidate"],"picked":"Metallicize","floor":6},{"not_picked":["True Grit","Heavy Blade","Body Slam"],"picked":"Brutality","floor":7},{"not_picked":["Cleave","Armaments","Dual Wield"],"picked":"Fire Breathing","floor":8},{"not_picked":["Evolve","Searing Blow","Sword Boomerang","Burning Pact"],"picked":"Singing Bowl","floor":10},{"not_picked":["Intimidate","Anger","Seeing Red"],"picked":"Fire Breathing","floor":12},{"not_picked":["True Grit","Anger","Dual Wield"],"picked":"Infernal Blade","floor":14},{"not_picked":["Reaper","Immolate","Berserk"],"picked":"Barricade","floor":16},{"not_picked":["Twin Strike","Sword Boomerang","Clash"],"picked":"Entrench+1","floor":18},{"not_picked":["Heavy Blade","Twin Strike+1","Clash","True Grit+1"],"picked":"Singing Bowl","floor":22},{"not_picked":["Anger","Immolate","Rupture"],"picked":"Flex+1","floor":23},{"not_picked":["Sentinel","Warcry+1","Wild Strike"],"picked":"Body Slam","floor":25},{"not_picked":["Thunderclap","Inflame","Ghostly Armor+1"],"picked":"Combust+1","floor":27},{"not_picked":["Corruption+1","Wild Strike+1","Blood for Blood"],"picked":"Perfected Strike","floor":30},{"not_picked":["Battle Trance","Anger","Iron Wave"],"picked":"Rage","floor":31},{"not_picked":["Barricade","Exhume","Brutality","Immolate"],"picked":"Singing Bowl","floor":33},{"not_picked":["Dual Wield+1","Intimidate","Headbutt","Battle Trance"],"picked":"Singing Bowl","floor":35},{"not_picked":["Havoc","Seeing Red","Sever Soul+1","Burning Pact+1"],"picked":"Singing Bowl","floor":36},{"not_picked":["Body Slam+1","Sword Boomerang","Iron Wave"],"picked":"Rampage+1","floor":37},{"not_picked":["Clothesline","Exhume","Pommel Strike","Iron Wave"],"picked":"Singing Bowl","floor":39}],"player_experience":290164,"relics_obtained":[{"floor":6,"key":"Question Card"},{"floor":8,"key":"Singing Bowl"},{"floor":9,"key":"Blue Candle"},{"floor":10,"key":"Whetstone"},{"floor":23,"key":"Potion Belt"},{"floor":25,"key":"Happy Flower"},{"floor":26,"key":"Pear"}],"event_choices":[{"event_name":"Scrap Ooze","player_choice":"success","floor":3,"damage_taken":3},{"event_name":"Dead Adventurer","player_choice":"Searched \u00273\u0027 times","floor":7,"damage_taken":0},{"event_name":"Living Wall","player_choice":"Grow","floor":11,"damage_taken":0},{"event_name":"Transmorgrifier","player_choice":"Transform","floor":13,"damage_taken":0},{"event_name":"The Lab","player_choice":"Got Potions","floor":19,"damage_taken":0},{"event_name":"Upgrade Shrine","player_choice":"Upgraded","floor":21,"damage_taken":0},{"event_name":"Forgotten Altar","player_choice":"Shed Blood","floor":29,"damage_taken":0}],"is_beta":false,"boss_relics":[{"not_picked":["Calling Bell","Orrery"],"picked":"Velvet Choker"},{"not_picked":["Fusion Hammer","Sozu"],"picked":"Runic Cube"}],"items_purged_floors":[5,38],"is_endless":false,"potions_floor_spawned":[1,6,7,12,14,22,30,31,33,36,39],"killed_by":"2 Orb Walkers","ascension_level":0}