{"gold_per_floor":[110,110,110,123,48,87,100,100,100,100,113,113,134,474,474,474],"floor_reached":16,"playtime":1224,"items_purged":["Strike_R"],"score":154,"play_id":"ddde3998-244c-48fa-8b44-792a3226153d","local_time":"20190922184827","is_ascension_mode":true,"campfire_choices":[{"data":"Bludgeon","floor":8,"key":"SMITH"},{"data":"Shrug It Off","floor":10,"key":"SMITH"},{"data":"Shrug It Off","floor":12,"key":"SMITH"},{"data":"Infernal Blade","floor":15,"key":"SMITH"}],"neow_cost":"NONE","seed_source_timestamp":250888908325400,"circlet_count":0,"master_deck":["Strike_R","Strike_R","Strike_R","Strike_R","Defend_R","Defend_R","Defend_R","Defend_R","Bash","Bludgeon+1","Shrug It Off+1","Clash","Shrug It Off+1","Infernal Blade+1","Inflame"],"relics":["Burning Blood","Golden Idol","Ornamental Fan","Pantograph","Old Coin"],"potions_floor_usage":[6,7,14],"damage_taken":[{"damage":7,"enemies":"Jaw Worm","floor":1,"turns":3},{"damage":0,"enemies":"2 Louse","floor":4,"turns":3},{"damage":42,"enemies":"3 Sentries","floor":6,"turns":12},{"damage":0,"enemies":"Small Slimes","floor":7,"turns":1},{"damage":10,"enemies":"Gremlin Gang","floor":11,"turns":9},{"damage":0,"enemies":"3 Louse","floor":13,"turns":4},{"damage":35,"enemies":"Gremlin Nob","floor":14,"turns":5},{"damage":50,"enemies":"Slime Boss","floor":16,"turns":12}],"seed_played":"-2745525543888305808","potions_obtained":[{"floor":4,"key":"Swift Potion"},{"floor":6,"key":"Fire Potion"},{"floor":13,"key":"SkillPotion"}],"is_trial":false,"path_per_floor":["M","?","?","M","$","E","M","R","T","R","M","R","M","E","R","B"],"character_chosen":"IRONCLAD","items_purchased":[],"campfire_rested":0,"item_purchase_floors":[],"current_hp_per_floor":[71,71,76,79,79,43,49,49,49,49,45,45,51,22,22,0],"gold":474,"neow_bonus":"ONE_RANDOM_RARE_CARD","is_prod":false,"is_daily":false,"chose_seed":false,"campfire_upgraded":4,"win_rate":0,"timestamp":1569196107,"path_taken":["M","?","?","M","?","E","M","R","T","R","M","R","M","E","R","BOSS"],"build_version":"2019-07-17","purchased_purges":1,"victory":false,"max_hp_per_floor":[80,74,79,79,79,79,79,79,79,79,79,79,79,79,79,79],"card_choices":[{"not_picked":["Wild Strike","Armaments"],"picked":"Shrug It Off","floor":1},{"not_picked":["Perfected Strike","Fire Breathing","Dropkick"],"picked":"SKIP","floor":4},{"not_picked":["Wild Strike","Power Through","Bloodletting"],"picked":"SKIP","floor":6},{"not_picked":["Body Slam","Feel No Pain"],"picked":"Clash","floor":7},{"not_picked":["Impervious","Armaments"],"picked":"Shrug It Off","floor":11},{"not_picked":["Anger","Thunderclap"],"picked":"Infernal Blade","floor":13},{"not_picked":["Feed","Anger"],"picked":"Inflame","floor":14}],"player_experience":756886,"relics_obtained":[{"floor":6,"key":"Ornamental Fan"},{"floor":9,"key":"Pantograph"},{"floor":14,"key":"Old Coin"}],"event_choices":[{"damage_healed":0,"gold_gain":0,"player_choice":"Lose Max HP","damage_taken":0,"relics_obtained":["Golden Idol"],"max_hp_gain":0,"max_hp_loss":6,"event_name":"Golden Idol","floor":2,"gold_loss":0},{"damage_healed":0,"gold_gain":0,"player_choice":"Donut","damage_taken":0,"max_hp_gain":5,"max_hp_loss":0,"event_name":"Big Fish","floor":3,"gold_loss":0}],"is_beta":false,"boss_relics":[],"items_purged_floors":[5],"is_endless":false,"potions_floor_spawned":[4,6,13],"killed_by":"Slime Boss","ascension_level":8}