{"path_per_floor":["M","M","M","?","M","E","M","R","T","?","R","E","M","M","R","B",null,"M","M","M","$","M","R","?","R","T","R","$","?","M","M","R"],"character_chosen":"IRONCLAD","items_purchased":["Metallicize","Vajra"],"gold_per_floor":[10,27,46,46,57,83,96,96,96,46,46,74,94,114,114,209,209,228,239,259,72,84,84,84,84,132,132,57,57,76,94,94,94],"floor_reached":33,"campfire_rested":0,"playtime":1959,"current_hp_per_floor":[77,78,78,78,80,69,78,78,78,78,78,70,80,80,80,80,80,74,80,79,79,73,73,73,73,73,73,73,73,71,80,80,0],"items_purged":["Bash"],"gold":94,"score":337,"play_id":"fc5582af-5e20-4936-92ec-1c30e03068af","local_time":"20180331145805","is_prod":false,"is_daily":false,"is_ascension_mode":false,"campfire_upgraded":7,"timestamp":1522526285,"path_taken":["M","M","M","?","M","E","M","R","T","?","R","E","M","M","R","BOSS","M","M","M","$","M","R","?","R","T","R","$","?","M","M","R","BOSS"],"build_version":"2018-03-29v2","purchased_purges":1,"victory":false,"master_deck":["Strike_R","Strike_R","Strike_R","Strike_R","Strike_R","Defend_R","Defend_R","Defend_R","Flex+1","Shockwave+1","Perfected Strike+1","Flex","Perfected Strike+1","Heavy Blade+1","Rampage","Metallicize+1","Perfected Strike+1","Writhe","Perfected Strike+1","Inflame+1"],"max_hp_per_floor":[80,80,80,80,80,80,80,80,80,80,80,80,80,80,80,80,80,80,80,80,80,80,80,80,80,80,80,80,80,80,80,80,80],"relics":["Black Blood","Magic Flower","Thread and Needle","Du-Vu Doll","Blood Vial","Vajra","Oddly Smooth Stone","Bronze Scales"],"card_choices":[{"not_picked":["True Grit","Sword Boomerang"],"picked":"Flex","floor":1},{"not_picked":["Thunderclap","Wild Strike"],"picked":"Shockwave","floor":2},{"not_picked":["Cleave","Second Wind"],"picked":"Perfected Strike","floor":3},{"not_picked":["Clothesline","Evolve"],"picked":"Flex","floor":6},{"not_picked":["Clash","Pommel Strike"],"picked":"Perfected Strike","floor":13},{"not_picked":["Flex","Evolve"],"picked":"Heavy Blade","floor":18},{"not_picked":["Havoc","Evolve"],"picked":"Rampage","floor":19},{"not_picked":["Bloodletting","Headbutt"],"picked":"Perfected Strike","floor":30},{"not_picked":["Sentinel","Perfected Strike"],"picked":"Inflame","floor":31}],"player_experience":231663,"potions_floor_usage":[6,18,18,20,33],"damage_taken":[{"damage":12,"enemies":"Small Slimes","floor":1,"turns":5},{"damage":8,"enemies":"2 Louse","floor":2,"turns":3},{"damage":9,"enemies":"Jaw Worm","floor":3,"turns":5},{"damage":7,"enemies":"Blue Slaver","floor":5,"turns":3},{"damage":20,"enemies":"Gremlin Nob","floor":6,"turns":4},{"damage":0,"enemies":"Exordium Wildlife","floor":7,"turns":3},{"damage":17,"enemies":"3 Sentries","floor":12,"turns":8},{"damage":0,"enemies":"Looter","floor":13,"turns":3},{"damage":2,"enemies":"Exordium Thugs","floor":14,"turns":5},{"damage":0,"enemies":"Slime Boss","floor":16,"turns":7},{"damage":21,"enemies":"2 Thieves","floor":18,"turns":4},{"damage":11,"enemies":"Shell Parasite","floor":19,"turns":4},{"damage":16,"enemies":"Snake Plant","floor":20,"turns":3},{"damage":22,"enemies":"Slaver and Parasite","floor":22,"turns":7},{"damage":20,"enemies":"Centurion and Healer","floor":30,"turns":4},{"damage":0,"enemies":"3 Cultists","floor":31,"turns":5},{"damage":97,"enemies":"Champ","floor":33,"turns":11}],"event_choices":[{"event_name":"Liars Game","player_choice":"disagreed","floor":4,"damage_taken":0},{"event_name":"The Cleric","player_choice":"Card Removal","floor":10,"damage_taken":0},{"event_name":"Duplicator","player_choice":"One dupe","floor":24,"damage_taken":0},{"event_name":"The Mausoleum","player_choice":"Yes","floor":29,"damage_taken":0}],"boss_relics":[{"not_picked":["Orrery","White Beast Statue"],"picked":"Black Blood"}],"potions_floor_spawned":[3,5,6,14,16,19,22,31],"seed_played":"7602989738063106639","killed_by":"Champ","ascension_level":0,"is_trial":false}