{"path_per_floor":["M","M","?","M","M","R","E","M","T","M","T","$","?","M","R","B",null,"M","T","M","M","$","R","M","?","T","E","R","M","M"],"character_chosen":"IRONCLAD","items_purchased":["Armaments","Shuriken"],"gold_per_floor":[109,126,126,140,123,123,157,182,182,198,198,77,77,47,47,170,170,186,211,230,245,3,3,27,27,27,68,68,92,113],"floor_reached":31,"campfire_rested":2,"playtime":2440,"current_hp_per_floor":[80,80,60,66,72,72,35,39,39,37,37,37,37,43,67,59,80,79,79,77,68,68,68,60,60,60,27,66,60,33],"items_purged":["Havoc"],"gold":113,"score":259,"play_id":"36bdac62-1b2b-4bcd-86aa-accb8c0a6a27","local_time":"20180309005620","is_prod":false,"is_daily":false,"is_ascension_mode":false,"campfire_upgraded":2,"timestamp":1520578580,"path_taken":["M","M","?","M","M","R","E","?","T","M","?","$","?","M","R","BOSS","M","?","M","?","$","R","M","?","T","E","R","M","M","M"],"build_version":"2018-03-01-PROD1","purchased_purges":2,"victory":false,"master_deck":["Strike_R","Strike_R","Strike_R","Strike_R","Defend_R","Defend_R","Defend_R","Defend_R","Bash","Flame Barrier","Entrench","Armaments+1","Searing Blow","Barricade+1","Armaments+1","Body Slam+1","Iron Wave"],"max_hp_per_floor":[80,80,80,80,80,80,80,80,80,80,80,80,80,80,80,80,80,80,80,80,80,80,80,80,80,80,80,80,80,80],"relics":["Burning Blood","Golden Idol","Bronze Scales","Unceasing Top","Toxic Egg 2","White Beast Statue","Lantern","Shuriken","Du-Vu Doll","Regal Pillow"],"card_choices":[{"not_picked":["Pommel Strike","Thunderclap"],"picked":"Flame Barrier"},{"not_picked":["Disarm","Iron Wave"],"picked":"Entrench"},{"not_picked":["Blood for Blood","Dark Embrace"],"picked":"Armaments"},{"not_picked":["Headbutt","Sentinel"],"picked":"Searing Blow"},{"not_picked":["Shockwave","Sword Boomerang"],"picked":"Barricade"},{"not_picked":["Twin Strike","Clash"],"picked":"Body Slam"},{"not_picked":["Rage","Seeing Red"],"picked":"Iron Wave"}],"player_experience":104070,"potions_floor_usage":[8,16,20,24,24,27,29,30],"damage_taken":[{"damage":0,"enemies":"Small Slimes","floor":1,"turns":3},{"damage":0,"enemies":"2 Louse","floor":2,"turns":4},{"damage":0,"enemies":"Cultist","floor":4,"turns":4},{"damage":0,"enemies":"Exordium Thugs","floor":5,"turns":4},{"damage":43,"enemies":"Gremlin Nob","floor":7,"turns":5},{"damage":2,"enemies":"3 Louse","floor":8,"turns":3},{"damage":8,"enemies":"Exordium Wildlife","floor":10,"turns":4},{"damage":0,"enemies":"Looter","floor":14,"turns":4},{"damage":14,"enemies":"Slime Boss","floor":16,"turns":15},{"damage":7,"enemies":"Shell Parasite","floor":18,"turns":5},{"damage":8,"enemies":"Chosen","floor":20,"turns":9},{"damage":15,"enemies":"Centurion and Healer","floor":21,"turns":8},{"damage":14,"enemies":"Snecko","floor":24,"turns":5},{"damage":39,"enemies":"Book of Stabbing","floor":27,"turns":8},{"damage":12,"enemies":"Slaver and Parasite","floor":29,"turns":9},{"damage":33,"enemies":"Snake Plant","floor":30,"turns":5},{"damage":42,"enemies":"3 Cultists","floor":31,"turns":4}],"event_choices":[{"event_name":"Golden Idol","player_choice":"Take Damage","floor":3,"damage_taken":0},{"event_name":"Living Wall","player_choice":"Grow","floor":13,"damage_taken":0},{"event_name":"Beggar","player_choice":"Ignored","floor":25,"damage_taken":0}],"boss_relics":[{"not_picked":["Orrery","Snecko Eye"],"picked":"White Beast Statue"}],"potions_floor_spawned":[5,7,16,18,20,21,24,27,29,30],"seed_played":"-7565541967251470188","killed_by":"3 Cultists","ascension_level":0,"is_trial":false}