{"gold_per_floor":[114,13,26,41,58,84,84,84,84,159,159,189,202,232,232,329,329,346,316,316,316],"floor_reached":21,"playtime":1272,"items_purged":["Strike_R"],"score":179,"play_id":"7c2dcf75-fa3e-40f3-91f4-54d8f99def26","local_time":"20180915002041","is_ascension_mode":false,"campfire_choices":[{"data":"Demon Form","floor":7,"key":"SMITH"},{"data":"Flame Barrier","floor":11,"key":"SMITH"},{"data":"Body Slam","floor":15,"key":"SMITH"}],"neow_cost":"NONE","seed_source_timestamp":175523353814913,"circlet_count":0,"master_deck":["Strike_R+1","Strike_R+1","Strike_R+1","Strike_R+1","Defend_R+1","Defend_R+1","Defend_R+1","Defend_R+1","Disarm","Twin Strike","Clash","Cleave","Flame Barrier+1","Demon Form+1","Body Slam+1","Battle Trance","Limit Break","Heavy Blade+1"],"relics":["Burning Blood","Ancient Tea Set","Bag of Preparation","Gremlin Horn","Odd Mushroom","Runic Pyramid"],"potions_floor_usage":[19],"damage_taken":[{"damage":0,"enemies":"2 Louse","floor":1,"turns":4},{"damage":4,"enemies":"Jaw Worm","floor":3,"turns":4},{"damage":5,"enemies":"Small Slimes","floor":4,"turns":3},{"damage":1,"enemies":"2 Fungi Beasts","floor":5,"turns":4},{"damage":43,"enemies":"Lagavulin","floor":6,"turns":7},{"damage":0,"enemies":"3 Louse","floor":13,"turns":2},{"damage":5,"enemies":"The Mushroom Lair","floor":14,"turns":3},{"damage":11,"enemies":"The Guardian","floor":16,"turns":9},{"damage":0,"enemies":"Chosen","floor":18,"turns":4},{"damage":26,"enemies":"2 Thieves","floor":19,"turns":5},{"damage":25,"enemies":"Colosseum Slavers","floor":21,"turns":5},{"damage":20,"enemies":"Colosseum Nobs","floor":21,"turns":3}],"seed_played":"-1545006020886375852","potions_obtained":[{"floor":3,"key":"BloodPotion"},{"floor":5,"key":"AttackPotion"}],"is_trial":false,"path_per_floor":["M","$","M","M","M","E","R","$","T","?","R","?","M","?","R","B",null,"M","M","?"],"character_chosen":"IRONCLAD","items_purchased":["Clash"],"campfire_rested":0,"item_purchase_floors":[2],"current_hp_per_floor":[80,80,80,80,80,43,43,43,43,32,32,32,38,39,39,34,80,80,60,60,21],"gold":316,"neow_bonus":"TRANSFORM_CARD","is_prod":false,"is_daily":false,"chose_seed":false,"campfire_upgraded":3,"win_rate":0,"timestamp":1536988841,"path_taken":["M","$","M","M","M","E","R","$","T","?","R","?","?","?","R","BOSS","M","M","?","?"],"build_version":"2018-09-06","purchased_purges":1,"victory":false,"max_hp_per_floor":[80,80,80,80,80,80,80,80,80,80,80,80,80,80,80,80,80,80,80,80,80],"card_choices":[{"not_picked":["Sword Boomerang","Searing Blow"],"picked":"Twin Strike","floor":1},{"not_picked":["Clothesline","Evolve"],"picked":"Cleave","floor":3},{"not_picked":["Rage","Blood for Blood","Heavy Blade"],"picked":"SKIP","floor":4},{"not_picked":["Sword Boomerang","Perfected Strike"],"picked":"Flame Barrier","floor":5},{"not_picked":["True Grit","Hemokinesis"],"picked":"Demon Form","floor":6},{"not_picked":["Perfected Strike","Power Through"],"picked":"Body Slam","floor":13},{"not_picked":["Seeing Red","Havoc"],"picked":"Battle Trance","floor":14},{"not_picked":["Reaper","Juggernaut"],"picked":"Limit Break","floor":16},{"not_picked":["Twin Strike","Thunderclap"],"picked":"Heavy Blade+1","floor":18},{"not_picked":["Anger","Havoc","Iron Wave"],"picked":"SKIP","floor":19}],"player_experience":314852,"relics_obtained":[{"floor":6,"key":"Ancient Tea Set"},{"floor":9,"key":"Bag of Preparation"},{"floor":14,"key":"Odd Mushroom"}],"event_choices":[{"event_name":"World of Goop","player_choice":"Gather Gold","floor":10,"damage_taken":0},{"event_name":"Dead Adventurer","player_choice":"Searched \u00272\u0027 times","floor":12,"damage_taken":0},{"event_name":"Mushrooms","player_choice":"Fought Mushrooms","floor":14,"damage_taken":0},{"event_name":"Back to Basics","player_choice":"Simplicity","floor":20,"damage_taken":0},{"event_name":"Colosseum","player_choice":"Fight","floor":21,"damage_taken":0},{"event_name":"Colosseum","player_choice":"Fought Nobs","floor":21,"damage_taken":0}],"is_beta":false,"boss_relics":[{"not_picked":["Tiny House","Astrolabe"],"picked":"Runic Pyramid"}],"items_purged_floors":[2],"is_endless":false,"potions_floor_spawned":[3,5,21],"killed_by":"Colosseum Nobs","ascension_level":0}