{"gold_per_floor":[117,134,66,85,99,99,127,127,127,127,107,107,122,135,135,235,235,245,170,183,183,183,217,217,217],"floor_reached":25,"playtime":1547,"items_purged":["Defend_B"],"score":298,"play_id":"4d4d7212-a871-4e90-a2d8-7c4ad2c8479d","local_time":"20190616001934","is_ascension_mode":true,"campfire_choices":[{"data":"Buffer","floor":6,"key":"SMITH"},{"floor":10,"key":"REST"},{"data":"Zap","floor":12,"key":"SMITH"},{"data":"Conserve Battery","floor":15,"key":"SMITH"}],"neow_cost":"NONE","seed_source_timestamp":39330109964993,"circlet_count":0,"master_deck":["Strike_B","Strike_B","Strike_B","Defend_B","Defend_B","Defend_B","Zap+1","Dualcast","Multi-Cast","Sweeping Beam","Cold Snap","Sunder","Leap","Buffer+1","Conserve Battery+1","Streamline","Rebound","Seek"],"relics":["Cracked Core","Prayer Wheel","Cables","Busted Crown","Kunai","MutagenicStrength"],"potions_floor_usage":[16,20,25],"damage_taken":[{"damage":0,"enemies":"Cultist","floor":1,"turns":3},{"damage":4,"enemies":"Small Slimes","floor":2,"turns":3},{"damage":2,"enemies":"Jaw Worm","floor":4,"turns":3},{"damage":4,"enemies":"Blue Slaver","floor":5,"turns":4},{"damage":21,"enemies":"Lagavulin","floor":7,"turns":9},{"damage":0,"enemies":"Exordium Wildlife","floor":13,"turns":3},{"damage":0,"enemies":"Large Slime","floor":14,"turns":5},{"damage":17,"enemies":"The Guardian","floor":16,"turns":11},{"damage":11,"enemies":"Spheric Guardian","floor":18,"turns":4},{"damage":7,"enemies":"3 Byrds","floor":20,"turns":6},{"damage":61,"enemies":"Gremlin Leader","floor":23,"turns":11},{"damage":11,"enemies":"Book of Stabbing","floor":25,"turns":4}],"seed_played":"3503505294561786429","potions_obtained":[{"floor":4,"key":"GamblersBrew"},{"floor":7,"key":"Explosive Potion"},{"floor":11,"key":"SteroidPotion"},{"floor":16,"key":"Block Potion"}],"is_trial":false,"path_per_floor":["M","M","$","M","M","R","E","?","T","R","?","R","M","M","R","B",null,"M","$","M","?","?","E","?","E"],"character_chosen":"DEFECT","items_purchased":["Sunder"],"campfire_rested":1,"item_purchase_floors":[3],"current_hp_per_floor":[68,64,64,62,58,58,37,30,30,52,52,52,52,52,52,35,65,54,54,47,72,72,11,11,0],"gold":217,"neow_bonus":"ONE_RANDOM_RARE_CARD","is_prod":false,"is_daily":false,"chose_seed":false,"campfire_upgraded":3,"win_rate":0,"timestamp":1560662374,"path_taken":["M","M","$","M","?","R","E","?","T","R","?","R","M","M","R","BOSS","M","$","M","?","?","E","?","E"],"build_version":"2019-01-23","purchased_purges":1,"victory":false,"max_hp_per_floor":[75,75,75,75,75,75,75,75,75,75,75,75,75,75,75,75,75,75,75,75,75,75,75,75,75],"card_choices":[{"not_picked":["Streamline","Stack"],"picked":"Sweeping Beam","floor":1},{"not_picked":["Blizzard","Genetic Algorithm"],"picked":"Cold Snap","floor":2},{"not_picked":["Rip and Tear","Cold Snap"],"picked":"Leap","floor":4},{"not_picked":["Steam","Rebound"],"picked":"Buffer","floor":5},{"not_picked":["Capacitor","Hello World","Cold Snap"],"picked":"SKIP","floor":7},{"not_picked":["Ball Lightning","Leap"],"picked":"Conserve Battery","floor":13},{"not_picked":["Compile Driver","Beam Cell"],"picked":"Streamline","floor":13},{"not_picked":["Darkness","Barrage"],"picked":"Rebound","floor":14},{"not_picked":["Recycle","Coolheaded","Darkness"],"picked":"SKIP","floor":14},{"not_picked":["Machine Learning","Meteor Strike"],"picked":"Seek","floor":16},{"not_picked":["Coolheaded"],"picked":"SKIP","floor":18},{"not_picked":["Heatsinks"],"picked":"SKIP","floor":18},{"not_picked":["Steam Power+1"],"picked":"SKIP","floor":20},{"not_picked":["Redo"],"picked":"SKIP","floor":20},{"not_picked":["Compile Driver"],"picked":"SKIP","floor":23}],"player_experience":745445,"relics_obtained":[{"floor":7,"key":"Prayer Wheel"},{"floor":9,"key":"Cables"},{"floor":23,"key":"Kunai"}],"event_choices":[{"cards_removed":["Strike_B"],"damage_healed":0,"gold_gain":0,"player_choice":"Card Removal","damage_taken":7,"max_hp_gain":0,"max_hp_loss":0,"event_name":"Golden Wing","floor":8,"gold_loss":0},{"damage_healed":0,"gold_gain":0,"player_choice":"Bought 1 Potion","damage_taken":0,"max_hp_gain":0,"max_hp_loss":0,"event_name":"The Woman in Blue","floor":11,"gold_loss":0},{"damage_healed":25,"gold_gain":0,"player_choice":"Heal","damage_taken":0,"max_hp_gain":0,"max_hp_loss":0,"event_name":"The Library","floor":21,"gold_loss":0},{"damage_healed":0,"gold_gain":0,"player_choice":"Ignored","damage_taken":0,"max_hp_gain":0,"max_hp_loss":0,"event_name":"Ghosts","floor":22,"gold_loss":0},{"damage_healed":0,"gold_gain":0,"player_choice":"Inject Mutagens","damage_taken":0,"relics_obtained":["MutagenicStrength"],"max_hp_gain":0,"max_hp_loss":0,"event_name":"Drug Dealer","floor":24,"gold_loss":0}],"is_beta":false,"boss_relics":[{"not_picked":["Runic Pyramid","Snecko Eye"],"picked":"Busted Crown"}],"items_purged_floors":[19],"is_endless":false,"potions_floor_spawned":[4,7,13,16,18],"killed_by":"Book of Stabbing","ascension_level":7}