{"gold_per_floor":[114,132,107,107,120,120,147,147,147,147,147,147,160,192,192,287,287,300,313,16,30,48,48,48],"floor_reached":24,"playtime":1464,"items_purged":[],"score":227,"play_id":"b1df4525-fb10-4f2f-855b-97bce22de221","local_time":"20181107231133","is_ascension_mode":true,"campfire_choices":[{"data":"Zap","floor":6,"key":"SMITH"},{"data":"Creative AI","floor":11,"key":"SMITH"},{"floor":15,"key":"REST"},{"floor":23,"key":"REST"}],"neow_cost":"NONE","seed_source_timestamp":185436820082891,"circlet_count":0,"master_deck":["Strike_B","Strike_B","Strike_B","Defend_B","Defend_B+1","Defend_B","Zap+1","Dualcast","Conserve Battery+1","Steam","Redo","Creative AI+1","BootSequence","Streamline"],"relics":["Cracked Core","War Paint","Shuriken","Blue Candle","Boot","Sozu","Bottled Tornado"],"potions_floor_usage":[7,22],"damage_taken":[{"damage":0,"enemies":"2 Louse","floor":1,"turns":3},{"damage":2,"enemies":"Jaw Worm","floor":2,"turns":3},{"damage":0,"enemies":"Cultist","floor":5,"turns":3},{"damage":43,"enemies":"Gremlin Nob","floor":7,"turns":5},{"damage":10,"enemies":"Lots of Slimes","floor":13,"turns":3},{"damage":18,"enemies":"3 Sentries","floor":14,"turns":7},{"damage":41,"enemies":"Hexaghost","floor":16,"turns":12},{"damage":19,"enemies":"Chosen","floor":18,"turns":5},{"damage":22,"enemies":"Shell Parasite","floor":19,"turns":7},{"damage":3,"enemies":"Centurion and Healer","floor":21,"turns":5},{"damage":13,"enemies":"Cultist and Chosen","floor":22,"turns":6},{"damage":45,"enemies":"Slavers","floor":24,"turns":3}],"seed_played":"-7888002258196617732","potions_obtained":[{"floor":1,"key":"AttackPotion"},{"floor":13,"key":"Dexterity Potion"},{"floor":14,"key":"SneckoOil"}],"is_trial":false,"path_per_floor":["M","M","$","?","M","R","E","?","T","?","R","T","M","E","R","B",null,"M","M","$","M","M","R","E"],"character_chosen":"DEFECT","items_purchased":["Redo","Bottled Tornado","Streamline"],"campfire_rested":2,"item_purchase_floors":[3,20,20],"current_hp_per_floor":[75,73,73,66,66,66,23,48,48,48,48,48,38,20,42,1,75,56,34,34,31,18,40,0],"gold":48,"neow_bonus":"REMOVE_CARD","is_prod":false,"is_daily":false,"chose_seed":false,"campfire_upgraded":2,"win_rate":0,"timestamp":1541653893,"path_taken":["M","M","$","?","M","R","E","?","T","?","R","?","M","E","R","BOSS","M","M","$","M","M","R","E"],"build_version":"2018-11-01","purchased_purges":0,"victory":false,"max_hp_per_floor":[75,75,75,75,75,75,75,75,75,75,75,75,75,75,75,75,75,75,75,75,75,75,75,75],"card_choices":[{"not_picked":["Chill","Force Field"],"picked":"Conserve Battery","floor":1},{"not_picked":["Consume","Skim"],"picked":"Steam","floor":2},{"not_picked":["Compile Driver","Skim","Conserve Battery"],"picked":"SKIP","floor":5},{"not_picked":["Blizzard","Cold Snap"],"picked":"Creative AI","floor":7},{"not_picked":["Capacitor","Turbo"],"picked":"BootSequence","floor":13},{"not_picked":["Barrage","Gash","Turbo"],"picked":"SKIP","floor":14},{"not_picked":["Rebound","Cold Snap","Conserve Battery"],"picked":"SKIP","floor":18},{"not_picked":["Turbo","Hello World","Conserve Battery"],"picked":"SKIP","floor":19},{"not_picked":["Barrage","Hologram","Steam"],"picked":"SKIP","floor":21},{"not_picked":["Loop","Beam Cell","Barrage"],"picked":"SKIP","floor":22}],"player_experience":528450,"relics_obtained":[{"floor":7,"key":"War Paint"},{"floor":9,"key":"Shuriken"},{"floor":12,"key":"Blue Candle"},{"floor":14,"key":"Boot"}],"event_choices":[{"cards_removed":["Defend_B"],"damage_healed":0,"gold_gain":0,"player_choice":"Card Removal","damage_taken":7,"max_hp_gain":0,"max_hp_loss":0,"event_name":"Golden Wing","floor":4,"gold_loss":0},{"damage_healed":25,"gold_gain":0,"player_choice":"Banana","damage_taken":0,"max_hp_gain":0,"max_hp_loss":0,"event_name":"Big Fish","floor":8,"gold_loss":0},{"damage_healed":0,"gold_gain":0,"player_choice":"Ignored","damage_taken":0,"max_hp_gain":0,"max_hp_loss":0,"event_name":"Golden Idol","floor":10,"gold_loss":0}],"is_beta":false,"boss_relics":[{"not_picked":["Coffee Dripper","Runic Dome"],"picked":"Sozu"}],"items_purged_floors":[],"is_endless":false,"potions_floor_spawned":[1,13,14,21,22],"killed_by":"Slavers","ascension_level":2}