{"gold_per_floor":[119,132,132,57,77,77,121,139,139,139,163,176,192,223,223,353,353,353,353,353,353,2,2,2,2,2,2,2,2,2,2,2,2,2,2,2,2,2,2,2,2,2,2,2,2,2,2,2,2,2],"floor_reached":50,"playtime":3582,"items_purged":["Strike_B","Amplify"],"score":869,"play_id":"72e30cf1-0b51-462b-92ec-559ce9da54da","local_time":"20191021233734","is_ascension_mode":true,"campfire_choices":[{"data":"Sunder","floor":6,"key":"SMITH"},{"data":"Zap","floor":10,"key":"SMITH"},{"data":"Dualcast","floor":15,"key":"SMITH"},{"data":"Redo","floor":23,"key":"SMITH"},{"data":"Conserve Battery","floor":25,"key":"SMITH"},{"floor":28,"key":"REST"},{"floor":32,"key":"REST"},{"floor":40,"key":"REST"},{"data":"Consume","floor":42,"key":"SMITH"},{"floor":45,"key":"REST"},{"floor":49,"key":"REST"}],"neow_cost":"NONE","seed_source_timestamp":614877304269200,"circlet_count":0,"master_deck":["AscendersBane","Strike_B","Strike_B","Defend_B","Defend_B","Defend_B","Zap+1","Dualcast+1","Sunder+1","Cold Snap","Redo+1","FTL","Compile Driver","Stack","Doom and Gloom","Machine Learning+1","Sweeping Beam+1","Consume+1","Conserve Battery+1","Ball Lightning+1","Auto Shields","Coolheaded","Melter","Buffer+1","Steam","Undo","Streamline","FTL+1","Coolheaded+1"],"relics":["Cracked Core","Bloody Idol","Thread and Needle","Frozen Egg 2","Dodecahedron","Ectoplasm","Frozen Eye","The Courier","Ancient Tea Set","WingedGreaves","CultistMask","Philosopher\u0027s Stone","Turnip","FossilizedHelix","Pen Nib","Mercury Hourglass","Molten Egg 2"],"potions_floor_usage":[7,14,19,27,33,37,50,50],"damage_taken":[{"damage":1,"enemies":"Cultist","floor":1,"turns":3},{"damage":2,"enemies":"Jaw Worm","floor":2,"turns":3},{"damage":1,"enemies":"2 Louse","floor":5,"turns":2},{"damage":0,"enemies":"3 Sentries","floor":7,"turns":4},{"damage":0,"enemies":"2 Fungi Beasts","floor":8,"turns":1},{"damage":0,"enemies":"3 Louse","floor":11,"turns":3},{"damage":0,"enemies":"Looter","floor":12,"turns":2},{"damage":0,"enemies":"Gremlin Gang","floor":13,"turns":4},{"damage":10,"enemies":"Gremlin Nob","floor":14,"turns":4},{"damage":3,"enemies":"The Guardian","floor":16,"turns":11},{"damage":0,"enemies":"Spheric Guardian","floor":18,"turns":3},{"damage":0,"enemies":"2 Thieves","floor":19,"turns":1},{"damage":37,"enemies":"Gremlin Leader","floor":24,"turns":8},{"damage":5,"enemies":"Snake Plant","floor":27,"turns":3},{"damage":31,"enemies":"Slavers","floor":29,"turns":5},{"damage":5,"enemies":"Chosen and Byrds","floor":31,"turns":5},{"damage":36,"enemies":"Collector","floor":33,"turns":10},{"damage":3,"enemies":"3 Darklings","floor":35,"turns":4},{"damage":34,"enemies":"2 Orb Walkers","floor":37,"turns":5},{"damage":0,"enemies":"Mind Bloom Boss Battle","floor":38,"turns":6},{"damage":0,"enemies":"Orb Walker","floor":41,"turns":3},{"damage":8,"enemies":"Reptomancer","floor":44,"turns":6},{"damage":10,"enemies":"4 Shapes","floor":46,"turns":3},{"damage":97,"enemies":"Time Eater","floor":50,"turns":13}],"seed_played":"501885363266041132","potions_obtained":[{"floor":5,"key":"Explosive Potion"},{"floor":11,"key":"Swift Potion"},{"floor":12,"key":"FairyPotion"},{"floor":13,"key":"SmokeBomb"},{"floor":24,"key":"Regen Potion"},{"floor":29,"key":"Swift Potion"},{"floor":35,"key":"PowerPotion"},{"floor":44,"key":"Regen Potion"},{"floor":46,"key":"EssenceOfSteel"}],"is_trial":false,"path_per_floor":["M","M","?","$","M","R","E","M","T","R","M","M","M","E","R","B",null,"M","M","?","?","$","R","E","R","T","M","R","E","?","M","R","B",null,"M","?","?","?","T","R","M","R","T","E","R","M","?","$","R","B"],"character_chosen":"DEFECT","items_purchased":["Frozen Eye","Conserve Battery"],"campfire_rested":5,"item_purchase_floors":[22,22],"current_hp_per_floor":[74,72,72,72,71,71,71,71,71,71,71,71,71,61,61,58,72,72,72,72,72,72,72,35,35,35,39,61,30,30,25,47,11,60,57,57,23,23,23,45,45,45,45,37,59,49,49,49,70,0],"gold":2,"neow_bonus":"TEN_PERCENT_HP_BONUS","is_prod":false,"is_daily":false,"chose_seed":false,"campfire_upgraded":6,"win_rate":0,"timestamp":1571719054,"path_taken":["M","M","?","$","M","R","E","M","T","R","M","M","M","E","R","BOSS","M","M","?","?","$","R","E","R","T","M","R","E","?","?","R","BOSS","M","?","?","?","?","R","M","R","T","E","R","M","?","?","R","BOSS"],"build_version":"2019-07-17","purchased_purges":2,"victory":false,"max_hp_per_floor":[82,82,76,76,76,76,76,76,76,76,76,76,76,76,76,76,76,76,76,76,76,76,76,76,76,76,76,76,76,76,76,76,76,76,76,76,76,76,76,76,76,76,76,76,76,76,72,72,72,72],"card_choices":[{"not_picked":["Cold Snap","FTL"],"picked":"Sunder","floor":1},{"not_picked":["Sweeping Beam","Auto Shields"],"picked":"Leap","floor":2},{"not_picked":["Turbo","Gash"],"picked":"Cold Snap","floor":5},{"not_picked":["Amplify","Blizzard"],"picked":"Redo","floor":7},{"not_picked":["Ball Lightning","Heatsinks"],"picked":"FTL","floor":8},{"not_picked":["Barrage","Go for the Eyes","Aggregate"],"picked":"SKIP","floor":11},{"not_picked":["Steam","Hologram"],"picked":"Compile Driver","floor":12},{"not_picked":["Streamline","Lockon"],"picked":"Stack","floor":13},{"not_picked":["Stack","Multi-Cast"],"picked":"Doom and Gloom","floor":14},{"not_picked":["Seek","All For One"],"picked":"Machine Learning+1","floor":16},{"not_picked":["Barrage","Static Discharge+1"],"picked":"Sweeping Beam+1","floor":18},{"not_picked":["Stack","Barrage"],"picked":"Ball Lightning+1","floor":24},{"not_picked":["Sweeping Beam+1","Coolheaded"],"picked":"Auto Shields","floor":27},{"not_picked":["Steam","Gash"],"picked":"Coolheaded","floor":29},{"not_picked":["White Noise","Compile Driver+1"],"picked":"Melter","floor":31},{"not_picked":["Biased Cognition+1","Meteor Strike"],"picked":"Buffer+1","floor":33},{"not_picked":["Aggregate+1","Heatsinks+1"],"picked":"Steam","floor":35},{"not_picked":["BootSequence","White Noise"],"picked":"Undo","floor":37},{"not_picked":["Go for the Eyes+1","Turbo"],"picked":"Streamline","floor":38},{"not_picked":["Scrape","Undo","Heatsinks+1"],"picked":"SKIP","floor":41},{"not_picked":["Compile Driver","Conserve Battery"],"picked":"FTL+1","floor":44},{"not_picked":["Ball Lightning+1","Creative AI+1"],"picked":"Coolheaded+1","floor":46}],"player_experience":915011,"relics_obtained":[{"floor":7,"key":"Thread and Needle"},{"floor":9,"key":"Frozen Egg 2"},{"floor":14,"key":"Dodecahedron"},{"floor":24,"key":"The Courier"},{"floor":26,"key":"Ancient Tea Set"},{"floor":29,"key":"WingedGreaves"},{"floor":37,"key":"Turnip"},{"floor":38,"key":"FossilizedHelix"},{"floor":39,"key":"Pen Nib"},{"floor":43,"key":"Mercury Hourglass"},{"floor":44,"key":"Molten Egg 2"}],"event_choices":[{"damage_healed":0,"gold_gain":0,"player_choice":"Lose Max HP","damage_taken":0,"relics_obtained":["Golden Idol"],"max_hp_gain":0,"max_hp_loss":6,"event_name":"Golden Idol","floor":3,"gold_loss":0},{"damage_healed":0,"gold_gain":0,"cards_transformed":["Strike_B","Defend_B"],"player_choice":"Became Test Subject","damage_taken":0,"max_hp_gain":0,"max_hp_loss":0,"event_name":"Drug Dealer","floor":20,"gold_loss":0,"cards_obtained":["Amplify","Consume"]},{"damage_healed":0,"gold_gain":0,"player_choice":"Gave Idol","damage_taken":0,"relics_obtained":["Bloody Idol"],"max_hp_gain":0,"max_hp_loss":0,"event_name":"Forgotten Altar","floor":21,"relics_lost":["Golden Idol"],"gold_loss":0},{"damage_healed":0,"gold_gain":0,"player_choice":"Trade","damage_taken":0,"relics_obtained":["CultistMask"],"max_hp_gain":0,"max_hp_loss":0,"event_name":"FaceTrader","floor":30,"gold_loss":0},{"cards_removed":["Leap"],"damage_healed":0,"gold_gain":0,"player_choice":"Removed Skill","damage_taken":0,"max_hp_gain":0,"max_hp_loss":0,"event_name":"Falling","floor":36,"gold_loss":0},{"damage_healed":0,"gold_gain":0,"player_choice":"Fight","damage_taken":0,"max_hp_gain":0,"max_hp_loss":0,"event_name":"Mysterious Sphere","floor":37,"gold_loss":0},{"damage_healed":0,"gold_gain":0,"player_choice":"Fight","damage_taken":0,"max_hp_gain":0,"max_hp_loss":0,"event_name":"MindBloom","floor":38,"gold_loss":0},{"damage_healed":0,"gold_gain":0,"player_choice":"Max HP","damage_taken":0,"max_hp_gain":0,"max_hp_loss":4,"event_name":"Winding Halls","floor":47,"gold_loss":0}],"is_beta":false,"boss_relics":[{"not_picked":["Fusion Hammer","Inserter"],"picked":"Ectoplasm"},{"not_picked":["White Beast Statue","Velvet Choker"],"picked":"Philosopher\u0027s Stone"}],"items_purged_floors":[4,22],"is_endless":false,"potions_floor_spawned":[5,11,12,13,24,29,35,44,46],"killed_by":"Time Eater","ascension_level":12}