{"gold_per_floor":[118,118,118,129,129,129,155,170,238,257,257,285,313,342,354,366],"floor_reached":16,"playtime":808,"items_purged":[],"score":156,"play_id":"67569a29-2228-4432-b8c7-da08b587810e","local_time":"20191018203051","is_ascension_mode":true,"campfire_choices":[{"data":"Infernal Blade","floor":6,"key":"SMITH"},{"floor":15,"key":"REST"}],"neow_cost":"CURSE","seed_source_timestamp":347211988672800,"circlet_count":0,"master_deck":["AscendersBane","Strike_R","Strike_R","Strike_R","Strike_R","Defend_R","Defend_R","Defend_R","Bash","Decay","Corruption","Battle Trance","Warcry","Infernal Blade+1","Thunderclap","Armaments+1","Infernal Blade+1","Feed"],"relics":["Burning Blood","Omamori","WarpedTongs","Paper Frog","Toxic Egg 2","MawBank"],"potions_floor_usage":[16],"damage_taken":[{"damage":6,"enemies":"Cultist","floor":1,"turns":3},{"damage":14,"enemies":"Small Slimes","floor":4,"turns":3},{"damage":34,"enemies":"Gremlin Nob","floor":7,"turns":4},{"damage":18,"enemies":"2 Louse","floor":8,"turns":3},{"damage":5,"enemies":"Gremlin Gang","floor":10,"turns":5},{"damage":12,"enemies":"Exordium Thugs","floor":12,"turns":4},{"damage":9,"enemies":"2 Fungi Beasts","floor":13,"turns":3},{"damage":7,"enemies":"Exordium Wildlife","floor":14,"turns":2},{"damage":32,"enemies":"Hexaghost","floor":16,"turns":7}],"seed_played":"-6571588244113386837","potions_obtained":[{"floor":8,"key":"Dexterity Potion"},{"floor":10,"key":"Ancient Potion"}],"is_trial":false,"path_per_floor":["M","?","?","M","$","R","E","M","T","M","?","M","M","M","R","B"],"character_chosen":"IRONCLAD","items_purchased":[],"campfire_rested":1,"item_purchase_floors":[],"current_hp_per_floor":[72,65,65,57,57,57,29,17,17,18,18,12,9,8,32,0],"gold":366,"neow_bonus":"TRANSFORM_TWO_CARDS","is_prod":false,"is_daily":false,"chose_seed":false,"campfire_upgraded":1,"win_rate":0,"timestamp":1571448651,"path_taken":["M","?","?","M","$","R","E","?","T","M","?","M","M","M","R","BOSS"],"build_version":"2019-07-17","purchased_purges":0,"victory":false,"max_hp_per_floor":[80,80,80,80,80,80,80,80,80,80,80,80,80,80,80,80],"card_choices":[{"not_picked":["Blood for Blood","Carnage"],"picked":"Warcry","floor":1},{"not_picked":["Spot Weakness","Flex"],"picked":"Infernal Blade","floor":4},{"not_picked":["Sever Soul","Bludgeon"],"picked":"Thunderclap","floor":7},{"not_picked":["Body Slam","Twin Strike","Heavy Blade"],"picked":"SKIP","floor":8},{"not_picked":["Fire Breathing","Rampage"],"picked":"Armaments+1","floor":10},{"not_picked":["True Grit+1","Thunderclap"],"picked":"Infernal Blade+1","floor":12},{"not_picked":["Thunderclap","Corruption","Reckless Charge"],"picked":"SKIP","floor":13},{"not_picked":["Cleave","Spot Weakness+1"],"picked":"Feed","floor":14}],"player_experience":881520,"relics_obtained":[{"floor":7,"key":"Paper Frog"},{"floor":9,"key":"Toxic Egg 2"}],"event_choices":[{"damage_healed":0,"gold_gain":0,"player_choice":"Success","damage_taken":7,"relics_obtained":["Omamori"],"max_hp_gain":0,"max_hp_loss":0,"event_name":"Scrap Ooze","floor":2,"gold_loss":0},{"damage_healed":0,"gold_gain":0,"player_choice":"Rummage","damage_taken":0,"relics_obtained":["WarpedTongs"],"max_hp_gain":0,"max_hp_loss":0,"event_name":"Accursed Blacksmith","floor":3,"gold_loss":0,"cards_obtained":["Pain"]},{"damage_healed":0,"gold_gain":0,"player_choice":"Box","damage_taken":0,"relics_obtained":["MawBank"],"max_hp_gain":0,"max_hp_loss":0,"event_name":"Big Fish","floor":11,"gold_loss":0,"cards_obtained":["Regret"]}],"is_beta":false,"boss_relics":[],"items_purged_floors":[],"is_endless":false,"potions_floor_spawned":[8,10],"killed_by":"Hexaghost","ascension_level":10}