{"gold_per_floor":[116,134,134,152,169,169,188,188,236,236,236,141,141,162,162,282,282,303,316,228,228,249,249,249,249],"floor_reached":25,"playtime":1189,"items_purged":["Strike_B","Strike_B"],"score":212,"play_id":"0d1a9328-29c8-40b0-8ca5-0478eda70ebf","local_time":"20181013161921","is_ascension_mode":true,"campfire_choices":[{"data":"Hyperbeam","floor":6,"key":"SMITH"},{"data":"Dualcast","floor":8,"key":"SMITH"},{"data":"Defend_B","floor":10,"key":"SMITH"},{"data":"Leap","floor":13,"key":"SMITH"},{"floor":15,"key":"REST"},{"floor":23,"key":"REST"}],"neow_cost":"NONE","seed_source_timestamp":2067837473165224,"circlet_count":0,"master_deck":["Strike_B","Strike_B","Defend_B+1","Defend_B","Defend_B","Defend_B","Dualcast+1","Lockon","Fusion+1","Gash","Hyperbeam+1","Leap+1","Creative AI+1","Sunder","Self Repair","Reprogram"],"relics":["Cracked Core","Anchor","Smiling Mask","Golden Idol","Lizard Tail"],"potions_floor_usage":[16,18,19],"damage_taken":[{"damage":2,"enemies":"Jaw Worm","floor":1,"turns":4},{"damage":0,"enemies":"Cultist","floor":2,"turns":2},{"damage":0,"enemies":"Small Slimes","floor":4,"turns":2},{"damage":6,"enemies":"Looter","floor":5,"turns":3},{"damage":8,"enemies":"Blue Slaver","floor":7,"turns":3},{"damage":0,"enemies":"Large Slime","floor":14,"turns":3},{"damage":17,"enemies":"Slime Boss","floor":16,"turns":9},{"damage":6,"enemies":"2 Thieves","floor":18,"turns":3},{"damage":40,"enemies":"Spheric Guardian","floor":19,"turns":6},{"damage":28,"enemies":"Snake Plant","floor":22,"turns":5},{"damage":69,"enemies":"Book of Stabbing","floor":25,"turns":7}],"seed_played":"-6254326514424328931","potions_obtained":[{"floor":1,"key":"Energy Potion"},{"floor":5,"key":"Ancient Potion"},{"floor":7,"key":"AttackPotion"},{"floor":22,"key":"FearPotion"}],"is_trial":false,"path_per_floor":["M","M","?","M","M","R","M","R","T","R","?","$","R","M","R","B",null,"M","M","$","?","M","R","?"],"character_chosen":"DEFECT","items_purchased":["Leap","Self Repair"],"campfire_rested":2,"item_purchase_floors":[12,20],"current_hp_per_floor":[73,73,73,73,67,67,59,59,59,59,41,41,41,41,63,46,75,69,29,29,29,8,30,30,0],"gold":249,"neow_bonus":"RANDOM_COMMON_RELIC","is_prod":false,"is_daily":false,"chose_seed":false,"campfire_upgraded":4,"win_rate":0,"timestamp":1539465561,"path_taken":["M","M","?","?","M","R","M","R","T","R","?","$","R","M","R","BOSS","M","M","$","?","M","R","?","E"],"build_version":"2018-10-11","purchased_purges":2,"victory":false,"max_hp_per_floor":[75,75,75,75,75,75,75,75,75,75,75,75,75,75,75,75,75,75,75,75,75,75,75,75,75],"card_choices":[{"not_picked":["Hello World","Sweeping Beam"],"picked":"Lockon","floor":1},{"not_picked":["Reprogram","Sweeping Beam"],"picked":"Fusion","floor":2},{"not_picked":["Coolheaded","Sweeping Beam"],"picked":"Gash","floor":4},{"not_picked":["Go for the Eyes","Genetic Algorithm"],"picked":"Hyperbeam","floor":5},{"not_picked":["Compile Driver","Hologram","Storm"],"picked":"SKIP","floor":7},{"not_picked":["Blizzard","Loop","Doom and Gloom"],"picked":"SKIP","floor":14},{"not_picked":["Fission","Buffer"],"picked":"Creative AI","floor":16},{"not_picked":["Beam Cell","Go for the Eyes+1","Rebound"],"picked":"SKIP","floor":18},{"not_picked":["Sweeping Beam","Stack"],"picked":"Sunder","floor":19},{"not_picked":["Stack+1","Barrage","White Noise"],"picked":"SKIP","floor":22}],"player_experience":436051,"relics_obtained":[{"floor":9,"key":"Smiling Mask"}],"event_choices":[{"event_name":"Upgrade Shrine","player_choice":"Upgraded","floor":3,"damage_taken":0},{"event_name":"Golden Idol","player_choice":"Take Damage","floor":11,"damage_taken":0},{"event_name":"Accursed Blacksmith","player_choice":"Forge","floor":21,"damage_taken":0},{"event_name":"Transmorgrifier","player_choice":"Transform","floor":24,"damage_taken":0}],"is_beta":false,"boss_relics":[{"not_picked":["Astrolabe","Nuclear Battery"],"picked":"Lizard Tail"}],"items_purged_floors":[12,20],"is_endless":false,"potions_floor_spawned":[1,5,7,14,22],"killed_by":"Book of Stabbing","ascension_level":2}