{"gold_per_floor":[114,124,44,60,160,185,185,198,198,213,213,247,247,257,257,359,359,376,392,136,154,167,167,202,202,225,244,256,256,272,119,119,223,223,240,240,115,128,128,128,141,151,151,151,167,195,207,207,207,207],"floor_reached":50,"playtime":3503,"items_purged":["Defend_R","Defend_R","Strike_R"],"score":559,"play_id":"1c920536-ec4c-4aa3-851f-267e0bcabaec","local_time":"20181009175328","is_ascension_mode":true,"campfire_choices":[{"data":"Immolate","floor":11,"key":"SMITH"},{"data":"Bash","floor":13,"key":"SMITH"},{"data":"Shrug It Off","floor":15,"key":"SMITH"},{"floor":23,"key":"REST"},{"floor":25,"key":"REST"},{"data":"Apotheosis","floor":29,"key":"SMITH"},{"floor":32,"key":"REST"},{"data":"Juggernaut","floor":40,"key":"SMITH"},{"floor":44,"key":"REST"},{"floor":49,"key":"REST"}],"neow_cost":"NONE","seed_source_timestamp":1720632286051273,"circlet_count":0,"master_deck":["Strike_R","Strike_R+1","Strike_R+1","Defend_R","Defend_R","Bash+1","Immolate+1","Shrug It Off+1","Spot Weakness","Bludgeon","Shrug It Off","Apotheosis+1","True Grit","Body Slam","Rage+1","True Grit","Juggernaut+1","Rampage+1","Whirlwind+1","Flex+1","Dropkick"],"relics":["Burning Blood","Whetstone","Question Card","Champion Belt","Runic Pyramid","Vajra","Blood Vial","Philosopher\u0027s Stone","Kunai","Sundial","Singing Bowl"],"potions_floor_usage":[6,33,33,42,46,47,50],"damage_taken":[{"damage":1,"enemies":"Cultist","floor":1,"turns":3},{"damage":2,"enemies":"Small Slimes","floor":2,"turns":5},{"damage":7,"enemies":"Jaw Worm","floor":4,"turns":2},{"damage":12,"enemies":"Lagavulin","floor":6,"turns":5},{"damage":0,"enemies":"2 Fungi Beasts","floor":8,"turns":3},{"damage":0,"enemies":"Gremlin Gang","floor":10,"turns":1},{"damage":13,"enemies":"3 Sentries","floor":12,"turns":5},{"damage":6,"enemies":"Exordium Thugs","floor":14,"turns":3},{"damage":56,"enemies":"The Guardian","floor":16,"turns":11},{"damage":22,"enemies":"2 Thieves","floor":18,"turns":3},{"damage":0,"enemies":"Chosen","floor":19,"turns":4},{"damage":45,"enemies":"Centurion and Healer","floor":21,"turns":7},{"damage":4,"enemies":"Cultist and Chosen","floor":22,"turns":6},{"damage":45,"enemies":"Book of Stabbing","floor":24,"turns":7},{"damage":0,"enemies":"Snecko","floor":27,"turns":4},{"damage":8,"enemies":"Snake Plant","floor":28,"turns":4},{"damage":9,"enemies":"Centurion and Healer","floor":30,"turns":5},{"damage":78,"enemies":"Collector","floor":33,"turns":14},{"damage":7,"enemies":"3 Shapes","floor":35,"turns":3},{"damage":28,"enemies":"3 Darklings","floor":38,"turns":4},{"damage":0,"enemies":"Transient","floor":41,"turns":5},{"damage":30,"enemies":"Spire Growth","floor":42,"turns":4},{"damage":17,"enemies":"4 Shapes","floor":45,"turns":5},{"damage":47,"enemies":"Nemesis","floor":46,"turns":7},{"damage":14,"enemies":"3 Darklings","floor":47,"turns":4},{"damage":46,"enemies":"Donu and Deca","floor":50,"turns":5}],"seed_played":"-2496064606209580487","potions_obtained":[{"floor":1,"key":"EssenceOfSteel"},{"floor":4,"key":"Energy Potion"},{"floor":6,"key":"Strength Potion"},{"floor":10,"key":"Swift Potion"},{"floor":16,"key":"FairyPotion"},{"floor":41,"key":"Explosive Potion"},{"floor":42,"key":"GamblersBrew"},{"floor":46,"key":"SteroidPotion"},{"floor":47,"key":"SkillPotion"}],"is_trial":false,"path_per_floor":["M","M","$","M","?","E","?","M","T","M","R","E","R","M","R","B",null,"M","M","$","M","M","R","E","R","T","M","M","R","M","$","R","B",null,"M","?","$","M","$","R","M","M","T","R","M","E","M","T","R"],"character_chosen":"IRONCLAD","items_purchased":["Immolate","Apotheosis","True Grit"],"campfire_rested":5,"item_purchase_floors":[3,20,31],"current_hp_per_floor":[80,80,80,79,79,73,80,80,80,80,80,73,73,73,73,23,80,64,70,70,31,33,57,18,42,42,50,50,50,49,49,73,14,80,79,79,79,58,58,58,66,44,44,68,59,20,14,14,38,0],"gold":207,"neow_bonus":"REMOVE_CARD","is_prod":false,"is_daily":false,"chose_seed":false,"campfire_upgraded":5,"win_rate":0,"timestamp":1539125608,"path_taken":["M","M","?","M","?","E","?","M","T","M","R","E","R","M","R","BOSS","M","M","$","?","M","R","E","R","T","?","M","R","M","$","R","BOSS","M","?","$","M","$","R","?","M","T","R","M","E","M","?","R","BOSS"],"build_version":"2018-10-04v2","purchased_purges":3,"victory":false,"max_hp_per_floor":[80,80,80,80,80,80,80,80,80,80,80,80,80,80,80,80,80,80,80,80,80,80,80,80,80,80,80,80,80,80,80,80,80,80,80,80,80,80,80,80,80,80,80,80,80,80,80,80,80,80],"card_choices":[{"not_picked":["Cleave","Feel No Pain"],"picked":"Infernal Blade","floor":1},{"not_picked":["Sword Boomerang","Fire Breathing","Anger"],"picked":"SKIP","floor":2},{"not_picked":["Wild Strike","Feel No Pain"],"picked":"Shrug It Off","floor":4},{"not_picked":["Wild Strike","Thunderclap","Anger"],"picked":"SKIP","floor":6},{"not_picked":["Sever Soul","Headbutt","Iron Wave"],"picked":"SKIP","floor":8},{"not_picked":["Perfected Strike","Heavy Blade","Iron Wave","Anger"],"picked":"SKIP","floor":10},{"not_picked":["Armaments","Battle Trance","Berserk"],"picked":"Spot Weakness","floor":12},{"not_picked":["Iron Wave","Twin Strike","Shrug It Off","Body Slam"],"picked":"SKIP","floor":14},{"not_picked":["Impervious","Juggernaut","Exhume"],"picked":"Bludgeon","floor":16},{"not_picked":["Body Slam","Havoc","Sword Boomerang+1"],"picked":"Shrug It Off","floor":18},{"not_picked":["Havoc+1","Shrug It Off+1","Sword Boomerang+1","Reckless Charge"],"picked":"SKIP","floor":19},{"not_picked":["Power Through","Warcry+1","Twin Strike"],"picked":"True Grit","floor":21},{"not_picked":["Twin Strike","Whirlwind","Shrug It Off+1","Uppercut"],"picked":"SKIP","floor":22},{"not_picked":["Bludgeon","Wild Strike","Evolve"],"picked":"Body Slam","floor":24},{"not_picked":["Flex","Clash","Iron Wave+1"],"picked":"Rage+1","floor":27},{"not_picked":["Sword Boomerang","True Grit","Cleave","Pommel Strike+1"],"picked":"SKIP","floor":28},{"not_picked":["Sword Boomerang","Power Through","Whirlwind+1","Warcry"],"picked":"SKIP","floor":30},{"not_picked":["Dark Embrace","Demon Form","Fiend Fire"],"picked":"Juggernaut","floor":33},{"not_picked":["Bloodletting+1","Armaments","Clothesline+1"],"picked":"Rampage+1","floor":35},{"not_picked":["Clash+1","Wild Strike","Body Slam"],"picked":"Whirlwind+1","floor":38},{"not_picked":["Sword Boomerang","Havoc+1","Clash+1"],"picked":"Flex+1","floor":41},{"not_picked":["Rage","Bloodletting+1","Cleave"],"picked":"Dropkick","floor":42},{"not_picked":["Body Slam+1","Heavy Blade+1","Warcry","Disarm+1"],"picked":"SKIP","floor":45},{"not_picked":["Clothesline","Heavy Blade+1","Cleave+1","True Grit+1"],"picked":"SKIP","floor":46},{"not_picked":["Heavy Blade+1","Searing Blow","Shockwave","Double Tap"],"picked":"SKIP","floor":47}],"player_experience":418079,"relics_obtained":[{"floor":6,"key":"Whetstone"},{"floor":9,"key":"Question Card"},{"floor":12,"key":"Champion Belt"},{"floor":24,"key":"Vajra"},{"floor":26,"key":"Blood Vial"},{"floor":43,"key":"Kunai"},{"floor":46,"key":"Sundial"},{"floor":48,"key":"Singing Bowl"}],"event_choices":[{"event_name":"Golden Shrine","player_choice":"Pray","floor":5,"damage_taken":0},{"event_name":"Bonfire Elementals","player_choice":"UNCOMMON","floor":7,"damage_taken":0},{"event_name":"Tomb of Lord Red Mask","player_choice":"Ignored","floor":36,"damage_taken":0}],"is_beta":false,"boss_relics":[{"not_picked":["Busted Crown","White Beast Statue"],"picked":"Runic Pyramid"},{"not_picked":["Pandora\u0027s Box","Runic Dome"],"picked":"Philosopher\u0027s Stone"}],"items_purged_floors":[20,31,37],"is_endless":false,"potions_floor_spawned":[1,4,6,10,16,21,24,27,41,42,46,47],"killed_by":"Donu and Deca","ascension_level":2}