{"gold_per_floor":[109,284,65,83,96,129,129,97,179,195,195,208,222,237,237,337,337,337,337,29,29,29,29,29,29,29,29],"floor_reached":27,"playtime":2252,"items_purged":["Doubt"],"score":219,"play_id":"9b590c97-4f32-4bbd-b989-ce6aeb5cddae","local_time":"20180905011138","is_ascension_mode":false,"campfire_choices":[{"data":"After Image","floor":7,"key":"SMITH"},{"data":"Survivor","floor":11,"key":"SMITH"},{"data":"Adrenaline","floor":15,"key":"SMITH"},{"data":"A Thousand Cuts","floor":23,"key":"SMITH"}],"neow_cost":"NONE","seed_source_timestamp":198264590075816,"circlet_count":0,"master_deck":["Defend_G","Defend_G","Defend_G","Defend_G","Defend_G","Strike_G","Strike_G","Strike_G","Strike_G","Strike_G","Survivor+1","Neutralize","After Image+1","Prepared","Dagger Spray","Bouncing Flask","All Out Attack","Adrenaline+1","Deflect","A Thousand Cuts+1","Infinite Blades","Noxious Fumes","Predator","Outmaneuver+1"],"relics":["Ring of the Snake","Vajra","Orichalcum","Blue Candle","Ectoplasm","Gambling Chip","Bag of Marbles"],"potions_floor_usage":[6,19,25,27],"damage_taken":[{"damage":0,"enemies":"Jaw Worm","floor":1,"turns":5},{"damage":0,"enemies":"Small Slimes","floor":4,"turns":5},{"damage":0,"enemies":"Cultist","floor":5,"turns":4},{"damage":11,"enemies":"3 Sentries","floor":6,"turns":8},{"damage":5,"enemies":"3 Louse","floor":10,"turns":6},{"damage":0,"enemies":"2 Fungi Beasts","floor":12,"turns":4},{"damage":0,"enemies":"Blue Slaver","floor":13,"turns":4},{"damage":0,"enemies":"Lots of Slimes","floor":14,"turns":2},{"damage":32,"enemies":"The Guardian","floor":16,"turns":16},{"damage":3,"enemies":"3 Byrds","floor":18,"turns":3},{"damage":0,"enemies":"Chosen","floor":19,"turns":5},{"damage":15,"enemies":"Sentry and Sphere","floor":21,"turns":7},{"damage":25,"enemies":"Snake Plant","floor":24,"turns":5},{"damage":14,"enemies":"3 Cultists","floor":25,"turns":3},{"damage":13,"enemies":"Centurion and Healer","floor":27,"turns":6}],"seed_played":"-3878747900689445271","potions_obtained":[{"floor":5,"key":"Energy Potion"},{"floor":13,"key":"GhostInAJar"},{"floor":16,"key":"Dexterity Potion"},{"floor":19,"key":"Dexterity Potion"},{"floor":21,"key":"AttackPotion"}],"is_trial":false,"path_per_floor":["M","?","$","M","M","E","R","?","T","M","R","M","M","M","R","B",null,"M","M","$","M","?","R","M","M","T"],"character_chosen":"THE_SILENT","items_purchased":["Vajra","Gambling Chip"],"campfire_rested":0,"item_purchase_floors":[3,20],"current_hp_per_floor":[70,70,70,70,70,59,59,59,59,54,54,54,54,54,54,22,70,67,67,67,52,52,52,27,13,13,0],"gold":29,"neow_bonus":"ONE_RANDOM_RARE_CARD","is_prod":false,"is_daily":false,"chose_seed":false,"campfire_upgraded":4,"win_rate":0,"timestamp":1536127898,"path_taken":["M","?","?","M","M","E","R","?","T","M","R","M","?","M","R","BOSS","M","M","$","M","?","R","M","M","T","M"],"build_version":"2018-08-30","purchased_purges":1,"victory":false,"max_hp_per_floor":[70,70,70,70,70,70,70,70,70,70,70,70,70,70,70,70,70,70,70,70,70,70,70,70,70,70,70],"card_choices":[{"not_picked":["Deflect","Blade Dance"],"picked":"Prepared","floor":1},{"not_picked":["Accuracy","Dagger Throw"],"picked":"Dagger Spray","floor":4},{"not_picked":["Backflip","Poisoned Stab"],"picked":"Acrobatics","floor":5},{"not_picked":["Envenom","Finisher"],"picked":"Bouncing Flask","floor":6},{"not_picked":["Deadly Poison","Underhanded Strike"],"picked":"All Out Attack","floor":10},{"not_picked":["Sucker Punch","Choke","Dagger Spray"],"picked":"SKIP","floor":12},{"not_picked":["Dodge and Roll","Leg Sweep"],"picked":"Adrenaline","floor":13},{"not_picked":["Poisoned Stab","Dodge and Roll"],"picked":"Deflect","floor":14},{"not_picked":["Night Terror","Grand Finale"],"picked":"A Thousand Cuts","floor":16},{"not_picked":["Deadly Poison+1","Quick Slash+1"],"picked":"Infinite Blades","floor":18},{"not_picked":["Dagger Spray","Cloak And Dagger"],"picked":"Noxious Fumes","floor":19},{"not_picked":["All Out Attack","Backflip","Bane+1"],"picked":"SKIP","floor":21},{"not_picked":["Catalyst","Venomology"],"picked":"Outmaneuver+1","floor":24},{"not_picked":["Deadly Poison+1","PiercingWail+1","All Out Attack"],"picked":"SKIP","floor":25}],"player_experience":293827,"relics_obtained":[{"floor":6,"key":"Orichalcum"},{"floor":9,"key":"Blue Candle"},{"floor":26,"key":"Bag of Marbles"}],"event_choices":[{"event_name":"Liars Game","player_choice":"agreed","floor":2,"damage_taken":0},{"event_name":"World of Goop","player_choice":"Left","floor":8,"damage_taken":0},{"event_name":"Transmorgrifier","player_choice":"Transform","floor":22,"damage_taken":0}],"is_beta":false,"boss_relics":[{"not_picked":["Snecko Eye","Philosopher\u0027s Stone"],"picked":"Ectoplasm"}],"items_purged_floors":[3],"is_endless":false,"potions_floor_spawned":[5,13,16,19,21],"killed_by":"Centurion and Healer","ascension_level":0}