{"gold_per_floor":[213,41,60,72,72,72,107,107,107,118,134,145,175,193,193,291,291,309,0,0,14,29,29],"floor_reached":23,"playtime":1283,"items_purged":[],"score":254,"play_id":"7a0c3fa7-2493-4a4b-90b0-5a5bed6ad988","local_time":"20181212234450","is_ascension_mode":true,"campfire_choices":[{"data":"Pommel Strike","floor":6,"key":"SMITH"},{"data":"Bash","floor":8,"key":"SMITH"},{"data":"True Grit","floor":15,"key":"SMITH"}],"neow_cost":"NONE","seed_source_timestamp":76358821467188,"circlet_count":0,"master_deck":["Strike_R","Strike_R","Strike_R","Strike_R","Strike_R","Defend_R","Defend_R","Defend_R","Defend_R","Bash+1","Spot Weakness","Cleave","Heavy Blade+1","Pommel Strike+1","Headbutt","True Grit+1","Limit Break","True Grit","Ghostly Armor","Rampage+1"],"relics":["Burning Blood","Orichalcum","Bottled Lightning","Bottled Flame","FossilizedHelix","Black Star","Kunai","MutagenicStrength"],"potions_floor_usage":[21,22],"damage_taken":[{"damage":0,"enemies":"Small Slimes","floor":1,"turns":3},{"damage":0,"enemies":"2 Louse","floor":3,"turns":2},{"damage":3,"enemies":"Jaw Worm","floor":4,"turns":3},{"damage":8,"enemies":"3 Sentries","floor":7,"turns":6},{"damage":2,"enemies":"Blue Slaver","floor":10,"turns":2},{"damage":0,"enemies":"Lots of Slimes","floor":11,"turns":2},{"damage":6,"enemies":"Exordium Wildlife","floor":12,"turns":2},{"damage":0,"enemies":"Red Slaver","floor":14,"turns":2},{"damage":34,"enemies":"Hexaghost","floor":16,"turns":9},{"damage":45,"enemies":"2 Thieves","floor":18,"turns":5},{"damage":17,"enemies":"3 Byrds","floor":21,"turns":4},{"damage":9,"enemies":"Snecko","floor":22,"turns":7},{"damage":21,"enemies":"Slavers","floor":23,"turns":1}],"seed_played":"5293538998617548659","potions_obtained":[{"floor":1,"key":"SteroidPotion"},{"floor":10,"key":"EssenceOfSteel"},{"floor":12,"key":"Explosive Potion"},{"floor":21,"key":"Block Potion"},{"floor":22,"key":"Dexterity Potion"}],"is_trial":false,"path_per_floor":["M","$","M","M","?","R","E","R","T","M","M","M","?","M","R","B",null,"M","$","?","M","M","E"],"character_chosen":"IRONCLAD","items_purchased":["Cleave","Orichalcum","Ghostly Armor","Kunai"],"campfire_rested":0,"item_purchase_floors":[2,2,19,19],"current_hp_per_floor":[78,78,80,80,80,80,78,78,78,80,80,80,80,80,80,52,73,34,34,34,23,20,0],"gold":29,"neow_bonus":"HUNDRED_GOLD","is_prod":false,"is_daily":false,"chose_seed":false,"campfire_upgraded":3,"win_rate":0,"timestamp":1544679890,"path_taken":["M","$","M","M","?","R","E","R","T","M","M","M","?","M","R","BOSS","M","$","?","M","M","E"],"build_version":"2018-12-06","purchased_purges":0,"victory":false,"max_hp_per_floor":[80,80,80,80,80,80,80,80,80,80,80,80,80,80,80,80,80,80,80,80,80,80,80],"card_choices":[{"not_picked":["Warcry","Armaments"],"picked":"Spot Weakness","floor":1},{"not_picked":["Infernal Blade","Clash"],"picked":"Heavy Blade","floor":3},{"not_picked":["Flex","Heavy Blade"],"picked":"Pommel Strike","floor":4},{"not_picked":["Juggernaut","Thunderclap","Bloodletting"],"picked":"SKIP","floor":7},{"not_picked":["Sever Soul","Thunderclap","Evolve"],"picked":"SKIP","floor":10},{"not_picked":["Battle Trance","Thunderclap"],"picked":"Headbutt","floor":11},{"not_picked":["Armaments","Anger"],"picked":"True Grit","floor":12},{"not_picked":["Dropkick","Dual Wield","Clash"],"picked":"SKIP","floor":14},{"not_picked":["Brutality","Barricade"],"picked":"Limit Break","floor":16},{"not_picked":["Bloodletting","Power Through"],"picked":"True Grit","floor":18},{"not_picked":["Dual Wield+1","Sword Boomerang"],"picked":"Rampage+1","floor":21},{"not_picked":["Headbutt+1","Sentinel+1","Thunderclap"],"picked":"SKIP","floor":22}],"player_experience":650981,"relics_obtained":[{"floor":7,"key":"Bottled Lightning"},{"floor":9,"key":"Bottled Flame"}],"event_choices":[{"damage_healed":0,"gold_gain":0,"player_choice":"Grow","damage_taken":0,"max_hp_gain":0,"max_hp_loss":0,"event_name":"Living Wall","floor":5,"gold_loss":0,"cards_upgraded":["Heavy Blade"]},{"damage_healed":0,"gold_gain":30,"player_choice":"Searched \u00273\u0027 times","damage_taken":0,"relics_obtained":["FossilizedHelix"],"max_hp_gain":0,"max_hp_loss":0,"event_name":"Dead Adventurer","floor":13,"gold_loss":0},{"damage_healed":0,"gold_gain":0,"player_choice":"Inject Mutagens","damage_taken":0,"relics_obtained":["MutagenicStrength"],"max_hp_gain":0,"max_hp_loss":0,"event_name":"Drug Dealer","floor":20,"gold_loss":0}],"is_beta":false,"boss_relics":[{"not_picked":["Astrolabe","Black Blood"],"picked":"Black Star"}],"items_purged_floors":[],"is_endless":false,"potions_floor_spawned":[1,10,12,14,16,21,22],"killed_by":"Slavers","ascension_level":6}