{"gold_per_floor":[117,129,109,122,138,165,185,185,234,234,246,259,107,107,107,107],"floor_reached":16,"playtime":1140,"items_purged":["Strike_R"],"score":146,"play_id":"8b35d6fc-e596-490d-823d-868f1a97aaf8","local_time":"20190930103917","is_ascension_mode":true,"campfire_choices":[{"data":"Infernal Blade","floor":8,"key":"SMITH"},{"data":"Thunderclap","floor":10,"key":"SMITH"},{"data":"Ghostly Armor","floor":15,"key":"SMITH"}],"neow_cost":"NONE","seed_source_timestamp":637616454541200,"circlet_count":0,"master_deck":["Strike_R","Strike_R","Strike_R","Defend_R","Defend_R","Defend_R","Defend_R","Bash+1","Thunderclap+1","Headbutt+1","Infernal Blade+1","Battle Trance","Cleave","Flex","Seeing Red","Ghostly Armor+1","Clash"],"relics":["Burning Blood","Champion Belt","Whetstone"],"potions_floor_usage":[6,16,16,16],"damage_taken":[{"damage":2,"enemies":"2 Louse","floor":1,"turns":3},{"damage":6,"enemies":"Cultist","floor":2,"turns":3},{"damage":5,"enemies":"Small Slimes","floor":4,"turns":4},{"damage":48,"enemies":"Exordium Thugs","floor":5,"turns":7},{"damage":18,"enemies":"Gremlin Nob","floor":6,"turns":3},{"damage":8,"enemies":"Blue Slaver","floor":7,"turns":4},{"damage":16,"enemies":"Exordium Wildlife","floor":11,"turns":4},{"damage":2,"enemies":"Lots of Slimes","floor":12,"turns":2},{"damage":24,"enemies":"Slime Boss","floor":16,"turns":5}],"seed_played":"8713682208414910626","potions_obtained":[{"floor":2,"key":"Strength Potion"},{"floor":3,"key":"SteroidPotion"},{"floor":6,"key":"Poison Potion"},{"floor":7,"key":"Dexterity Potion"}],"is_trial":false,"path_per_floor":["M","M","?","M","M","E","M","R","T","R","M","M","$","?","R","B"],"character_chosen":"IRONCLAD","items_purchased":["Ghostly Armor"],"campfire_rested":0,"item_purchase_floors":[13],"current_hp_per_floor":[84,84,84,85,43,31,29,29,29,29,19,23,23,23,23,0],"gold":107,"neow_bonus":"TEN_PERCENT_HP_BONUS","is_prod":false,"is_daily":false,"chose_seed":false,"campfire_upgraded":3,"win_rate":0,"timestamp":1569857957,"path_taken":["M","M","?","?","M","E","M","R","T","R","M","M","$","?","R","BOSS"],"build_version":"2019-07-17","purchased_purges":1,"victory":false,"max_hp_per_floor":[88,88,88,88,88,88,88,88,88,88,88,88,88,88,88,88],"card_choices":[{"not_picked":["Armaments","Havoc"],"picked":"Thunderclap","floor":1},{"not_picked":["Wild Strike","Feel No Pain"],"picked":"Headbutt","floor":2},{"not_picked":["Rage","Thunderclap"],"picked":"Infernal Blade","floor":4},{"not_picked":["Corruption","Rupture"],"picked":"Battle Trance","floor":5},{"not_picked":["Warcry","Reckless Charge"],"picked":"Cleave","floor":6},{"not_picked":["Thunderclap","Battle Trance"],"picked":"Flex","floor":7},{"not_picked":["Reckless Charge","Clash","Havoc"],"picked":"SKIP","floor":11},{"not_picked":["Sever Soul","Double Tap"],"picked":"Seeing Red","floor":12}],"player_experience":765792,"relics_obtained":[{"floor":6,"key":"Champion Belt"},{"floor":9,"key":"Whetstone"}],"event_choices":[{"damage_healed":0,"gold_gain":0,"player_choice":"Bought 1 Potion","damage_taken":0,"max_hp_gain":0,"max_hp_loss":0,"event_name":"The Woman in Blue","floor":3,"gold_loss":0},{"damage_healed":0,"gold_gain":0,"cards_transformed":["Strike_R"],"player_choice":"Transformed","damage_taken":0,"max_hp_gain":0,"max_hp_loss":0,"event_name":"Transmorgrifier","floor":14,"gold_loss":0,"cards_obtained":["Clash"]}],"is_beta":false,"boss_relics":[],"items_purged_floors":[13],"is_endless":false,"potions_floor_spawned":[2,6,7],"killed_by":"Slime Boss","ascension_level":8}