{"gold_per_floor":[111,111,130,150,166,166,195,214,214,214,225,242,256,33,33,137,137,152,152,152,162,180,214,214,239,239,270,288,288,1,27,27,126,126,140,25,25,25,44,44,63,63,86,86,112,130,130,140,140,140],"floor_reached":50,"playtime":2920,"items_purged":["Strike_R"],"score":811,"play_id":"f0b39786-97b5-4f4b-871a-df187b891496","local_time":"20191017002558","is_ascension_mode":true,"campfire_choices":[{"data":"Entrench","floor":6,"key":"SMITH"},{"data":"Shockwave","floor":10,"key":"SMITH"},{"floor":15,"key":"REST"},{"floor":24,"key":"REST"},{"floor":29,"key":"REST"},{"floor":32,"key":"REST"},{"data":"Body Slam","floor":40,"key":"SMITH"},{"floor":42,"key":"REST"},{"data":"Uppercut","floor":44,"key":"SMITH"},{"data":"True Grit","floor":47,"key":"SMITH"},{"floor":49,"key":"REST"}],"neow_cost":"NONE","seed_source_timestamp":186404630783300,"circlet_count":0,"master_deck":["AscendersBane","Strike_R+1","Defend_R","Defend_R","Defend_R","Defend_R","Bash","Pummel+1","Entrench+1","Shockwave+1","Clothesline","True Grit+1","Pommel Strike","Carnage","Demon Form","Battle Trance","Uppercut+1","Bludgeon","Body Slam+1","Inflame+1","Havoc+1","Clash","Shrug It Off+1","Panacea+1","Iron Wave","Impervious+1","Thunderclap+1","Sword Boomerang+1","Burning Pact+1","Clothesline+1","True Grit+1","Whirlwind","Sadistic Nature+1","Flame Barrier+1","True Grit+1"],"relics":["Burning Blood","Regal Pillow","Ancient Tea Set","Happy Flower","Whetstone","Sozu","Bronze Scales","Sundial","Boot","Frozen Egg 2","Toxic Egg 2","Pen Nib","WingedGreaves","Astrolabe","GremlinMask","Centennial Puzzle","Orichalcum"],"potions_floor_usage":[3,5,16,27,50,50],"damage_taken":[{"damage":8,"enemies":"2 Louse","floor":1,"turns":3},{"damage":6,"enemies":"Cultist","floor":3,"turns":5},{"damage":1,"enemies":"Small Slimes","floor":4,"turns":4},{"damage":9,"enemies":"3 Louse","floor":5,"turns":4},{"damage":53,"enemies":"Lagavulin","floor":7,"turns":8},{"damage":6,"enemies":"Looter","floor":8,"turns":4},{"damage":6,"enemies":"2 Fungi Beasts","floor":11,"turns":3},{"damage":4,"enemies":"Red Slaver","floor":12,"turns":5},{"damage":0,"enemies":"Exordium Thugs","floor":13,"turns":4},{"damage":47,"enemies":"Hexaghost","floor":16,"turns":8},{"damage":7,"enemies":"Shell Parasite","floor":18,"turns":6},{"damage":1,"enemies":"Spheric Guardian","floor":21,"turns":3},{"damage":4,"enemies":"Cultist and Chosen","floor":22,"turns":4},{"damage":32,"enemies":"Slavers","floor":23,"turns":5},{"damage":26,"enemies":"Book of Stabbing","floor":25,"turns":4},{"damage":30,"enemies":"Gremlin Leader","floor":27,"turns":5},{"damage":10,"enemies":"Centurion and Healer","floor":28,"turns":4},{"damage":33,"enemies":"Book of Stabbing","floor":31,"turns":4},{"damage":53,"enemies":"Champ","floor":33,"turns":8},{"damage":16,"enemies":"3 Darklings","floor":35,"turns":6},{"damage":18,"enemies":"Orb Walker","floor":39,"turns":3},{"damage":44,"enemies":"Transient","floor":41,"turns":5},{"damage":11,"enemies":"3 Darklings","floor":46,"turns":4},{"damage":19,"enemies":"Writhing Mass","floor":48,"turns":5},{"damage":69,"enemies":"Time Eater","floor":50,"turns":7}],"seed_played":"-3089663609220367233","potions_obtained":[{"floor":1,"key":"SteroidPotion"},{"floor":3,"key":"Fire Potion"},{"floor":7,"key":"FearPotion"},{"floor":11,"key":"Strength Potion"},{"floor":13,"key":"PowerPotion"},{"floor":16,"key":"FearPotion"}],"is_trial":false,"path_per_floor":["M","?","M","M","M","R","E","M","T","R","M","M","M","$","R","B",null,"M","?","?","M","M","E","R","E","T","E","M","R","$","E","R","B",null,"M","$","?","?","M","R","M","R","T","R","T","M","R","M","R","B"],"character_chosen":"IRONCLAD","items_purchased":["Whetstone","Panacea+1","Iron Wave","Pen Nib","True Grit+1","Whirlwind"],"campfire_rested":6,"item_purchase_floors":[14,30,30,30,36,36],"current_hp_per_floor":[70,70,70,75,72,72,25,25,25,25,25,27,33,33,72,31,68,67,67,67,72,74,48,80,60,60,36,32,71,71,44,80,33,68,58,58,58,58,46,46,8,47,47,47,47,42,42,29,68,0],"gold":140,"neow_bonus":"RANDOM_COMMON_RELIC","is_prod":false,"is_daily":false,"chose_seed":false,"campfire_upgraded":5,"win_rate":0,"timestamp":1571289958,"path_taken":["M","?","?","M","M","R","E","M","T","R","M","M","M","$","R","BOSS","M","?","?","M","M","E","R","E","T","E","M","R","$","E","R","BOSS","M","$","?","?","?","R","M","R","T","R","?","M","R","?","R","BOSS"],"build_version":"2019-07-17","purchased_purges":1,"victory":false,"max_hp_per_floor":[80,80,80,80,80,80,80,80,80,80,80,80,80,80,80,80,80,80,80,80,80,80,80,80,80,80,80,80,80,80,80,80,80,80,80,80,80,80,80,80,80,80,80,80,80,80,80,80,80,80],"card_choices":[{"not_picked":["Perfected Strike","Evolve"],"picked":"Pummel","floor":1},{"not_picked":["Wild Strike","Flex"],"picked":"Shockwave","floor":3},{"not_picked":["Perfected Strike","Carnage"],"picked":"Clothesline","floor":4},{"not_picked":["Carnage","Battle Trance"],"picked":"True Grit","floor":5},{"not_picked":["Evolve","Clothesline"],"picked":"Pommel Strike","floor":7},{"not_picked":["Shockwave","Heavy Blade"],"picked":"Carnage","floor":8},{"not_picked":["Havoc","Dropkick"],"picked":"Demon Form","floor":11},{"not_picked":["Body Slam","Iron Wave"],"picked":"Battle Trance","floor":12},{"not_picked":["Thunderclap","Heavy Blade"],"picked":"Uppercut","floor":13},{"not_picked":["Exhume","Juggernaut"],"picked":"Bludgeon","floor":16},{"not_picked":["Clothesline","Thunderclap"],"picked":"Body Slam","floor":18},{"not_picked":["Pummel+1","Heavy Blade+1"],"picked":"Inflame+1","floor":21},{"not_picked":["Feel No Pain","Hemokinesis"],"picked":"Havoc+1","floor":22},{"not_picked":["Bloodletting","Body Slam","Fire Breathing"],"picked":"SKIP","floor":23},{"not_picked":["Feel No Pain","Blood for Blood","Anger"],"picked":"SKIP","floor":25},{"not_picked":["Anger","Infernal Blade"],"picked":"Clash","floor":27},{"not_picked":["Heavy Blade","Exhume+1"],"picked":"Shrug It Off+1","floor":28},{"not_picked":["Headbutt+1","Sever Soul+1"],"picked":"Iron Wave","floor":31},{"not_picked":["Juggernaut+1","Brutality+1"],"picked":"Impervious+1","floor":33},{"not_picked":["Sentinel+1","Fire Breathing+1"],"picked":"Clothesline+1","floor":35},{"not_picked":["PanicButton+1","Flash of Steel"],"picked":"Sadistic Nature+1","floor":37},{"not_picked":["Headbutt+1","Clothesline","Evolve+1"],"picked":"SKIP","floor":39},{"not_picked":["Heavy Blade","Cleave+1"],"picked":"Flame Barrier+1","floor":41},{"not_picked":["Pommel Strike","Body Slam"],"picked":"True Grit+1","floor":46},{"not_picked":["Headbutt+1","Thunderclap+1","Wild Strike"],"picked":"SKIP","floor":48}],"player_experience":865302,"relics_obtained":[{"floor":7,"key":"Ancient Tea Set"},{"floor":9,"key":"Happy Flower"},{"floor":23,"key":"Sundial"},{"floor":25,"key":"Boot"},{"floor":26,"key":"Frozen Egg 2"},{"floor":27,"key":"Toxic Egg 2"},{"floor":31,"key":"WingedGreaves"},{"floor":43,"key":"Centennial Puzzle"},{"floor":45,"key":"Orichalcum"}],"event_choices":[{"damage_healed":0,"gold_gain":0,"cards_transformed":["Strike_R"],"player_choice":"Transformed","damage_taken":0,"max_hp_gain":0,"max_hp_loss":0,"event_name":"Transmorgrifier","floor":2,"gold_loss":0,"cards_obtained":["Entrench"]},{"damage_healed":0,"gold_gain":0,"player_choice":"Ignored","damage_taken":0,"max_hp_gain":0,"max_hp_loss":0,"event_name":"Ghosts","floor":19,"gold_loss":0},{"damage_healed":0,"gold_gain":0,"player_choice":"Opened","damage_taken":0,"relics_obtained":["Bronze Scales"],"max_hp_gain":0,"max_hp_loss":0,"event_name":"The Mausoleum","floor":20,"gold_loss":0},{"damage_healed":0,"gold_gain":0,"player_choice":"Memory 1","damage_taken":0,"max_hp_gain":0,"max_hp_loss":0,"event_name":"SensoryStone","floor":37,"gold_loss":0},{"damage_healed":0,"gold_gain":0,"player_choice":"Trade","damage_taken":0,"relics_obtained":["GremlinMask"],"max_hp_gain":0,"max_hp_loss":0,"event_name":"FaceTrader","floor":38,"gold_loss":0}],"is_beta":false,"boss_relics":[{"not_picked":["Busted Crown","Runic Pyramid"],"picked":"Sozu"},{"not_picked":["Runic Dome","Tiny House"],"picked":"Astrolabe"}],"items_purged_floors":[14],"is_endless":false,"potions_floor_spawned":[1,3,7,11,13,16,23,25,27,31,35],"killed_by":"Time Eater","ascension_level":10}