{"gold_per_floor":[110,126,126,137,151,181,181,198,279,296,296,307,307,307,307,412,412,431,311,311,226,226,226,226],"floor_reached":24,"playtime":1475,"items_purged":[],"score":216,"play_id":"af592558-cae7-4ca2-8fdf-f8581ce387bc","local_time":"20181106134453","is_ascension_mode":true,"campfire_choices":[{"floor":7,"key":"REST"},{"floor":13,"key":"REST"},{"floor":15,"key":"REST"},{"data":"Fusion","floor":23,"key":"SMITH"}],"neow_cost":"NONE","seed_source_timestamp":65026038740163,"circlet_count":0,"master_deck":["Strike_B","Strike_B","Strike_B","Defend_B","Defend_B","Defend_B","Defend_B","Zap","Dualcast","Fusion+1","Conserve Battery","Steam","Darkness","FTL","Buffer","Rainbow","Lockon+1","Capacitor","Redo"],"relics":["Cracked Core","Art of War","Torii","Pantograph","Bronze Scales","Molten Egg 2","Sozu","Turnip"],"potions_floor_usage":[8,18],"damage_taken":[{"damage":0,"enemies":"Small Slimes","floor":1,"turns":3},{"damage":1,"enemies":"Cultist","floor":2,"turns":3},{"damage":2,"enemies":"Jaw Worm","floor":4,"turns":3},{"damage":13,"enemies":"Blue Slaver","floor":5,"turns":3},{"damage":24,"enemies":"Lagavulin","floor":6,"turns":10},{"damage":1,"enemies":"2 Fungi Beasts","floor":8,"turns":4},{"damage":6,"enemies":"Large Slime","floor":10,"turns":7},{"damage":16,"enemies":"Exordium Wildlife","floor":12,"turns":5},{"damage":38,"enemies":"Hexaghost","floor":16,"turns":12},{"damage":1,"enemies":"Shell Parasite","floor":18,"turns":7},{"damage":81,"enemies":"Gremlin Leader","floor":24,"turns":6}],"seed_played":"6115696021777839889","potions_obtained":[{"floor":1,"key":"LiquidBronze"},{"floor":6,"key":"AttackPotion"},{"floor":8,"key":"Dexterity Potion"},{"floor":16,"key":"Block Potion"}],"is_trial":false,"path_per_floor":["M","M","?","M","M","E","R","M","T","M","?","M","R","T","R","B",null,"M","$","?","?","?","R","E"],"character_chosen":"DEFECT","items_purchased":["Capacitor","Redo"],"campfire_rested":3,"item_purchase_floors":[19,19],"current_hp_per_floor":[75,74,56,54,41,17,39,38,38,32,32,16,38,38,60,37,75,74,74,74,74,74,74,0],"gold":226,"neow_bonus":"REMOVE_CARD","is_prod":false,"is_daily":false,"chose_seed":false,"campfire_upgraded":1,"win_rate":0,"timestamp":1541533493,"path_taken":["M","M","?","M","M","E","R","M","T","M","?","?","R","?","R","BOSS","M","$","?","?","?","R","E"],"build_version":"2018-11-01","purchased_purges":0,"victory":false,"max_hp_per_floor":[75,75,75,75,75,75,75,75,75,75,75,75,75,75,75,75,75,75,75,75,75,75,75,75],"card_choices":[{"not_picked":["Chaos","Gash"],"picked":"Fusion","floor":1},{"not_picked":["Loop","Coolheaded"],"picked":"Conserve Battery","floor":2},{"not_picked":["Chaos","Sweeping Beam"],"picked":"Steam","floor":4},{"not_picked":["Beam Cell","Rebound","Streamline"],"picked":"SKIP","floor":5},{"not_picked":["Rebound","Stack"],"picked":"Darkness","floor":6},{"not_picked":["Fusion","Genetic Algorithm","Coolheaded"],"picked":"SKIP","floor":8},{"not_picked":["Aggregate","Hologram"],"picked":"FTL","floor":10},{"not_picked":["Streamline","Steam"],"picked":"Buffer","floor":12},{"not_picked":["Electrodynamics","Core Surge+1"],"picked":"Rainbow","floor":16},{"not_picked":["Go for the Eyes+1","Sweeping Beam+1"],"picked":"Lockon+1","floor":18}],"player_experience":511542,"relics_obtained":[{"floor":6,"key":"Torii"},{"floor":9,"key":"Pantograph"},{"floor":14,"key":"Molten Egg 2"}],"event_choices":[{"damage_healed":0,"gold_gain":0,"player_choice":"Success","damage_taken":18,"relics_obtained":["Art of War"],"max_hp_gain":0,"max_hp_loss":0,"event_name":"Scrap Ooze","floor":3,"gold_loss":0},{"damage_healed":0,"gold_gain":0,"player_choice":"Gave Potion","damage_taken":0,"relics_obtained":["Bronze Scales"],"max_hp_gain":0,"max_hp_loss":0,"event_name":"WeMeetAgain","floor":11,"gold_loss":0},{"damage_healed":0,"gold_gain":0,"player_choice":"Ignored","damage_taken":0,"max_hp_gain":0,"max_hp_loss":0,"event_name":"Cursed Tome","floor":20,"gold_loss":0},{"damage_healed":0,"gold_gain":0,"player_choice":"Obtained Relic","damage_taken":0,"relics_obtained":["Turnip"],"max_hp_gain":0,"max_hp_loss":0,"event_name":"Addict","floor":21,"gold_loss":85},{"damage_healed":0,"gold_gain":0,"player_choice":"Ignored","damage_taken":0,"max_hp_gain":0,"max_hp_loss":0,"event_name":"Ghosts","floor":22,"gold_loss":0}],"is_beta":false,"boss_relics":[{"not_picked":["Pandora\u0027s Box","Black Star"],"picked":"Sozu"}],"items_purged_floors":[],"is_endless":false,"potions_floor_spawned":[1,6,8,16],"killed_by":"Gremlin Leader","ascension_level":2}