{"gold_per_floor":[114,39,5,5,25,51,71,71,71,88,101,131,131,143,143,246,246,266,276,289,304,87,87,87,122,149,164,194,194,60,60,60,156,156,173,220,220,170,180,180,199,199,199,0,28,44,44,57,57,57],"floor_reached":51,"playtime":3443,"items_purged":["Pain","Normality"],"score":890,"play_id":"433817f6-a3b3-4749-bc63-c63d07e97d1d","local_time":"20181116201602","is_ascension_mode":true,"campfire_choices":[{"floor":13,"key":"REST"},{"data":"Zap","floor":15,"key":"SMITH"},{"floor":23,"key":"REST"},{"floor":29,"key":"REST"},{"data":"Defragment","floor":32,"key":"SMITH"},{"floor":40,"key":"REST"},{"data":"Defragment","floor":42,"key":"SMITH"},{"floor":47,"key":"REST"},{"data":"Dualcast","floor":49,"key":"SMITH"}],"neow_cost":"CURSE","seed_source_timestamp":950528232322462,"circlet_count":0,"master_deck":["Strike_B+1","Strike_B+1","Strike_B+1","Strike_B+1","Defend_B+1","Defend_B+1","Defend_B+1","Defend_B+1","Zap+1","Dualcast+1","Electrodynamics","Leap+1","Defragment+1","Streamline","Redo+1","Hologram+1","Ball Lightning","Buffer+1","Redo+1","Conserve Battery+1","White Noise+1","Defragment+1","Steam+1","FTL","Undo+1","Jack Of All Trades+1","Fission+1","Stack+1","Madness+1","Madness+1","Hologram+1","Ball Lightning","Tempest+1","Fission+1"],"relics":["Cracked Core","Toxic Egg 2","Anchor","Regal Pillow","Gambling Chip","Cursed Key","PreservedInsect","Smiling Mask","DataDisk","Happy Flower","Runic Pyramid","StoneCalendar","Red Mask","WingedGreaves"],"potions_floor_usage":[18,19,33,50,50,50],"damage_taken":[{"damage":11,"enemies":"Jaw Worm","floor":1,"turns":4},{"damage":1,"enemies":"Cultist","floor":5,"turns":3},{"damage":8,"enemies":"3 Sentries","floor":6,"turns":4},{"damage":0,"enemies":"Small Slimes","floor":7,"turns":4},{"damage":5,"enemies":"Gremlin Gang","floor":10,"turns":2},{"damage":3,"enemies":"Blue Slaver","floor":11,"turns":4},{"damage":23,"enemies":"Lagavulin","floor":12,"turns":6},{"damage":0,"enemies":"Large Slime","floor":14,"turns":4},{"damage":0,"enemies":"Slime Boss","floor":16,"turns":6},{"damage":9,"enemies":"3 Byrds","floor":18,"turns":3},{"damage":16,"enemies":"Spheric Guardian","floor":19,"turns":4},{"damage":17,"enemies":"Shelled Parasite and Fungi","floor":20,"turns":5},{"damage":11,"enemies":"Chosen and Byrds","floor":21,"turns":4},{"damage":3,"enemies":"Gremlin Leader","floor":25,"turns":4},{"damage":0,"enemies":"Snecko","floor":27,"turns":4},{"damage":36,"enemies":"Slavers","floor":28,"turns":5},{"damage":17,"enemies":"Collector","floor":33,"turns":8},{"damage":6,"enemies":"3 Darklings","floor":35,"turns":3},{"damage":22,"enemies":"2 Orb Walkers","floor":36,"turns":5},{"damage":0,"enemies":"Orb Walker","floor":39,"turns":3},{"damage":0,"enemies":"Jaw Worm Horde","floor":41,"turns":2},{"damage":0,"enemies":"Reptomancer","floor":45,"turns":4},{"damage":20,"enemies":"4 Shapes","floor":46,"turns":3},{"damage":0,"enemies":"Sphere and 2 Shapes","floor":48,"turns":3},{"damage":20,"enemies":"Time Eater","floor":50,"turns":12}],"seed_played":"-3416645220060474594","potions_obtained":[{"floor":6,"key":"Dexterity Potion"},{"floor":10,"key":"Strength Potion"},{"floor":11,"key":"Weak Potion"},{"floor":19,"key":"SteroidPotion"},{"floor":21,"key":"AttackPotion"},{"floor":33,"key":"Block Potion"},{"floor":46,"key":"Block Potion"}],"is_trial":false,"path_per_floor":["M","$","?","?","M","E","M","?","T","M","M","E","R","M","R","B",null,"M","M","M","M","$","R","?","E","T","M","E","R","$","?","R","B",null,"M","?","?","$","M","R","M","R","T","?","E","M","R","M","R","B",null],"character_chosen":"DEFECT","items_purchased":["Defragment","PreservedInsect","Jack Of All Trades+1","Hologram+1"],"campfire_rested":5,"item_purchase_floors":[22,22,30,38],"current_hp_per_floor":[64,64,64,64,63,55,55,55,55,50,47,24,61,61,61,61,75,66,50,33,22,22,59,59,56,56,56,20,57,57,57,57,40,75,69,47,38,38,38,75,75,75,75,75,75,55,75,75,75,55],"gold":57,"neow_bonus":"THREE_RARE_CARDS","is_prod":false,"is_daily":false,"chose_seed":false,"campfire_upgraded":4,"win_rate":0,"timestamp":1542420962,"path_taken":["M","$","?","?","?","E","M","?","T","?","M","E","R","M","R","BOSS","M","M","M","M","$","R","?","E","T","?","E","R","$","?","R","BOSS","M","?","?","$","M","R","M","R","T","?","E","?","R","M","R","BOSS"],"build_version":"2018-11-15","purchased_purges":2,"victory":true,"max_hp_per_floor":[75,75,75,75,75,75,75,75,75,75,75,75,75,75,75,75,75,75,75,75,75,75,75,75,75,75,75,75,75,75,75,75,75,75,75,75,75,75,75,75,75,75,75,75,75,75,75,75,75,75],"card_choices":[{"not_picked":["Fission","Thunder Strike"],"picked":"Electrodynamics","floor":0},{"not_picked":["Compile Driver","Barrage"],"picked":"Rip and Tear","floor":1},{"not_picked":["Doom and Gloom","Skim+1"],"picked":"Leap+1","floor":5},{"not_picked":["Rebound","Turbo+1"],"picked":"Defragment","floor":6},{"not_picked":["Turbo+1","Coolheaded+1"],"picked":"Streamline","floor":7},{"not_picked":["Glacier+1","Auto Shields+1"],"picked":"Hologram+1","floor":10},{"not_picked":["Doom and Gloom","Blizzard","Steam Power+1"],"picked":"SKIP","floor":11},{"not_picked":["Coolheaded+1","Doom and Gloom"],"picked":"Ball Lightning","floor":12},{"not_picked":["Coolheaded+1","Meteor Strike","Beam Cell"],"picked":"SKIP","floor":14},{"not_picked":["Machine Learning","Core Surge"],"picked":"Buffer","floor":16},{"not_picked":["Barrage+1","Coolheaded+1"],"picked":"Redo+1","floor":18},{"not_picked":["Leap+1","Steam+1"],"picked":"Conserve Battery+1","floor":19},{"not_picked":["Turbo+1","Gash+1"],"picked":"White Noise+1","floor":20},{"not_picked":["Rebound","Recycle+1","Blizzard"],"picked":"SKIP","floor":21},{"not_picked":["Coolheaded+1","Hologram+1"],"picked":"Steam+1","floor":25},{"not_picked":["Steam+1","Cold Snap+1"],"picked":"FTL","floor":27},{"not_picked":["Turbo+1","Ball Lightning"],"picked":"Undo+1","floor":28},{"not_picked":["Rainbow+1","Amplify+1"],"picked":"Fission+1","floor":33},{"not_picked":["Blizzard","Storm"],"picked":"Stack+1","floor":35},{"not_picked":["Go for the Eyes","Beam Cell+1"],"picked":"Ball Lightning","floor":39},{"not_picked":["Doom and Gloom+1","Rebound"],"picked":"Tempest+1","floor":41},{"not_picked":["Stack+1","Tempest+1","Melter+1"],"picked":"SKIP","floor":45},{"not_picked":["Beam Cell+1","Skim+1","Capacitor+1"],"picked":"SKIP","floor":46},{"not_picked":["Compile Driver+1","Ball Lightning"],"picked":"Fission+1","floor":48}],"player_experience":572876,"relics_obtained":[{"floor":6,"key":"Anchor"},{"floor":9,"key":"Regal Pillow"},{"floor":12,"key":"Gambling Chip"},{"floor":25,"key":"Smiling Mask"},{"floor":26,"key":"DataDisk"},{"floor":28,"key":"Happy Flower"},{"floor":36,"key":"StoneCalendar"},{"floor":45,"key":"WingedGreaves"}],"event_choices":[{"damage_healed":0,"gold_gain":0,"player_choice":"Left Gold","damage_taken":0,"max_hp_gain":0,"max_hp_loss":0,"event_name":"World of Goop","floor":3,"gold_loss":34},{"cards_removed":["Rip and Tear"],"damage_healed":0,"gold_gain":0,"player_choice":"Gave Card","damage_taken":0,"relics_obtained":["Toxic Egg 2"],"max_hp_gain":0,"max_hp_loss":0,"event_name":"WeMeetAgain","floor":4,"gold_loss":0},{"damage_healed":0,"gold_gain":0,"player_choice":"1 cards matched","damage_taken":0,"max_hp_gain":0,"max_hp_loss":0,"event_name":"Match and Keep!","floor":8,"gold_loss":0,"cards_obtained":["Redo"]},{"damage_healed":0,"gold_gain":0,"player_choice":"Upgraded","damage_taken":0,"max_hp_gain":0,"max_hp_loss":0,"event_name":"Upgrade Shrine","floor":24,"gold_loss":0,"cards_upgraded":["Buffer"]},{"damage_healed":0,"gold_gain":0,"player_choice":"Simplicity","damage_taken":0,"max_hp_gain":0,"max_hp_loss":0,"event_name":"Back to Basics","floor":31,"gold_loss":0,"cards_upgraded":["Strike_B","Strike_B","Strike_B","Strike_B","Defend_B","Defend_B","Defend_B","Defend_B"]},{"damage_healed":0,"gold_gain":0,"player_choice":"Fight","damage_taken":0,"max_hp_gain":0,"max_hp_loss":0,"event_name":"Mysterious Sphere","floor":36,"gold_loss":0},{"damage_healed":0,"gold_gain":0,"player_choice":"Embrace Madness","damage_taken":9,"max_hp_gain":0,"max_hp_loss":0,"event_name":"Winding Halls","floor":37,"gold_loss":0,"cards_obtained":["Madness","Madness"]},{"damage_healed":0,"gold_gain":0,"player_choice":"Paid","damage_taken":0,"relics_obtained":["Red Mask"],"max_hp_gain":0,"max_hp_loss":0,"event_name":"Tomb of Lord Red Mask","floor":44,"gold_loss":199}],"is_beta":false,"boss_relics":[{"not_picked":["Runic Dome","Pandora\u0027s Box"],"picked":"Cursed Key"},{"not_picked":["FrozenCore","Philosopher\u0027s Stone"],"picked":"Runic Pyramid"}],"items_purged_floors":[2,30],"is_endless":false,"potions_floor_spawned":[6,10,11,12,16,19,21,28,33,36,39,46],"ascension_level":3}