{"gold_per_floor":[118,132,151,27,2,30,30,57,108,108,125,142,207,227,227,227],"floor_reached":16,"playtime":814,"items_purged":["Strike_B"],"score":140,"play_id":"97babcb6-8165-4664-b72f-78c2c2937e39","local_time":"20181202215914","is_ascension_mode":true,"campfire_choices":[{"data":"Zap","floor":7,"key":"SMITH"},{"data":"Fusion","floor":10,"key":"SMITH"},{"floor":15,"key":"REST"}],"neow_cost":"NONE","seed_source_timestamp":894424303840360,"circlet_count":0,"master_deck":["Strike_B","Strike_B","Strike_B","Defend_B","Defend_B","Defend_B","Defend_B","Zap+1","Dualcast","Echo Form","Self Repair","Sunder","Hologram","Conserve Battery","Rebound+1","Fusion+1","Ball Lightning+1","Conserve Battery","Hyperbeam+1"],"relics":["Cracked Core","Molten Egg 2","Anchor","Boot","Omamori"],"potions_floor_usage":[13],"damage_taken":[{"damage":1,"enemies":"Cultist","floor":1,"turns":3},{"damage":4,"enemies":"Small Slimes","floor":2,"turns":3},{"damage":12,"enemies":"Jaw Worm","floor":3,"turns":3},{"damage":37,"enemies":"Gremlin Nob","floor":6,"turns":4},{"damage":10,"enemies":"3 Sentries","floor":8,"turns":5},{"damage":1,"enemies":"Looter","floor":11,"turns":3},{"damage":0,"enemies":"3 Louse","floor":12,"turns":2},{"damage":10,"enemies":"3 Sentries","floor":13,"turns":4},{"damage":0,"enemies":"Exordium Thugs","floor":14,"turns":2},{"damage":37,"enemies":"The Guardian","floor":16,"turns":5}],"seed_played":"-8088135292185962471","potions_obtained":[{"floor":1,"key":"Dexterity Potion"},{"floor":8,"key":"Fire Potion"},{"floor":11,"key":"SkillPotion"},{"floor":13,"key":"Ancient Potion"}],"is_trial":false,"path_per_floor":["M","M","M","$","?","E","R","E","T","R","M","M","?","M","R","B"],"character_chosen":"DEFECT","items_purchased":["Conserve Battery"],"campfire_rested":1,"item_purchase_floors":[4],"current_hp_per_floor":[74,70,65,65,65,28,28,18,18,18,17,17,14,14,36,0],"gold":227,"neow_bonus":"ONE_RANDOM_RARE_CARD","is_prod":false,"is_daily":false,"chose_seed":false,"campfire_upgraded":2,"win_rate":0,"timestamp":1543809554,"path_taken":["M","M","M","$","?","E","R","E","T","R","M","M","?","M","R","BOSS"],"build_version":"2018-11-15","purchased_purges":1,"victory":false,"max_hp_per_floor":[75,75,75,75,75,75,75,75,75,75,75,75,75,75,75,75],"card_choices":[{"not_picked":["Darkness","Compile Driver"],"picked":"Self Repair","floor":1},{"not_picked":["Lockon","Conserve Battery"],"picked":"Sunder","floor":2},{"not_picked":["Ball Lightning","Stack"],"picked":"Hologram","floor":3},{"not_picked":["Skim","Beam Cell"],"picked":"Rebound","floor":6},{"not_picked":["BootSequence","Steam Power"],"picked":"Fusion","floor":8},{"not_picked":["Steam Power","Creative AI"],"picked":"Ball Lightning+1","floor":11},{"not_picked":["Streamline+1","Barrage+1"],"picked":"Conserve Battery","floor":12},{"not_picked":["Self Repair","Barrage+1"],"picked":"Hyperbeam+1","floor":13},{"not_picked":["Barrage+1","Chill","Compile Driver+1"],"picked":"SKIP","floor":14}],"player_experience":628404,"relics_obtained":[{"floor":6,"key":"Molten Egg 2"},{"floor":8,"key":"Anchor"},{"floor":9,"key":"Boot"},{"floor":13,"key":"Omamori"}],"event_choices":[{"damage_healed":0,"gold_gain":0,"player_choice":"Left Gold","damage_taken":0,"max_hp_gain":0,"max_hp_loss":0,"event_name":"World of Goop","floor":5,"gold_loss":25},{"damage_healed":0,"gold_gain":0,"player_choice":"Searched \u00272\u0027 times","damage_taken":0,"max_hp_gain":0,"max_hp_loss":0,"event_name":"Dead Adventurer","floor":13,"gold_loss":0}],"is_beta":false,"boss_relics":[],"items_purged_floors":[4],"is_endless":false,"potions_floor_spawned":[1,8,11,13],"killed_by":"The Guardian","ascension_level":5}