{"gold_per_floor":[112,127,127,21,21,21,21,55,55,84,84,84,99,122,122,250,250,266,246,269,469,488,488,521,521,546,560,583,602,148,161,161,161],"floor_reached":33,"playtime":1926,"items_purged":["Strike_G"],"score":507,"play_id":"341543c8-a5c6-44f4-aeb0-c32fe4c8e0e0","local_time":"20191027231546","is_ascension_mode":true,"campfire_choices":[{"data":"Dash","floor":6.0,"key":"SMITH"},{"data":"Backflip","floor":11.0,"key":"SMITH"},{"data":"Well Laid Plans","floor":15,"key":"SMITH"},{"data":"Blade Dance","floor":23,"key":"SMITH"},{"floor":25,"key":"REST"},{"floor":32,"key":"REST"}],"neow_cost":"NONE","seed_source_timestamp":32214535285500,"circlet_count":0,"master_deck":["AscendersBane","Strike_G","Strike_G","Strike_G","Defend_G","Defend_G","Defend_G","Defend_G","Defend_G","Survivor","Neutralize+1","Dagger Spray+1","Backstab","Backflip+1","Dash+1","Predator","Corpse Explosion","Well Laid Plans+1","Quick Slash","Adrenaline","Dodge and Roll","Blade Dance+1","Accuracy","Flying Knee","After Image","Infinite Blades","Cloak And Dagger+1","Expertise","Good Instincts","Deflect"],"special_seed":0,"relics":["Ring of the Serpent","Shuriken","Bronze Scales","Oddly Smooth Stone","Golden Idol","Dodecahedron","Pen Nib","Mercury Hourglass"],"potions_floor_usage":[16,18,24,28,31,33],"damage_taken":[{"damage":2.0,"enemies":"2 Louse","floor":1.0,"turns":3.0},{"damage":0.0,"enemies":"Small Slimes","floor":2.0,"turns":2.0},{"damage":0.0,"enemies":"Gremlin Nob","floor":8.0,"turns":4.0},{"damage":0.0,"enemies":"3 Sentries","floor":10.0,"turns":6.0},{"damage":0.0,"enemies":"Cultist","floor":13.0,"turns":3.0},{"damage":0.0,"enemies":"Blue Slaver","floor":14.0,"turns":2.0},{"damage":26,"enemies":"Slime Boss","floor":16,"turns":9},{"damage":0,"enemies":"Spheric Guardian","floor":18,"turns":4},{"damage":11,"enemies":"2 Thieves","floor":20,"turns":2},{"damage":0,"enemies":"Chosen and Byrds","floor":22,"turns":5},{"damage":25,"enemies":"Slavers","floor":24,"turns":5},{"damage":8,"enemies":"Snake Plant","floor":27,"turns":4},{"damage":17,"enemies":"Centurion and Healer","floor":28,"turns":7},{"damage":7,"enemies":"Cultist and Chosen","floor":29,"turns":4},{"damage":3,"enemies":"Snake Plant","floor":31,"turns":3},{"damage":25,"enemies":"Automaton","floor":33,"turns":6}],"seed_played":"-6518230055162765641","potions_obtained":[{"floor":8.0,"key":"Block Potion"},{"floor":14.0,"key":"Swift Potion"},{"floor":16,"key":"Block Potion"},{"floor":18,"key":"Dexterity Potion"},{"floor":19,"key":"Weak Potion"},{"floor":24,"key":"Swift Potion"},{"floor":29,"key":"Block Potion"}],"is_trial":false,"path_per_floor":["M","M","?","$","?","R","?","E","T","E","R","?","M","M","R","B",null,"M","?","M","?","M","R","E","R","T","M","M","M","$","M","R","B"],"character_chosen":"THE_SILENT","items_purchased":["Backflip","Dash","Mercury Hourglass","Expertise","Good Instincts"],"campfire_rested":2,"item_purchase_floors":[4,4,30,30,30],"current_hp_per_floor":[61,61,54,54,54,54,54,54,54,54,54,54,54,54,54,28,56,56,56,45,45,45,45,20,39,39,31,14,7,7,4,23,0],"gold":161,"neow_bonus":"UPGRADE_CARD","is_prod":false,"is_daily":false,"chose_seed":false,"campfire_upgraded":4,"win_rate":0,"timestamp":1572236146,"path_taken":["M","M","?","$","?","R","?","E","T","E","R","?","M","M","R","BOSS","M","?","?","?","?","R","E","R","T","M","M","M","$","M","R","BOSS"],"build_version":"2019-07-17","purchased_purges":1,"victory":false,"max_hp_per_floor":[70,70,70,70,70,70,70,70,70,70,70,65,65,65,65,65,65,65,65,65,65,65,65,65,65,65,65,65,65,65,65,65,65],"card_choices":[{"not_picked":["Backflip","Deflect"],"picked":"Dagger Spray","floor":1.0},{"not_picked":["Slice","Bane"],"picked":"Backstab","floor":2.0},{"not_picked":["Prepared","Deadly Poison"],"picked":"Predator","floor":8.0},{"not_picked":["Deflect","Dagger Spray"],"picked":"Corpse Explosion","floor":10.0},{"not_picked":["Noxious Fumes","Predator"],"picked":"Well Laid Plans","floor":13.0},{"not_picked":["Deadly Poison","Prepared"],"picked":"Quick Slash","floor":14.0},{"not_picked":["Corpse Explosion","Venomology"],"picked":"Adrenaline","floor":16},{"not_picked":["Poisoned Stab+1","Endless Agony"],"picked":"Dodge and Roll","floor":18},{"not_picked":["Sucker Punch","Poisoned Stab"],"picked":"Blade Dance","floor":20},{"not_picked":["Reflex","Dagger Throw"],"picked":"Accuracy","floor":22},{"not_picked":["Catalyst","Caltrops"],"picked":"Flying Knee","floor":24},{"not_picked":["Dodge and Roll+1","Eviscerate+1"],"picked":"After Image","floor":27},{"not_picked":["Deadly Poison+1","Prepared"],"picked":"Infinite Blades","floor":28},{"not_picked":["Dodge and Roll","Terror"],"picked":"Cloak And Dagger+1","floor":29},{"not_picked":["Backstab+1","Bane"],"picked":"Deflect","floor":31}],"player_experience":939551,"relics_obtained":[{"floor":8.0,"key":"Shuriken"},{"floor":9.0,"key":"Bronze Scales"},{"floor":10.0,"key":"Oddly Smooth Stone"},{"floor":24,"key":"Dodecahedron"},{"floor":26,"key":"Pen Nib"}],"event_choices":[{"cards_removed":["Strike_G"],"damage_healed":0.0,"max_hp_gain":0.0,"max_hp_loss":0.0,"gold_gain":0.0,"event_name":"Golden Wing","player_choice":"Card Removal","floor":3.0,"gold_loss":0.0,"damage_taken":7.0},{"damage_healed":0.0,"max_hp_gain":0.0,"max_hp_loss":0.0,"gold_gain":0.0,"event_name":"Living Wall","player_choice":"Grow","floor":5.0,"gold_loss":0.0,"damage_taken":0.0,"cards_upgraded":["Dagger Spray"]},{"damage_healed":0.0,"max_hp_gain":0.0,"max_hp_loss":0.0,"gold_gain":0.0,"event_name":"Liars Game","player_choice":"Ignored","floor":7.0,"gold_loss":0.0,"damage_taken":0.0},{"damage_healed":0.0,"max_hp_gain":0.0,"max_hp_loss":5.0,"gold_gain":0.0,"event_name":"Golden Idol","player_choice":"Lose Max HP","floor":12.0,"gold_loss":0.0,"damage_taken":0.0,"relics_obtained":["Golden Idol"]},{"damage_healed":0,"gold_gain":0,"player_choice":"Bought 1 Potion","damage_taken":0,"max_hp_gain":0,"max_hp_loss":0,"event_name":"The Woman in Blue","floor":19,"gold_loss":0},{"damage_healed":0,"gold_gain":200,"player_choice":"Gold","damage_taken":0,"max_hp_gain":0,"max_hp_loss":0,"event_name":"Wheel of Change","floor":21,"gold_loss":0}],"is_beta":false,"boss_relics":[{"not_picked":["Runic Dome","Tiny House"],"picked":"Ring of the Serpent"}],"items_purged_floors":[30],"is_endless":false,"potions_floor_spawned":[8,14,16,18,24,27,29],"killed_by":"Automaton","ascension_level":11}