{"gold_per_floor":[109,123,141,155,255,255,289,299,323,323,355,355,355,431,431,431],"floor_reached":16,"playtime":1141,"items_purged":[],"score":171,"play_id":"848da121-4121-4a3c-b292-448741e432e9","local_time":"20191023111305","is_ascension_mode":true,"campfire_choices":[{"data":"Flechettes","floor":6,"key":"SMITH"},{"floor":10,"key":"REST"},{"floor":15,"key":"REST"}],"neow_cost":"NONE","seed_source_timestamp":745478303916300,"circlet_count":0,"master_deck":["AscendersBane","Strike_G","Strike_G","Strike_G","Strike_G","Strike_G","Defend_G","Defend_G","Defend_G","Defend_G","Defend_G","Survivor","Neutralize+1","Flechettes+1","Bouncing Flask","Deadly Poison","Catalyst","Bane","All Out Attack","Sucker Punch","Noxious Fumes"],"relics":["Ring of the Snake","Incense Burner","Lantern","Regal Pillow","Blood Vial","Golden Idol","Ancient Tea Set"],"potions_floor_usage":[4,16],"damage_taken":[{"damage":1,"enemies":"2 Louse","floor":1,"turns":5},{"damage":6,"enemies":"Cultist","floor":2,"turns":5},{"damage":4,"enemies":"Small Slimes","floor":3,"turns":4},{"damage":12,"enemies":"3 Louse","floor":4,"turns":6},{"damage":17,"enemies":"Lagavulin","floor":7,"turns":6},{"damage":3,"enemies":"Large Slime","floor":8,"turns":6},{"damage":23,"enemies":"3 Sentries","floor":11,"turns":9},{"damage":11,"enemies":"Lagavulin Event","floor":14,"turns":4},{"damage":55,"enemies":"Slime Boss","floor":16,"turns":10}],"seed_played":"8610438001753800584","potions_obtained":[{"floor":1,"key":"FairyPotion"},{"floor":3,"key":"Swift Potion"},{"floor":14,"key":"SteroidPotion"}],"is_trial":false,"path_per_floor":["M","M","M","M","?","R","E","M","T","R","E","?","?","?","R","B"],"character_chosen":"THE_SILENT","items_purchased":[],"campfire_rested":2,"item_purchase_floors":[],"current_hp_per_floor":[62,56,52,40,40,40,23,20,20,41,18,15,15,6,40,0],"gold":431,"neow_bonus":"UPGRADE_CARD","is_prod":false,"is_daily":false,"chose_seed":false,"campfire_upgraded":1,"win_rate":0,"timestamp":1571847185,"path_taken":["M","M","M","M","?","R","E","?","T","R","E","?","?","?","R","BOSS"],"build_version":"2019-07-17","purchased_purges":0,"victory":false,"max_hp_per_floor":[70,70,70,70,70,70,70,70,70,70,70,70,65,65,65,65],"card_choices":[{"not_picked":["Expertise","Blade Dance"],"picked":"Flechettes","floor":1},{"not_picked":["Dodge and Roll","Quick Slash"],"picked":"Bouncing Flask","floor":2},{"not_picked":["Flechettes","Bouncing Flask"],"picked":"Deadly Poison","floor":3},{"not_picked":["Outmaneuver","Finisher"],"picked":"Catalyst","floor":4},{"not_picked":["Underhanded Strike","Riddle With Holes"],"picked":"Bane","floor":7},{"not_picked":["Wraith Form v2","Calculated Gamble"],"picked":"All Out Attack","floor":8},{"not_picked":["Deadly Poison","Bane"],"picked":"Sucker Punch","floor":11},{"not_picked":["Underhanded Strike","Dagger Throw"],"picked":"Noxious Fumes","floor":14}],"player_experience":926044,"relics_obtained":[{"floor":7,"key":"Incense Burner"},{"floor":9,"key":"Lantern"},{"floor":11,"key":"Regal Pillow"},{"floor":14,"key":"Ancient Tea Set"}],"event_choices":[{"damage_healed":0,"gold_gain":100,"player_choice":"Pray","damage_taken":0,"max_hp_gain":0,"max_hp_loss":0,"event_name":"Golden Shrine","floor":5,"gold_loss":0},{"damage_healed":0,"gold_gain":0,"player_choice":"Success","damage_taken":3,"relics_obtained":["Blood Vial"],"max_hp_gain":0,"max_hp_loss":0,"event_name":"Scrap Ooze","floor":12,"gold_loss":0},{"damage_healed":0,"gold_gain":0,"player_choice":"Lose Max HP","damage_taken":0,"relics_obtained":["Golden Idol"],"max_hp_gain":0,"max_hp_loss":5,"event_name":"Golden Idol","floor":13,"gold_loss":0},{"damage_healed":0,"gold_gain":0,"player_choice":"Searched \u00271\u0027 times","damage_taken":0,"max_hp_gain":0,"max_hp_loss":0,"event_name":"Dead Adventurer","floor":14,"gold_loss":0}],"is_beta":false,"boss_relics":[],"items_purged_floors":[],"is_endless":false,"potions_floor_spawned":[1,3,14],"killed_by":"Slime Boss","ascension_level":11}