{"path_per_floor":["M","?","M","M","$","R","M","M","T","?","M","M","$","M","R","B",null,"M","?","?","$","?","E","M","M","T","R","M","M","R","M","R","B",null,"M","M","?","$","?","R","?","T","T","$","M","?","R","M","R","B"],"character_chosen":"THE_SILENT","items_purchased":["Noxious Fumes","Noxious Fumes","Catalyst","Cloak And Dagger","Well Laid Plans","Footwork","Singing Bowl","Apotheosis","Pantograph"],"gold_per_floor":[113,113,129,149,113,113,128,146,225,225,236,247,66,79,79,180,180,190,190,240,205,205,233,245,257,257,257,276,287,287,300,300,396,426,446,465,465,187,187,187,187,236,536,51,66,66,66,80,80,80],"floor_reached":51,"campfire_rested":6,"playtime":4051,"current_hp_per_floor":[42,25,25,25,25,50,50,49,49,49,49,44,44,34,59,35,84,84,84,84,84,84,50,42,13,13,38,33,33,58,27,52,17,89,80,62,62,62,84,84,84,84,84,84,86,86,86,86,93,35],"items_purged":["Defend_G","Writhe"],"gold":80,"score":711,"play_id":"a31cc695-2fbe-48a4-b6d8-fb25a52bce96","local_time":"20180310030855","is_prod":false,"is_daily":false,"is_ascension_mode":false,"campfire_upgraded":2,"timestamp":1520672935,"path_taken":["M","?","M","?","$","R","M","M","T","?","?","M","$","M","R","BOSS","M","?","?","$","?","E","M","?","T","R","?","M","R","M","R","BOSS","M","M","?","?","?","R","?","?","T","$","M","?","R","M","R","BOSS"],"build_version":"2018-03-09","purchased_purges":5,"victory":true,"master_deck":["Defend_G+1","Defend_G","Defend_G","Defend_G","Strike_G","Strike_G","Strike_G","Strike_G+1","Survivor","Neutralize","Dagger Throw","Escape Plan","Noxious Fumes","Footwork+1","Prepared","Deadly Poison","Noxious Fumes","Catalyst","Cloak And Dagger","Die Die Die","Catalyst","Well Laid Plans","Deadly Poison+1","Cloak And Dagger+1","Catalyst","Footwork","Cloak And Dagger+1","Leg Sweep","Footwork","Apotheosis+1"],"max_hp_per_floor":[84,84,84,84,84,84,84,84,84,84,84,84,84,84,84,84,84,84,84,84,84,84,84,84,84,84,84,84,84,84,84,84,84,89,89,89,89,89,89,89,89,89,89,89,91,91,91,93,93,93],"relics":["Ring of the Snake","Smiling Mask","Sozu","Orichalcum","Centennial Puzzle","Tiny House","Singing Bowl","Juzu Bracelet","Old Coin","Pantograph"],"card_choices":[{"not_picked":["Poisoned Stab","Deflect"],"picked":"Dagger Throw"},{"not_picked":["Flechettes","Malaise"],"picked":"Escape Plan"},{"not_picked":["Corpse Explosion","Expertise"],"picked":"Footwork"},{"not_picked":["Deflect","Dagger Spray"],"picked":"Prepared"},{"not_picked":["Dodge and Roll","Acrobatics"],"picked":"Deadly Poison"},{"not_picked":["Burst","A Thousand Cuts"],"picked":"Die Die Die"},{"not_picked":["Flechettes","Deflect"],"picked":"Deadly Poison"},{"not_picked":["Slice","Outmaneuver"],"picked":"Cloak And Dagger"},{"not_picked":["Deflect","Sucker Punch"],"picked":"Catalyst"},{"not_picked":["Backflip","PiercingWail"],"picked":"Footwork"},{"not_picked":["Distraction","Acrobatics"],"picked":"Cloak And Dagger"},{"not_picked":["Terror","PiercingWail"],"picked":"Leg Sweep"}],"player_experience":115589,"potions_floor_usage":[14,29],"damage_taken":[{"damage":0,"enemies":"Jaw Worm","floor":1,"turns":4},{"damage":0,"enemies":"Small Slimes","floor":3,"turns":3},{"damage":0,"enemies":"Cultist","floor":4,"turns":3},{"damage":0,"enemies":"Blue Slaver","floor":7,"turns":5},{"damage":1,"enemies":"Lots of Slimes","floor":8,"turns":5},{"damage":0,"enemies":"3 Louse","floor":11,"turns":5},{"damage":5,"enemies":"Exordium Thugs","floor":12,"turns":6},{"damage":10,"enemies":"Exordium Wildlife","floor":14,"turns":6},{"damage":24,"enemies":"Hexaghost","floor":16,"turns":9},{"damage":0,"enemies":"Chosen","floor":18,"turns":6},{"damage":34,"enemies":"Book of Stabbing","floor":23,"turns":6},{"damage":8,"enemies":"Spheric Guardian","floor":24,"turns":4},{"damage":29,"enemies":"3 Cultists","floor":25,"turns":5},{"damage":5,"enemies":"Snake Plant","floor":28,"turns":4},{"damage":0,"enemies":"Snecko","floor":29,"turns":4},{"damage":31,"enemies":"Chosen and Byrds","floor":31,"turns":5},{"damage":35,"enemies":"Champ","floor":33,"turns":9},{"damage":9,"enemies":"Orb Walker","floor":35,"turns":3},{"damage":18,"enemies":"3 Shapes","floor":36,"turns":6},{"damage":0,"enemies":"Maw","floor":45,"turns":4},{"damage":2,"enemies":"3 Darklings","floor":48,"turns":4},{"damage":58,"enemies":"Donu and Deca","floor":50,"turns":10}],"event_choices":[{"event_name":"Shining Light","player_choice":"Entered Light","floor":2,"damage_taken":0},{"event_name":"Purifier","player_choice":"One Purge","floor":10,"damage_taken":0},{"event_name":"The Library","player_choice":"Read","floor":19,"damage_taken":0},{"event_name":"The Joust","player_choice":"Bet on Murderer","floor":20,"damage_taken":0},{"event_name":"The Lab","player_choice":"Got Potions","floor":22,"damage_taken":0},{"event_name":"Tomb of Lord Red Mask","player_choice":"Ignored","floor":37,"damage_taken":0},{"event_name":"Winding Halls","player_choice":"Writhe","floor":39,"damage_taken":0},{"event_name":"Mysterious Sphere","player_choice":"Ignore","floor":41,"damage_taken":0},{"event_name":"Transmorgrifier","player_choice":"Skipped","floor":46,"damage_taken":0}],"boss_relics":[{"not_picked":["Runic Dome","Runic Pyramid"],"picked":"Sozu"},{"not_picked":["Philosopher\u0027s Stone","Velvet Choker"],"picked":"Tiny House"}],"potions_floor_spawned":[3,8,14,16,18,25,28,31,45],"seed_played":"-1346270360571253728","ascension_level":0,"is_trial":false}