{"gold_per_floor":[113,130,148,148,148,148,158,176,222,234,259,276,307,48,48,143,143,155,55,65,81,81,81,92,92,117,117,135,0,32,45,45,149,149,167,185,185,165,40,40,40],"floor_reached":41,"playtime":3158,"items_purged":["Strike_B","Strike_B","Consume"],"score":425,"play_id":"fab3bee4-c444-4ff6-a3f0-bd5919dc7baa","local_time":"20180921193703","is_ascension_mode":false,"campfire_choices":[{"data":"Undo","floor":6,"key":"SMITH"},{"floor":15,"key":"REST"},{"data":"Apotheosis","floor":23,"key":"SMITH"},{"data":"Defragment","floor":25,"key":"SMITH"},{"data":"Buffer","floor":27,"key":"SMITH"},{"floor":32,"key":"REST"},{"floor":40,"key":"REST"}],"neow_cost":"","seed_source_timestamp":176876216359986,"circlet_count":0,"master_deck":["Strike_B","Strike_B","Defend_B","Defend_B","Defend_B","Defend_B","Zap","Dualcast","Sunder","Undo+1","Streamline","Leap","Apotheosis+1","Buffer+1","Defragment+1","Auto Shields","Reinforced Body+1","Ball Lightning","Creative AI","Madness","Madness"],"relics":["FrozenCore","Sundial","Lantern","Bronze Scales","Omamori","Happy Flower","Pen Nib","Fusion Hammer"],"potions_floor_usage":[11,21,33,33],"damage_taken":[{"damage":1,"enemies":"Jaw Worm","floor":1,"turns":4},{"damage":0,"enemies":"2 Louse","floor":2,"turns":2},{"damage":1,"enemies":"Cultist","floor":3,"turns":3},{"damage":0,"enemies":"2 Fungi Beasts","floor":7,"turns":3},{"damage":0,"enemies":"Large Slime","floor":8,"turns":3},{"damage":10,"enemies":"Looter","floor":10,"turns":3},{"damage":14,"enemies":"Gremlin Nob","floor":11,"turns":3},{"damage":0,"enemies":"Exordium Thugs","floor":12,"turns":3},{"damage":13,"enemies":"3 Sentries","floor":13,"turns":7},{"damage":32,"enemies":"Hexaghost","floor":16,"turns":9},{"damage":3,"enemies":"Chosen","floor":18,"turns":7},{"damage":0,"enemies":"3 Byrds","floor":20,"turns":3},{"damage":0,"enemies":"Cultist and Chosen","floor":21,"turns":8},{"damage":0,"enemies":"Snecko","floor":24,"turns":7},{"damage":2,"enemies":"3 Cultists","floor":28,"turns":6},{"damage":4,"enemies":"Book of Stabbing","floor":30,"turns":7},{"damage":6,"enemies":"Cultist and Chosen","floor":31,"turns":10},{"damage":5,"enemies":"Collector","floor":33,"turns":17},{"damage":0,"enemies":"3 Shapes","floor":35,"turns":6},{"damage":2,"enemies":"3 Darklings","floor":36,"turns":7},{"damage":84,"enemies":"2 Orb Walkers","floor":41,"turns":5}],"seed_played":"-7191321824418164200","potions_obtained":[{"floor":1,"key":"Dexterity Potion"},{"floor":2,"key":"SteroidPotion"},{"floor":3,"key":"Swift Potion"},{"floor":11,"key":"SpeedPotion"},{"floor":24,"key":"FearPotion"},{"floor":35,"key":"GamblersBrew"}],"is_trial":false,"path_per_floor":["M","M","M","?","?","R","M","M","T","M","E","M","E","$","R","B",null,"M","$","M","M","?","R","M","R","T","R","M","?","E","M","R","B",null,"M","M","?","?","$","R"],"character_chosen":"DEFECT","items_purchased":["Apotheosis"],"campfire_rested":3,"item_purchase_floors":[14],"current_hp_per_floor":[74,74,73,66,71,71,71,71,71,61,47,47,34,34,58,26,80,77,77,77,77,77,77,77,77,77,77,75,75,71,65,80,75,80,80,78,68,68,68,80,0],"gold":40,"neow_bonus":"","is_prod":false,"is_daily":false,"chose_seed":false,"campfire_upgraded":4,"win_rate":0.0,"timestamp":1537576623,"path_taken":["M","M","M","?","?","R","M","?","T","M","E","?","E","$","R","BOSS","M","$","M","M","?","R","?","R","T","R","M","?","E","M","R","BOSS","M","M","?","?","$","R","E"],"build_version":"2018-09-20","purchased_purges":3,"victory":false,"max_hp_per_floor":[75,75,75,75,80,80,80,80,80,80,80,80,80,80,80,80,80,80,80,80,80,80,80,80,80,80,80,80,80,80,80,80,80,80,80,80,80,80,80,80,80],"card_choices":[{"not_picked":["Recycle","Coolheaded"],"picked":"Sunder","floor":1},{"not_picked":["Cold Snap","Rebound"],"picked":"Undo","floor":2},{"not_picked":["Melter","Self Repair"],"picked":"Streamline","floor":3},{"not_picked":["Tempest","Darkness","Cold Snap"],"picked":"SKIP","floor":7},{"not_picked":["Melter","Rebound"],"picked":"Leap","floor":8},{"not_picked":["Compile Driver","Skim","Rebound"],"picked":"SKIP","floor":10},{"not_picked":["Reboot","Hologram","Steam"],"picked":"SKIP","floor":11},{"not_picked":["Storm","Streamline"],"picked":"Consume","floor":12},{"not_picked":["Cold Snap","Hyperbeam","Sweeping Beam"],"picked":"SKIP","floor":13},{"not_picked":["Multi-Cast","All For One"],"picked":"Buffer","floor":16},{"not_picked":["Beam Cell+1","Loop"],"picked":"Defragment","floor":18},{"not_picked":["Hologram","Aggregate"],"picked":"Auto Shields","floor":20},{"not_picked":["Barrage","Steam Power"],"picked":"Reinforced Body+1","floor":21},{"not_picked":["Gash","Rebound","Genetic Algorithm+1"],"picked":"SKIP","floor":24},{"not_picked":["Steam Power","Tempest","Storm"],"picked":"SKIP","floor":28},{"not_picked":["Melter","Auto Shields","Genetic Algorithm"],"picked":"SKIP","floor":30},{"not_picked":["Cold Snap","Leap"],"picked":"Ball Lightning","floor":31},{"not_picked":["Buffer","All For One"],"picked":"Creative AI","floor":33},{"not_picked":["Cold Snap","Rebound","Sweeping Beam"],"picked":"SKIP","floor":35},{"not_picked":["Turbo+1","Steam","Go for the Eyes"],"picked":"SKIP","floor":36}],"player_experience":323588,"relics_obtained":[{"floor":9,"key":"Lantern"},{"floor":11,"key":"Bronze Scales"},{"floor":13,"key":"Omamori"},{"floor":26,"key":"Happy Flower"},{"floor":30,"key":"Pen Nib"}],"event_choices":[{"event_name":"Scrap Ooze","player_choice":"success","floor":4,"damage_taken":7},{"event_name":"Big Fish","player_choice":"Donut","floor":5,"damage_taken":0},{"event_name":"Ghosts","player_choice":"Ignored","floor":22,"damage_taken":0},{"event_name":"Masked Bandits","player_choice":"Paid Fearfully","floor":29,"damage_taken":0},{"event_name":"Winding Halls","player_choice":"Embrace Madness","floor":37,"damage_taken":0},{"event_name":"The Woman in Blue","player_choice":"Bought 1 Potion","floor":38,"damage_taken":0}],"is_beta":false,"boss_relics":[{"not_picked":["Philosopher\u0027s Stone","Tiny House"],"picked":"FrozenCore"},{"not_picked":["Empty Cage","Black Star"],"picked":"Fusion Hammer"}],"items_purged_floors":[14,19,39],"is_endless":false,"potions_floor_spawned":[1,2,3,11,12,20,24,28,35],"killed_by":"2 Orb Walkers","ascension_level":0}