{"path_per_floor":["M","M","?","M","?","R","?","R","T","M","M","M","R","M","R","B",null,"M","$","?","$","M"],"character_chosen":"THE_SILENT","items_purchased":["Noxious Fumes","Acrobatics","Bouncing Flask"],"gold_per_floor":[118,128,128,139,119,119,119,119,119,138,150,168,168,188,188,287,287,261,194,194,72,88],"floor_reached":23,"campfire_rested":1,"playtime":2728,"current_hp_per_floor":[74,74,87,87,87,87,92,92,92,68,68,68,92,92,92,53,92,84,84,84,84,43],"items_purged":[],"gold":88,"score":208,"play_id":"44838b90-4b80-4fa7-bd5c-c38ddc173ea0","local_time":"20180303030337","is_prod":false,"is_daily":false,"is_ascension_mode":false,"campfire_upgraded":3,"timestamp":1520067817,"path_taken":["M","M","?","M","?","R","?","R","T","M","?","M","R","?","R","BOSS","M","$","?","?","M","E"],"build_version":"2018-03-01-PROD1","purchased_purges":1,"victory":false,"master_deck":["Defend_G","Defend_G","Defend_G","Defend_G","Defend_G","Strike_G","Strike_G","Strike_G","Strike_G","Strike_G","Survivor+1","Neutralize","Slice+1","Masterful Stab","Escape Plan","Deadly Poison+1","Underhanded Strike","Outmaneuver","Envenom","Deadly Poison+1","Noxious Fumes","Acrobatics","Bouncing Flask","Bane"],"max_hp_per_floor":[77,77,87,87,87,87,92,92,92,92,92,92,92,92,92,92,92,92,92,92,92,92],"relics":["Ring of the Snake","Tingsha","The Specimen"],"card_choices":[{"not_picked":["Prepared","Acrobatics"],"picked":"Slice"},{"not_picked":["Dagger Spray","Quick Slash"],"picked":"After Image"},{"not_picked":["Underhanded Strike","Dodge and Roll"],"picked":"Masterful Stab"},{"not_picked":["Backflip","Prepared"],"picked":"Escape Plan"},{"not_picked":["Prepared","A Thousand Cuts"],"picked":"Deadly Poison"},{"not_picked":["Predator","PiercingWail"],"picked":"Underhanded Strike"},{"not_picked":["Distraction","Dagger Throw"],"picked":"Outmaneuver"},{"not_picked":["Wraith Form","Tactician"],"picked":"Envenom"},{"not_picked":["Prepared","Dagger Throw"],"picked":"Deadly Poison"},{"not_picked":["Outmaneuver","Poisoned Stab"],"picked":"Bane"}],"player_experience":15296,"potions_floor_usage":[14,16,16,16,18],"damage_taken":[{"damage":3,"enemies":"Jaw Worm","floor":1,"turns":8},{"damage":0,"enemies":"Cultist","floor":2,"turns":3},{"damage":0,"enemies":"2 Louse","floor":4,"turns":3},{"damage":24,"enemies":"Gremlin Gang","floor":10,"turns":7},{"damage":0,"enemies":"2 Fungi Beasts","floor":11,"turns":3},{"damage":0,"enemies":"Blue Slaver","floor":12,"turns":4},{"damage":0,"enemies":"Large Slime","floor":14,"turns":5},{"damage":39,"enemies":"Slime Boss","floor":16,"turns":18},{"damage":8,"enemies":"2 Thieves","floor":18,"turns":5},{"damage":41,"enemies":"3 Byrds","floor":22,"turns":5},{"damage":52,"enemies":"Gremlin Leader","floor":23,"turns":5}],"event_choices":[{"event_name":"Bonfire Elementals","player_choice":"RARE","floor":3,"damage_taken":0},{"event_name":"The Woman in Blue","player_choice":"Bought 1 Potion","floor":5,"damage_taken":0},{"event_name":"Big Fish","player_choice":"Donut","floor":7,"damage_taken":0},{"event_name":"Vampires","player_choice":"Ignored","floor":20,"damage_taken":0}],"boss_relics":[{"not_picked":["Sozu","Lizard Tail"],"picked":"The Specimen"}],"potions_floor_spawned":[10,12,14,16],"seed_played":"5847829509187691481","killed_by":"Gremlin Leader","ascension_level":0,"is_trial":false}