{"gold_per_floor":[10,10,10,10,33,33,72,87,87,103,68,81,81,97,97,225,225,246,235,235,150,165,165],"floor_reached":23,"playtime":1723,"items_purged":[],"score":280,"play_id":"a7f6d192-c150-4ef5-82b2-e85aa2f13f8f","local_time":"20191010233553","is_ascension_mode":true,"campfire_choices":[{"data":"Leg Sweep","floor":6,"key":"SMITH"},{"data":"Storm of Steel","floor":15,"key":"SMITH"}],"neow_cost":"NO_GOLD","seed_source_timestamp":72265802830700,"circlet_count":0,"master_deck":["Strike_G+1","Strike_G+1","Strike_G+1","Strike_G+1","Strike_G+1","Defend_G+1","Defend_G+1","Defend_G+1","Defend_G+1","Defend_G+1","Survivor","Neutralize+1","Backflip","Leg Sweep+1","Infinite Blades","Storm of Steel+1","Blade Dance","Cloak And Dagger","Doppelganger","Well Laid Plans","Deflect","Quick Slash+1"],"relics":["Ring of the Snake","Mango","Golden Idol","StoneCalendar","Molten Egg 2","Eternal Feather","Oddly Smooth Stone"],"potions_floor_usage":[7,12,16,18],"damage_taken":[{"damage":6,"enemies":"Jaw Worm","floor":1,"turns":7},{"damage":2,"enemies":"2 Louse","floor":5,"turns":3},{"damage":33,"enemies":"Gremlin Nob","floor":7,"turns":6},{"damage":0,"enemies":"Small Slimes","floor":8,"turns":5},{"damage":3,"enemies":"Looter","floor":10,"turns":4},{"damage":0,"enemies":"Large Slime","floor":12,"turns":6},{"damage":1,"enemies":"2 Fungi Beasts","floor":14,"turns":5},{"damage":15,"enemies":"Slime Boss","floor":16,"turns":8},{"damage":2,"enemies":"Chosen","floor":18,"turns":6},{"damage":20,"enemies":"2 Thieves","floor":19,"turns":4},{"damage":6,"enemies":"Cultist and Chosen","floor":22,"turns":7},{"damage":38,"enemies":"Slavers","floor":23,"turns":6}],"seed_played":"-2791963288950226875","potions_obtained":[{"floor":1,"key":"Explosive Potion"},{"floor":7,"key":"AttackPotion"},{"floor":8,"key":"SteroidPotion"},{"floor":10,"key":"Weak Potion"},{"floor":22,"key":"Ancient Potion"}],"is_trial":false,"path_per_floor":["M","?","$","?","M","R","E","M","T","M","?","M","?","M","R","B",null,"M","M","?","?","M","E"],"character_chosen":"THE_SILENT","items_purchased":[],"campfire_rested":0,"item_purchase_floors":[],"current_hp_per_floor":[71,71,71,71,69,69,36,36,36,33,52,52,36,35,35,20,64,62,42,42,42,36,0],"gold":165,"neow_bonus":"ONE_RARE_RELIC","is_prod":false,"is_daily":false,"chose_seed":false,"campfire_upgraded":2,"win_rate":0,"timestamp":1570768553,"path_taken":["M","?","$","?","M","R","E","M","T","M","?","M","?","M","R","BOSS","M","M","?","?","M","E"],"build_version":"2019-07-17","purchased_purges":0,"victory":false,"max_hp_per_floor":[84,78,78,78,78,78,78,78,78,78,78,78,78,78,78,78,78,78,78,78,78,78,78],"card_choices":[{"not_picked":["Setup","Catalyst"],"picked":"Backflip","floor":1},{"not_picked":["Poisoned Stab","Finisher"],"picked":"Leg Sweep","floor":5},{"not_picked":["Flying Knee","Heel Hook"],"picked":"Infinite Blades","floor":7},{"not_picked":["Quick Slash","Dagger Spray"],"picked":"Storm of Steel","floor":8},{"not_picked":["Deadly Poison","All Out Attack+1","Distraction"],"picked":"SKIP","floor":10},{"not_picked":["Well Laid Plans","Backflip"],"picked":"Blade Dance","floor":12},{"not_picked":["Endless Agony+1","Predator+1"],"picked":"Cloak And Dagger","floor":14},{"not_picked":["Corpse Explosion","Tools of the Trade"],"picked":"Doppelganger","floor":16},{"not_picked":["Backflip","Prepared+1"],"picked":"Well Laid Plans","floor":18},{"not_picked":["Prepared","Crippling Poison+1"],"picked":"Deflect","floor":19},{"not_picked":["Deflect+1","Setup+1"],"picked":"Quick Slash+1","floor":22}],"player_experience":821507,"relics_obtained":[{"floor":7,"key":"StoneCalendar"},{"floor":9,"key":"Molten Egg 2"}],"event_choices":[{"damage_healed":0,"gold_gain":0,"player_choice":"Lose Max HP","damage_taken":0,"relics_obtained":["Golden Idol"],"max_hp_gain":0,"max_hp_loss":6,"event_name":"Golden Idol","floor":2,"gold_loss":0},{"damage_healed":0,"gold_gain":0,"player_choice":"Ignored","damage_taken":0,"max_hp_gain":0,"max_hp_loss":0,"event_name":"Liars Game","floor":4,"gold_loss":0},{"damage_healed":19,"gold_gain":0,"player_choice":"Healed","damage_taken":0,"max_hp_gain":0,"max_hp_loss":0,"event_name":"The Cleric","floor":11,"gold_loss":35},{"damage_healed":0,"gold_gain":0,"player_choice":"Entered Light","damage_taken":16,"max_hp_gain":0,"max_hp_loss":0,"event_name":"Shining Light","floor":13,"gold_loss":0,"cards_upgraded":["Defend_G","Neutralize"]},{"damage_healed":0,"gold_gain":0,"player_choice":"Simplicity","damage_taken":0,"max_hp_gain":0,"max_hp_loss":0,"event_name":"Back to Basics","floor":20,"gold_loss":0,"cards_upgraded":["Strike_G","Strike_G","Strike_G","Strike_G","Strike_G","Defend_G","Defend_G","Defend_G","Defend_G"]},{"damage_healed":0,"gold_gain":0,"player_choice":"Obtained Relic","damage_taken":0,"relics_obtained":["Oddly Smooth Stone"],"max_hp_gain":0,"max_hp_loss":0,"event_name":"Addict","floor":21,"gold_loss":85}],"is_beta":false,"boss_relics":[{"not_picked":["Snecko Eye","Busted Crown"],"picked":"Eternal Feather"}],"items_purged_floors":[],"is_endless":false,"potions_floor_spawned":[1,7,8,10,22],"killed_by":"Slavers","ascension_level":9}