{"gold_per_floor":[11,29,46,62,62,62,89,89,169,45,61,79,25,35,35,131,131,145,116,116,116],"floor_reached":21,"playtime":1568,"items_purged":[],"score":284,"play_id":"9fee5a76-f0f8-4c14-83fe-90f602156fe8","local_time":"20191028214642","is_ascension_mode":true,"campfire_choices":[{"data":"Dodge and Roll","floor":6,"key":"SMITH"},{"floor":15,"key":"REST"}],"neow_cost":"NO_GOLD","seed_source_timestamp":21760611241100,"circlet_count":0,"master_deck":["AscendersBane","Strike_G","Strike_G","Strike_G","Defend_G","Defend_G","Defend_G","Survivor","Neutralize","Poisoned Stab","Quick Slash","Footwork","Dodge and Roll+1","Deadly Poison","Sucker Punch","Malaise","Catalyst","Leg Sweep","Cloak And Dagger","Blade Dance+1","Storm of Steel","Concentrate+1","Underhanded Strike+1","Storm of Steel+1","Acrobatics","Well Laid Plans+1"],"relics":["Ring of the Snake","Calipers","StoneCalendar","The Specimen","Shuriken","Astrolabe"],"potions_floor_usage":[4],"damage_taken":[{"damage":4,"enemies":"Cultist","floor":1,"turns":6},{"damage":3,"enemies":"Small Slimes","floor":2,"turns":4},{"damage":0,"enemies":"2 Louse","floor":3,"turns":3},{"damage":2,"enemies":"Exordium Wildlife","floor":4,"turns":4},{"damage":13,"enemies":"3 Sentries","floor":7,"turns":7},{"damage":3,"enemies":"Looter","floor":11,"turns":4},{"damage":6,"enemies":"3 Louse","floor":12,"turns":5},{"damage":5,"enemies":"Large Slime","floor":14,"turns":7},{"damage":11,"enemies":"The Guardian","floor":16,"turns":13},{"damage":29,"enemies":"Spheric Guardian","floor":18,"turns":5},{"damage":23,"enemies":"2 Thieves","floor":19,"turns":5},{"damage":31,"enemies":"Snecko","floor":21,"turns":3}],"seed_played":"3011646250291146937","potions_obtained":[{"floor":2,"key":"SkillPotion"},{"floor":7,"key":"FairyPotion"},{"floor":11,"key":"SteroidPotion"}],"is_trial":false,"path_per_floor":["M","M","M","M","T","R","E","?","T","$","M","M","$","M","R","B",null,"M","M","?","M"],"character_chosen":"THE_SILENT","items_purchased":["Sucker Punch","Malaise","Cloak And Dagger"],"campfire_rested":1,"item_purchase_floors":[10,10,13],"current_hp_per_floor":[59,56,56,54,54,54,41,41,41,41,38,32,32,27,48,37,62,33,10,10,0],"gold":116,"neow_bonus":"ONE_RARE_RELIC","is_prod":false,"is_daily":false,"chose_seed":false,"campfire_upgraded":1,"win_rate":0,"timestamp":1572317202,"path_taken":["M","M","M","M","?","R","E","?","T","$","M","M","$","M","R","BOSS","M","M","?","?"],"build_version":"2019-07-17","purchased_purges":0,"victory":false,"max_hp_per_floor":[70,70,70,70,70,70,70,70,70,70,70,70,70,70,70,70,70,70,70,70,70],"card_choices":[{"not_picked":["Accuracy","Bane"],"picked":"Poisoned Stab","floor":1},{"not_picked":["Grand Finale","Poisoned Stab"],"picked":"Quick Slash","floor":2},{"not_picked":["Outmaneuver","Finisher"],"picked":"Footwork","floor":3},{"not_picked":["Blur","Outmaneuver"],"picked":"Dodge and Roll","floor":4},{"not_picked":["Infinite Blades","Bane"],"picked":"Deadly Poison","floor":7},{"not_picked":["Skewer","Setup"],"picked":"Catalyst","floor":11},{"not_picked":["Prepared","Catalyst"],"picked":"Leg Sweep","floor":12},{"not_picked":["Choke","Concentrate"],"picked":"Blade Dance","floor":14},{"not_picked":["Unload","Wraith Form v2"],"picked":"Storm of Steel","floor":16},{"not_picked":["Skewer+1","Underhanded Strike"],"picked":"Acrobatics","floor":18},{"not_picked":["Dagger Spray","Slice"],"picked":"Well Laid Plans+1","floor":19}],"player_experience":943325,"relics_obtained":[{"floor":5,"key":"StoneCalendar"},{"floor":7,"key":"The Specimen"},{"floor":9,"key":"Shuriken"}],"event_choices":[{"cards_removed":["Strike_G"],"damage_healed":0,"gold_gain":0,"player_choice":"Offered Basic","damage_taken":0,"max_hp_gain":0,"max_hp_loss":0,"event_name":"Bonfire Elementals","floor":8,"gold_loss":0},{"damage_healed":0,"gold_gain":0,"player_choice":"Upgraded","damage_taken":0,"max_hp_gain":0,"max_hp_loss":0,"event_name":"Upgrade Shrine","floor":20,"gold_loss":0,"cards_upgraded":["Blade Dance"]}],"is_beta":false,"boss_relics":[{"not_picked":["Pandora\u0027s Box","Empty Cage"],"picked":"Astrolabe"}],"items_purged_floors":[],"is_endless":false,"potions_floor_spawned":[2,7,11,16,18],"killed_by":"Snecko","ascension_level":11}