{"gold_per_floor":[116,116,66,66,81,81,114,114,114,147,147,159,29,44,44,149,149,159,159,177,190,206,206,216,216,216,242,255,265,275,275,275,375,375,388,388,488,488,504,504,504],"floor_reached":41,"playtime":2724,"items_purged":[],"score":675,"play_id":"a5cda07e-bcb7-4101-903d-4aef0153e170","local_time":"20191011175748","is_ascension_mode":true,"campfire_choices":[{"data":"Twin Strike","floor":6,"key":"SMITH"},{"data":"Carnage","floor":8,"key":"SMITH"},{"data":"Inflame","floor":11,"key":"SMITH"},{"data":"True Grit","floor":15,"key":"SMITH"},{"data":"Rage","floor":23,"key":"SMITH"},{"data":"Berserk","floor":25,"key":"SMITH"},{"floor":32,"key":"REST"},{"data":"Limit Break","floor":40,"key":"SMITH"}],"neow_cost":"NONE","seed_source_timestamp":137375205081400,"circlet_count":0,"master_deck":["AscendersBane","Strike_R","Strike_R","Strike_R","Strike_R+1","Strike_R","Defend_R","Defend_R","Defend_R","Defend_R","Bash+1","Sword Boomerang+1","Twin Strike+1","Carnage+1","Inflame+1","True Grit+1","Finesse","Warcry","Berserk+1","Rampage","Rage+1","Havoc+1","Metallicize","Sword Boomerang+1","Inflame","Pummel+1","Ghostly Armor","Limit Break+1","Body Slam","Perfected Strike+1","Battle Trance"],"relics":["Burning Blood","Gambling Chip","FossilizedHelix","Self Forming Clay","Anchor","Philosopher\u0027s Stone","Ornamental Fan","Pantograph","Sundial","Busted Crown","Champion Belt","SsserpentHead"],"potions_floor_usage":[18,19,21,24,27,27,28,29,33,36],"damage_taken":[{"damage":2,"enemies":"2 Louse","floor":1,"turns":4},{"damage":5,"enemies":"Small Slimes","floor":5,"turns":3},{"damage":30,"enemies":"Lagavulin","floor":7,"turns":4},{"damage":0,"enemies":"Gremlin Nob","floor":10,"turns":3},{"damage":0,"enemies":"Jaw Worm","floor":12,"turns":2},{"damage":0,"enemies":"Looter","floor":14,"turns":2},{"damage":29,"enemies":"Hexaghost","floor":16,"turns":8},{"damage":0,"enemies":"2 Thieves","floor":18,"turns":4},{"damage":0,"enemies":"Spheric Guardian","floor":20,"turns":3},{"damage":12,"enemies":"3 Cultists","floor":21,"turns":5},{"damage":12,"enemies":"Sentry and Sphere","floor":22,"turns":4},{"damage":33,"enemies":"Snake Plant","floor":24,"turns":6},{"damage":57,"enemies":"Gremlin Leader","floor":27,"turns":7},{"damage":0,"enemies":"Cultist and Chosen","floor":28,"turns":6},{"damage":21,"enemies":"Shelled Parasite and Fungi","floor":29,"turns":5},{"damage":7,"enemies":"3 Cultists","floor":30,"turns":5},{"damage":51,"enemies":"Collector","floor":33,"turns":7},{"damage":28,"enemies":"3 Shapes","floor":35,"turns":4},{"damage":0,"enemies":"3 Darklings","floor":36,"turns":1},{"damage":39,"enemies":"Mind Bloom Boss Battle","floor":37,"turns":5},{"damage":0,"enemies":"4 Shapes","floor":39,"turns":4},{"damage":65,"enemies":"Giant Head","floor":41,"turns":6}],"seed_played":"5168190512060937624","potions_obtained":[{"floor":7,"key":"SteroidPotion"},{"floor":16,"key":"Poison Potion"},{"floor":19,"key":"Fruit Juice"},{"floor":19,"key":"GamblersBrew"},{"floor":19,"key":"EssenceOfSteel"},{"floor":21,"key":"GamblersBrew"},{"floor":24,"key":"Regen Potion"},{"floor":27,"key":"Regen Potion"},{"floor":30,"key":"PowerPotion"},{"floor":35,"key":"SmokeBomb"}],"is_trial":false,"path_per_floor":["M","?","?","?","M","R","E","R","T","E","R","M","$","M","R","B",null,"M","?","M","M","M","R","M","R","T","E","M","M","M","T","R","B",null,"M","M","?","?","M","R","E"],"character_chosen":"IRONCLAD","items_purchased":["True Grit","Finesse"],"campfire_rested":1,"item_purchase_floors":[13,13],"current_hp_per_floor":[76,76,76,60,61,61,37,37,37,43,43,49,49,55,55,32,68,74,79,85,79,73,73,46,46,46,10,16,10,9,9,34,14,67,45,51,43,43,49,49,0],"gold":504,"neow_bonus":"UPGRADE_CARD","is_prod":false,"is_daily":false,"chose_seed":false,"campfire_upgraded":7,"win_rate":0,"timestamp":1570834668,"path_taken":["M","?","?","?","M","R","E","R","T","E","R","M","?","M","R","BOSS","M","?","M","M","M","R","M","R","T","E","M","?","M","?","R","BOSS","M","M","?","?","M","R","E"],"build_version":"2019-07-17","purchased_purges":0,"victory":false,"max_hp_per_floor":[80,80,80,80,80,80,80,80,80,80,80,80,80,80,80,80,80,80,85,85,85,85,85,85,85,85,85,85,85,85,85,85,85,85,85,85,85,85,85,85,85],"card_choices":[{"not_picked":["Rupture","Headbutt"],"picked":"Sword Boomerang","floor":1},{"not_picked":["Perfected Strike","Searing Blow"],"picked":"Twin Strike","floor":5},{"not_picked":["Havoc","Combust"],"picked":"Carnage","floor":7},{"not_picked":["Anger","Dark Embrace"],"picked":"Inflame","floor":10},{"not_picked":["Havoc","Feel No Pain","Sentinel"],"picked":"SKIP","floor":12},{"not_picked":["Twin Strike","Cleave"],"picked":"Warcry","floor":14},{"not_picked":["Bludgeon","Feed"],"picked":"Berserk","floor":16},{"not_picked":["Thunderclap","Infernal Blade"],"picked":"Rampage","floor":18},{"not_picked":["Dropkick+1","Heavy Blade"],"picked":"Rage","floor":20},{"not_picked":["Flex","Searing Blow"],"picked":"Havoc+1","floor":21},{"not_picked":["Pommel Strike","Power Through"],"picked":"Metallicize","floor":22},{"not_picked":["Blood for Blood","Headbutt"],"picked":"Sword Boomerang+1","floor":24},{"not_picked":["Body Slam","Heavy Blade+1"],"picked":"Inflame","floor":27},{"not_picked":["Warcry+1","Cleave"],"picked":"Pummel+1","floor":28},{"not_picked":["Fire Breathing+1","Hemokinesis"],"picked":"Ghostly Armor","floor":29},{"not_picked":["Pommel Strike","Perfected Strike+1","Wild Strike"],"picked":"SKIP","floor":30},{"not_picked":["Fiend Fire","Demon Form"],"picked":"Limit Break","floor":33},{"not_picked":[],"picked":"Body Slam","floor":35},{"not_picked":[],"picked":"Perfected Strike+1","floor":37},{"not_picked":[],"picked":"Battle Trance","floor":39}],"player_experience":823230,"relics_obtained":[{"floor":7,"key":"FossilizedHelix"},{"floor":9,"key":"Self Forming Clay"},{"floor":10,"key":"Anchor"},{"floor":26,"key":"Ornamental Fan"},{"floor":27,"key":"Pantograph"},{"floor":31,"key":"Sundial"},{"floor":37,"key":"Champion Belt"}],"event_choices":[{"damage_healed":0,"gold_gain":0,"player_choice":"Box","damage_taken":0,"relics_obtained":["Gambling Chip"],"max_hp_gain":0,"max_hp_loss":0,"event_name":"Big Fish","floor":2,"gold_loss":0,"cards_obtained":["Regret"]},{"cards_removed":["Regret"],"damage_healed":0,"gold_gain":0,"player_choice":"Card Removal","damage_taken":0,"max_hp_gain":0,"max_hp_loss":0,"event_name":"The Cleric","floor":3,"gold_loss":50},{"damage_healed":0,"gold_gain":0,"player_choice":"Entered Light","damage_taken":16,"max_hp_gain":0,"max_hp_loss":0,"event_name":"Shining Light","floor":4,"gold_loss":0,"cards_upgraded":["Strike_R","Sword Boomerang"]},{"damage_healed":0,"gold_gain":0,"player_choice":"Got Potions","damage_taken":0,"max_hp_gain":0,"max_hp_loss":0,"event_name":"Lab","floor":19,"gold_loss":0},{"damage_healed":0,"gold_gain":0,"player_choice":"Fight","damage_taken":0,"max_hp_gain":0,"max_hp_loss":0,"event_name":"MindBloom","floor":37,"gold_loss":0},{"damage_healed":0,"gold_gain":0,"player_choice":"Trade","damage_taken":0,"relics_obtained":["SsserpentHead"],"max_hp_gain":0,"max_hp_loss":0,"event_name":"FaceTrader","floor":38,"gold_loss":0}],"is_beta":false,"boss_relics":[{"not_picked":["Empty Cage","Runic Pyramid"],"picked":"Philosopher\u0027s Stone"},{"not_picked":["Pandora\u0027s Box","Runic Cube"],"picked":"Busted Crown"}],"items_purged_floors":[],"is_endless":false,"potions_floor_spawned":[7,16,20,21,24,27,30,35],"killed_by":"Giant Head","ascension_level":10}