{"gold_per_floor":[115,127,127,147,168,168,203,228,252,352,392,408,103,121,121,241,241,254,8,23,23,23,23,41,60,60,60,60,75,75,94,94,213,213,236,118,143,166,93,93,20,55,55,55,68,68,111,130,130,130],"floor_reached":50,"playtime":2959,"items_purged":["Strike_R","Defend_R","Second Wind","Strike_R"],"score":812,"play_id":"9f7cefbe-89ac-4e57-b367-e5754a496e0c","local_time":"20191016201648","is_ascension_mode":true,"campfire_choices":[{"data":"Iron Wave","floor":6.0,"key":"SMITH"},{"data":"Clash","floor":15.0,"key":"SMITH"},{"data":"Twin Strike","floor":23.0,"key":"SMITH"},{"data":"Heavy Blade","floor":30,"key":"SMITH"},{"data":"Barricade","floor":32,"key":"SMITH"},{"data":"Pommel Strike","floor":40,"key":"SMITH"},{"data":"Pommel Strike","floor":44,"key":"SMITH"},{"floor":49,"key":"REST"}],"neow_cost":"NONE","seed_source_timestamp":0,"circlet_count":0,"master_deck":["AscendersBane","Strike_R","Strike_R","Strike_R","Defend_R","Defend_R","Defend_R","Bash+1","Clash+1","Clash","Iron Wave+1","Shrug It Off","Pommel Strike+1","Thunderclap","Shrug It Off","Spot Weakness+1","Twin Strike+1","Heavy Blade+1","Dropkick+1","Second Wind+1","Barricade+1","Feed","Flame Barrier","Whirlwind+1","Sentinel","Pommel Strike+1","Evolve","Bandage Up","Sword Boomerang","Iron Wave+1"],"special_seed":0,"relics":["Burning Blood","Golden Idol","Anchor","Smiling Mask","Happy Flower","Meat on the Bone","Sozu","Brimstone","CultistMask","Ginger","Centennial Puzzle","Busted Crown","Ancient Tea Set","The Courier","Bottled Lightning"],"potions_floor_usage":[50],"damage_taken":[{"damage":0.0,"enemies":"2 Louse","floor":1.0,"turns":3.0},{"damage":0.0,"enemies":"Cultist","floor":2.0,"turns":2.0},{"damage":13.0,"enemies":"Small Slimes","floor":4.0,"turns":4.0},{"damage":13.0,"enemies":"Blue Slaver","floor":5.0,"turns":3.0},{"damage":16.0,"enemies":"Gremlin Nob","floor":7.0,"turns":4.0},{"damage":13.0,"enemies":"Exordium Wildlife","floor":8.0,"turns":4.0},{"damage":15.0,"enemies":"3 Sentries","floor":11.0,"turns":9.0},{"damage":11.0,"enemies":"Large Slime","floor":12.0,"turns":5.0},{"damage":0.0,"enemies":"2 Fungi Beasts","floor":14.0,"turns":2.0},{"damage":26.0,"enemies":"The Guardian","floor":16.0,"turns":9.0},{"damage":2.0,"enemies":"Shell Parasite","floor":18.0,"turns":3.0},{"damage":8.0,"enemies":"2 Thieves","floor":20.0,"turns":3.0},{"damage":33.0,"enemies":"3 Cultists","floor":24.0,"turns":4.0},{"damage":16,"enemies":"Sentry and Sphere","floor":25,"turns":4},{"damage":0,"enemies":"Cultist and Chosen","floor":29,"turns":4},{"damage":14,"enemies":"Centurion and Healer","floor":31,"turns":3},{"damage":10,"enemies":"Champ","floor":33,"turns":6},{"damage":8,"enemies":"3 Shapes","floor":35,"turns":4},{"damage":17,"enemies":"3 Darklings","floor":37,"turns":5},{"damage":0,"enemies":"Maw","floor":38,"turns":4},{"damage":0,"enemies":"Reptomancer","floor":42,"turns":3},{"damage":0,"enemies":"Transient","floor":45,"turns":5},{"damage":42,"enemies":"Nemesis","floor":47,"turns":5},{"damage":12,"enemies":"4 Shapes","floor":48,"turns":5},{"damage":117,"enemies":"Awakened One","floor":50,"turns":6}],"seed_played":"-6219569031611460627","potions_obtained":[{"floor":1.0,"key":"Energy Potion"},{"floor":5.0,"key":"PowerPotion"},{"floor":8.0,"key":"EntropicBrew"}],"is_trial":false,"path_per_floor":["M","M","?","M","M","R","E","M","T","?","E","M","$","M","R","B",null,"M","$","M","$","?","R","M","M","T","?","T","M","R","M","R","B",null,"M","$","M","M","$","R","$","E","T","R","M","?","E","M","R","B"],"character_chosen":"IRONCLAD","items_purchased":["Meat on the Bone","Brimstone","Flame Barrier","Pommel Strike","Evolve"],"campfire_rested":1,"item_purchase_floors":[13,19,36,39,41],"current_hp_per_floor":[78,80,60,53,46,46,36,29,29,29,35,30,30,48,48,40,70,74,74,72,72,72,72,57,47,47,47,47,53,53,57,57,53,73,74,74,63,72,72,72,72,78,78,78,84,84,52,50,75,0],"gold":130,"neow_bonus":"UPGRADE_CARD","is_prod":false,"is_daily":false,"chose_seed":false,"campfire_upgraded":7,"win_rate":0,"timestamp":1571275008,"path_taken":["M","M","?","M","M","R","E","M","T","?","E","?","?","M","R","BOSS","M","$","M","?","?","R","M","?","T","?","?","M","R","M","R","BOSS","M","$","M","M","$","R","$","E","T","R","M","?","E","M","R","BOSS"],"build_version":"2019-07-17","purchased_purges":4,"victory":false,"max_hp_per_floor":[80,80,80,80,80,80,80,80,80,80,80,80,80,80,80,80,80,80,80,80,80,80,80,80,80,80,80,80,80,80,80,80,80,80,83,83,83,86,86,86,86,86,86,86,86,86,86,86,86,86],"card_choices":[{"not_picked":["Intimidate","Combust"],"picked":"Clash","floor":1.0},{"not_picked":["Fire Breathing","Thunderclap"],"picked":"Clash","floor":2.0},{"not_picked":["Dual Wield","Thunderclap","Havoc"],"picked":"SKIP","floor":4.0},{"not_picked":["Wild Strike","Thunderclap"],"picked":"Iron Wave","floor":5.0},{"not_picked":["Sword Boomerang","Flex"],"picked":"Shrug It Off","floor":7.0},{"not_picked":["Flex","Intimidate"],"picked":"Pommel Strike","floor":8.0},{"not_picked":["Sword Boomerang","Exhume"],"picked":"Thunderclap","floor":11.0},{"not_picked":["Intimidate","Uppercut"],"picked":"Shrug It Off","floor":12.0},{"not_picked":["Wild Strike","Ghostly Armor"],"picked":"Second Wind","floor":14.0},{"not_picked":["Battle Trance","Cleave"],"picked":"Spot Weakness+1","floor":18.0},{"not_picked":["Seeing Red","Intimidate"],"picked":"Twin Strike","floor":20.0},{"not_picked":["Iron Wave+1","Feel No Pain+1"],"picked":"Heavy Blade","floor":24},{"not_picked":["Inflame+1","Twin Strike"],"picked":"Dropkick+1","floor":25},{"not_picked":["Twin Strike+1","Cleave"],"picked":"Second Wind+1","floor":29},{"not_picked":["True Grit","Hemokinesis+1"],"picked":"Barricade","floor":31},{"not_picked":["Fiend Fire","Exhume"],"picked":"Feed","floor":33},{"not_picked":["Rupture+1"],"picked":"SKIP","floor":35},{"not_picked":[],"picked":"Whirlwind+1","floor":37},{"not_picked":[],"picked":"Sentinel","floor":38},{"not_picked":["Anger+1"],"picked":"SKIP","floor":42},{"not_picked":["Anger+1"],"picked":"SKIP","floor":45},{"not_picked":[],"picked":"Bandage Up","floor":46},{"not_picked":[],"picked":"Sword Boomerang","floor":47},{"not_picked":[],"picked":"Iron Wave+1","floor":48}],"player_experience":858574,"relics_obtained":[{"floor":7.0,"key":"Anchor"},{"floor":9.0,"key":"Smiling Mask"},{"floor":11.0,"key":"Happy Flower"},{"floor":26,"key":"Ginger"},{"floor":28,"key":"Centennial Puzzle"},{"floor":42,"key":"Ancient Tea Set"},{"floor":43,"key":"The Courier"},{"floor":47,"key":"Bottled Lightning"}],"event_choices":[{"damage_healed":0.0,"max_hp_gain":0.0,"max_hp_loss":0.0,"gold_gain":0.0,"event_name":"Golden Idol","player_choice":"Take Damage","floor":3.0,"gold_loss":0.0,"damage_taken":20.0,"relics_obtained":["Golden Idol"]},{"damage_healed":0.0,"max_hp_gain":0.0,"max_hp_loss":0.0,"gold_gain":100.0,"event_name":"Wheel of Change","player_choice":"Gold","floor":10.0,"gold_loss":0.0,"damage_taken":0.0},{"damage_healed":0.0,"max_hp_gain":0.0,"max_hp_loss":0.0,"gold_gain":0.0,"event_name":"FaceTrader","player_choice":"Trade","floor":22.0,"gold_loss":0.0,"damage_taken":0.0,"relics_obtained":["CultistMask"]},{"damage_healed":0,"gold_gain":0,"player_choice":"Ignored","damage_taken":0,"max_hp_gain":0,"max_hp_loss":0,"event_name":"Cursed Tome","floor":27,"gold_loss":0},{"damage_healed":0,"gold_gain":0,"player_choice":"Memory 1","damage_taken":0,"max_hp_gain":0,"max_hp_loss":0,"event_name":"SensoryStone","floor":46,"gold_loss":0}],"is_beta":false,"boss_relics":[{"not_picked":["Black Blood","Empty Cage"],"picked":"Sozu"},{"not_picked":["Astrolabe","Philosopher\u0027s Stone"],"picked":"Busted Crown"}],"items_purged_floors":[13,19,36,39],"is_endless":false,"potions_floor_spawned":[1,5,8,24,25,29,38,42],"killed_by":"Awakened One","ascension_level":10}