{"gold_per_floor":[417,592,612,134,154,182,182,182,182,196,196,222,222,241,241,338,338,349,367,367,367,72,72,87,87],"floor_reached":25,"playtime":1416,"items_purged":["Doubt","Decay"],"score":285,"play_id":"73766dcb-470c-47b0-a541-9631168e7eee","local_time":"20190213232559","is_ascension_mode":true,"campfire_choices":[{"data":"Mayhem","floor":7,"key":"SMITH"},{"data":"Rip and Tear","floor":11,"key":"SMITH"},{"floor":15,"key":"REST"},{"floor":23,"key":"REST"}],"neow_cost":"TEN_PERCENT_HP_LOSS","seed_source_timestamp":164279498136692,"circlet_count":0,"master_deck":["Strike_B","Strike_B","Strike_B","Strike_B","Defend_B","Defend_B","Defend_B","Defend_B","Zap","Dualcast","Hologram","Sweeping Beam","Mayhem+1","Rip and Tear+1","Cold Snap","Cold Snap","Gash","Creative AI","Reprogram+1","Auto Shields+1","Apotheosis"],"relics":["Cracked Core","Old Coin","Vajra","Dodecahedron","Regal Pillow","Blood Vial","Inserter"],"potions_floor_usage":[6,6,12,18],"damage_taken":[{"damage":2,"enemies":"2 Louse","floor":1,"turns":2},{"damage":6,"enemies":"Small Slimes","floor":3,"turns":3},{"damage":7,"enemies":"Jaw Worm","floor":5,"turns":3},{"damage":14,"enemies":"Gremlin Nob","floor":6,"turns":3},{"damage":3,"enemies":"3 Louse","floor":10,"turns":3},{"damage":11,"enemies":"3 Sentries","floor":12,"turns":6},{"damage":9,"enemies":"2 Fungi Beasts","floor":14,"turns":2},{"damage":23,"enemies":"The Guardian","floor":16,"turns":12},{"damage":26,"enemies":"2 Thieves","floor":18,"turns":4},{"damage":19,"enemies":"Spheric Guardian","floor":19,"turns":4},{"damage":45,"enemies":"Centurion and Healer","floor":24,"turns":10},{"damage":14,"enemies":"Gremlin Leader","floor":25,"turns":1}],"seed_played":"3701186558975856953","potions_obtained":[{"floor":3,"key":"AttackPotion"},{"floor":5,"key":"Energy Potion"},{"floor":10,"key":"AttackPotion"},{"floor":14,"key":"PowerPotion"},{"floor":16,"key":"FearPotion"},{"floor":19,"key":"FearPotion"}],"is_trial":false,"path_per_floor":["M","?","M","$","M","E","R","?","T","M","R","E","?","M","R","B",null,"M","M","?","?","$","R","M","E"],"character_chosen":"DEFECT","items_purchased":["Mayhem","Rip and Tear","Vajra","Apotheosis"],"campfire_rested":2,"item_purchase_floors":[4,4,4,22],"current_hp_per_floor":[66,66,60,60,53,39,39,56,56,53,53,42,35,28,62,41,59,35,18,18,18,18,52,9,0],"gold":87,"neow_bonus":"ONE_RARE_RELIC","is_prod":false,"is_daily":false,"chose_seed":false,"campfire_upgraded":2,"win_rate":0,"timestamp":1550121959,"path_taken":["M","?","M","$","M","E","R","?","T","M","R","E","?","M","R","BOSS","M","M","?","?","$","R","M","E"],"build_version":"2019-01-23","purchased_purges":2,"victory":false,"max_hp_per_floor":[68,68,68,68,68,68,68,68,68,68,68,68,65,65,65,65,65,65,65,65,65,65,65,65,65],"card_choices":[{"not_picked":["Steam","Loop"],"picked":"Hologram","floor":1},{"not_picked":["Chaos","BootSequence"],"picked":"Sweeping Beam","floor":3},{"not_picked":["Stack","Gash"],"picked":"Cold Snap","floor":5},{"not_picked":["Rip and Tear","Static Discharge"],"picked":"Cold Snap","floor":6},{"not_picked":["Beam Cell","Double Energy","Genetic Algorithm"],"picked":"SKIP","floor":10},{"not_picked":["Hologram","Compile Driver"],"picked":"Gash","floor":12},{"not_picked":["Barrage","Storm","Static Discharge"],"picked":"SKIP","floor":14},{"not_picked":["Thunder Strike","Amplify"],"picked":"Creative AI","floor":16},{"not_picked":["Static Discharge","Redo+1"],"picked":"Reprogram+1","floor":18},{"not_picked":["Gash","Genetic Algorithm"],"picked":"Auto Shields+1","floor":19},{"not_picked":["Beam Cell","Go for the Eyes","Chaos+1"],"picked":"SKIP","floor":24}],"player_experience":706459,"relics_obtained":[{"floor":6,"key":"Dodecahedron"},{"floor":9,"key":"Regal Pillow"},{"floor":12,"key":"Blood Vial"}],"event_choices":[{"damage_healed":0,"gold_gain":175,"player_choice":"AGREE","damage_taken":0,"max_hp_gain":0,"max_hp_loss":0,"event_name":"Liars Game","floor":2,"gold_loss":0,"cards_obtained":["Doubt"]},{"damage_healed":17,"gold_gain":0,"player_choice":"Healed and dodged fight","damage_taken":0,"max_hp_gain":0,"max_hp_loss":0,"event_name":"Mushrooms","floor":8,"gold_loss":0,"cards_obtained":["Parasite"]},{"cards_removed":["Parasite"],"damage_healed":0,"gold_gain":0,"player_choice":"Card Removal","damage_taken":7,"max_hp_gain":0,"max_hp_loss":0,"event_name":"Golden Wing","floor":13,"gold_loss":0},{"damage_healed":0,"gold_gain":0,"player_choice":"Smashed Altar","damage_taken":0,"max_hp_gain":0,"max_hp_loss":0,"event_name":"Forgotten Altar","floor":20,"gold_loss":0,"cards_obtained":["Decay"]},{"damage_healed":0,"gold_gain":0,"player_choice":"Ignored","damage_taken":0,"max_hp_gain":0,"max_hp_loss":0,"event_name":"Ghosts","floor":21,"gold_loss":0}],"is_beta":false,"boss_relics":[{"not_picked":["Calling Bell","White Beast Statue"],"picked":"Inserter"}],"items_purged_floors":[4,22],"is_endless":false,"potions_floor_spawned":[3,5,10,14,16,19],"killed_by":"Gremlin Leader","ascension_level":7}