{"gold_per_floor":[13,25,0,13,29,63,63,90,113,132,132,132,132,158,158,260,260,272,49,49,49,49,49,69,88,112,122,152,168,168],"floor_reached":30,"playtime":1411,"items_purged":["Fusion+1"],"score":337,"play_id":"f657bca4-f199-463b-8e5b-41ff8c9922d5","local_time":"20190216224509","is_ascension_mode":true,"campfire_choices":[{"floor":7,"key":"REST"},{"floor":11,"key":"REST"},{"data":"Zap","floor":13,"key":"SMITH"},{"floor":15,"key":"REST"},{"data":"Creative AI","floor":23,"key":"SMITH"},{"floor":28,"key":"DIG"}],"neow_cost":"NO_GOLD","seed_source_timestamp":17102595369641,"circlet_count":0,"master_deck":["Strike_B","Strike_B","Defend_B","Defend_B","Defend_B","Zap+1","Dualcast","Electrodynamics","Redo","Conserve Battery","Ball Lightning","Sweeping Beam","Leap","Leap","Rebound","Defragment","Creative AI+1","Tempest+1","Storm+1","Reinforced Body","Rip and Tear","Conserve Battery","Conserve Battery","Defragment+1","Leap"],"relics":["Cracked Core","Prayer Wheel","Emotion Chip","Bag of Marbles","Bronze Scales","Vajra","Astrolabe","Blood Vial","Shovel","Spirit Poop","Happy Flower","Tiny Chest"],"potions_floor_usage":[5,8,16,27,30,30,30],"damage_taken":[{"damage":2,"enemies":"Jaw Worm","floor":1,"turns":3},{"damage":9,"enemies":"2 Louse","floor":2,"turns":2},{"damage":0,"enemies":"Small Slimes","floor":4,"turns":3},{"damage":0,"enemies":"2 Fungi Beasts","floor":5,"turns":1},{"damage":21,"enemies":"Lagavulin","floor":6,"turns":5},{"damage":27,"enemies":"Gremlin Nob","floor":8,"turns":4},{"damage":13,"enemies":"Gremlin Gang","floor":10,"turns":2},{"damage":9,"enemies":"Lagavulin","floor":14,"turns":5},{"damage":21,"enemies":"Hexaghost","floor":16,"turns":6},{"damage":15,"enemies":"Shell Parasite","floor":18,"turns":5},{"damage":0,"enemies":"Spheric Guardian","floor":24,"turns":3},{"damage":7,"enemies":"Snake Plant","floor":25,"turns":3},{"damage":13,"enemies":"Shelled Parasite and Fungi","floor":27,"turns":4},{"damage":12,"enemies":"Cultist and Chosen","floor":29,"turns":3},{"damage":29,"enemies":"Book of Stabbing","floor":30,"turns":4}],"seed_played":"-2478651537904231357","potions_obtained":[{"floor":4,"key":"Explosive Potion"},{"floor":6,"key":"SkillPotion"},{"floor":10,"key":"SteroidPotion"},{"floor":14,"key":"PowerPotion"},{"floor":25,"key":"SkillPotion"},{"floor":27,"key":"Explosive Potion"},{"floor":29,"key":"SpeedPotion"}],"is_trial":false,"path_per_floor":["M","M","?","M","M","E","R","E","T","M","R","?","R","E","R","B",null,"M","$","?","?","?","R","M","M","T","M","R","M","E"],"character_chosen":"DEFECT","items_purchased":["Blood Vial"],"campfire_rested":3,"item_purchase_floors":[19],"current_hp_per_floor":[66,57,57,57,57,36,58,31,31,18,40,40,40,31,53,32,64,49,49,49,49,49,49,51,46,46,35,35,25,0],"gold":168,"neow_bonus":"ONE_RARE_RELIC","is_prod":false,"is_daily":false,"chose_seed":false,"campfire_upgraded":2,"win_rate":0,"timestamp":1550378709,"path_taken":["M","M","?","M","M","E","R","E","T","M","R","?","R","E","R","BOSS","M","$","?","?","?","R","M","M","T","M","R","M","E"],"build_version":"2019-01-23","purchased_purges":1,"victory":false,"max_hp_per_floor":[75,75,75,75,75,75,75,75,75,75,75,75,75,75,75,75,75,75,75,75,75,75,75,75,75,75,75,75,75,75],"card_choices":[{"not_picked":["Fusion","Tempest"],"picked":"Electrodynamics","floor":1},{"not_picked":["Coolheaded","Hologram","Compile Driver"],"picked":"SKIP","floor":1},{"not_picked":["Cold Snap","Hologram"],"picked":"Redo","floor":2},{"not_picked":["Hologram","Go for the Eyes"],"picked":"Conserve Battery","floor":2},{"not_picked":["Hologram","Sweeping Beam"],"picked":"Ball Lightning","floor":4},{"not_picked":["Biased Cognition","Beam Cell"],"picked":"Sweeping Beam","floor":4},{"not_picked":["Storm","Beam Cell"],"picked":"Leap","floor":5},{"not_picked":["Redo","Beam Cell","Compile Driver"],"picked":"SKIP","floor":5},{"not_picked":["Multi-Cast","Chill"],"picked":"Leap","floor":6},{"not_picked":["Beam Cell","Coolheaded"],"picked":"Rebound","floor":8},{"not_picked":["Gash","Steam","Coolheaded"],"picked":"SKIP","floor":10},{"not_picked":["Rebound","Barrage","Storm"],"picked":"SKIP","floor":10},{"not_picked":["Hologram","Coolheaded"],"picked":"Defragment","floor":14},{"not_picked":["Reboot","Electrodynamics"],"picked":"Creative AI","floor":16},{"not_picked":["Go for the Eyes","Darkness+1","Lockon"],"picked":"SKIP","floor":18},{"not_picked":["Consume","Go for the Eyes","Recycle+1"],"picked":"SKIP","floor":18},{"not_picked":["Chaos+1","Consume+1"],"picked":"Reinforced Body","floor":24},{"not_picked":["Heatsinks","Gash","Storm"],"picked":"SKIP","floor":24},{"not_picked":["Compile Driver+1","Coolheaded"],"picked":"Rip and Tear","floor":25},{"not_picked":["Stack+1","Genetic Algorithm"],"picked":"Conserve Battery","floor":25},{"not_picked":["Loop","Recycle"],"picked":"Conserve Battery","floor":27},{"not_picked":["Sweeping Beam","Streamline"],"picked":"Defragment+1","floor":27},{"not_picked":["Self Repair","Compile Driver+1"],"picked":"Leap","floor":29},{"not_picked":["Core Surge","Stack","Conserve Battery"],"picked":"SKIP","floor":29}],"player_experience":710117,"relics_obtained":[{"floor":6,"key":"Emotion Chip"},{"floor":8,"key":"Bag of Marbles"},{"floor":9,"key":"Bronze Scales"},{"floor":14,"key":"Vajra"},{"floor":26,"key":"Happy Flower"},{"floor":28,"key":"Tiny Chest"}],"event_choices":[{"damage_healed":0,"gold_gain":0,"player_choice":"Left Gold","damage_taken":0,"max_hp_gain":0,"max_hp_loss":0,"event_name":"World of Goop","floor":3,"gold_loss":25},{"damage_healed":0,"gold_gain":0,"player_choice":"Ignored","damage_taken":0,"max_hp_gain":0,"max_hp_loss":0,"event_name":"Liars Game","floor":12,"gold_loss":0},{"damage_healed":0,"gold_gain":0,"player_choice":"Ignored","damage_taken":0,"max_hp_gain":0,"max_hp_loss":0,"event_name":"Cursed Tome","floor":20,"gold_loss":0},{"damage_healed":0,"gold_gain":0,"player_choice":"Opened","damage_taken":0,"relics_obtained":["Shovel"],"max_hp_gain":0,"max_hp_loss":0,"event_name":"The Mausoleum","floor":21,"gold_loss":0,"cards_obtained":["Writhe"]},{"cards_removed":["Writhe"],"damage_healed":0,"gold_gain":0,"player_choice":"Offered Curse","damage_taken":0,"relics_obtained":["Spirit Poop"],"max_hp_gain":0,"max_hp_loss":0,"event_name":"Bonfire Elementals","floor":22,"gold_loss":0}],"is_beta":false,"boss_relics":[{"not_picked":["Orrery","Black Star"],"picked":"Astrolabe"}],"items_purged_floors":[19],"is_endless":false,"potions_floor_spawned":[4,6,10,14,25,27,29],"killed_by":"Book of Stabbing","ascension_level":7}