{"path_per_floor":["M","M","$","M","M","M","E","R","T","?","R","?","M","?","R","B",null,"M","$","?","M","M","R","E","R","T","M","$","R","T","M","R","B",null,"M","M","T"],"character_chosen":"THE_SILENT","items_purchased":["Noxious Fumes","Footwork","Apotheosis"],"gold_per_floor":[111,129,49,64,82,98,130,130,130,130,130,160,174,174,174,278,278,203,132,132,149,169,169,234,234,287,307,105,105,105,123,123,224,254,265,275,299,299],"floor_reached":38,"campfire_rested":4,"playtime":3270,"current_hp_per_floor":[70,70,70,70,70,70,62,62,62,62,62,62,60,60,60,26,70,65,65,65,61,40,61,27,48,48,35,35,56,56,23,44,19,75,57,27,27,0],"items_purged":[],"gold":299,"score":394,"play_id":"c1bfa05c-c045-4ab7-8116-79e3ac3d6dbc","local_time":"20180326161639","is_prod":false,"is_daily":false,"is_ascension_mode":false,"campfire_upgraded":3,"timestamp":1522098999,"path_taken":["M","M","$","M","M","M","E","R","T","?","R","?","M","?","R","BOSS","M","$","?","M","M","R","E","R","T","M","$","R","?","M","R","BOSS","M","M","?","?"],"build_version":"2018-03-22v2","purchased_purges":0,"victory":false,"master_deck":["Defend_G","Defend_G","Defend_G","Defend_G+1","Defend_G","Strike_G","Strike_G","Strike_G","Strike_G","Strike_G","Survivor","Neutralize","Cloak And Dagger+1","Dagger Throw","Leg Sweep","Noxious Fumes+1","Bane","Unload","Noxious Fumes+1","Adrenaline+1","Dagger Throw+1","Footwork","Concentrate+1","Leg Sweep+1","Flying Knee","Backflip+1","Apotheosis+1","Bullet Time+1","Eviscerate+1","Infinite Blades+1"],"max_hp_per_floor":[70,70,70,70,70,70,70,70,70,70,70,70,70,70,70,70,70,70,70,70,70,70,70,70,70,70,70,70,70,70,70,70,70,75,75,75,75,75],"relics":["Ring of the Snake","Toxic Egg 2","Letter Opener","Runic Pyramid","Tiny Chest","Pen Nib","Happy Flower","Tiny House","Orichalcum"],"card_choices":[{"not_picked":["Acrobatics","Reflex"],"picked":"Cloak And Dagger","floor":0.0},{"not_picked":["Acrobatics","Dash"],"picked":"Dagger Throw","floor":1.0},{"not_picked":["Poisoned Stab","Outmaneuver"],"picked":"Leg Sweep","floor":2.0},{"not_picked":["Deadly Poison","Distraction"],"picked":"Bane","floor":4.0},{"not_picked":["PiercingWail","Quick Slash"],"picked":"Unload","floor":5.0},{"not_picked":["Concentrate","Slice"],"picked":"Noxious Fumes","floor":6.0},{"not_picked":["Outmaneuver","Blur"],"picked":"Adrenaline","floor":7.0},{"not_picked":["Dodge and Roll","Choke"],"picked":"Dagger Throw","floor":18.0},{"not_picked":["Outmaneuver","Sucker Punch"],"picked":"Leg Sweep","floor":22.0},{"not_picked":["Dagger Spray","Escape Plan"],"picked":"Flying Knee","floor":24.0},{"not_picked":["Endless Agony","Underhanded Strike"],"picked":"Backflip","floor":27.0},{"not_picked":["After Image","Tools of the Trade"],"picked":"Bullet Time","floor":33.0},{"not_picked":["Quick Slash","Sucker Punch"],"picked":"Eviscerate","floor":34.0},{"not_picked":["Backflip","Well Laid Plans"],"picked":"Infinite Blades","floor":36}],"player_experience":219344,"potions_floor_usage":[],"damage_taken":[{"damage":0.0,"enemies":"Jaw Worm","floor":1.0,"turns":5.0},{"damage":0.0,"enemies":"Cultist","floor":2.0,"turns":3.0},{"damage":0.0,"enemies":"2 Louse","floor":4.0,"turns":4.0},{"damage":0.0,"enemies":"Blue Slaver","floor":5.0,"turns":6.0},{"damage":0.0,"enemies":"2 Fungi Beasts","floor":6.0,"turns":4.0},{"damage":8.0,"enemies":"Lagavulin","floor":7.0,"turns":6.0},{"damage":2.0,"enemies":"Lots of Slimes","floor":13.0,"turns":4.0},{"damage":34.0,"enemies":"Slime Boss","floor":16.0,"turns":10.0},{"damage":5.0,"enemies":"2 Thieves","floor":18.0,"turns":5.0},{"damage":4.0,"enemies":"3 Byrds","floor":21.0,"turns":5.0},{"damage":21.0,"enemies":"Snecko","floor":22.0,"turns":6.0},{"damage":34.0,"enemies":"Slavers","floor":24.0,"turns":7.0},{"damage":13.0,"enemies":"Snake Plant","floor":27.0,"turns":5.0},{"damage":33.0,"enemies":"Cultist and Chosen","floor":31.0,"turns":7.0},{"damage":25.0,"enemies":"Champ","floor":33.0,"turns":15.0},{"damage":18,"enemies":"3 Darklings","floor":35,"turns":8},{"damage":30,"enemies":"3 Shapes","floor":36,"turns":5},{"damage":31,"enemies":"Sphere and 2 Shapes","floor":38,"turns":3}],"event_choices":[{"event_name":"Golden Idol","player_choice":"Ignored","floor":10.0,"damage_taken":0.0},{"event_name":"Dead Adventurer","player_choice":"Searched \u00271\u0027 times","floor":12.0,"damage_taken":0.0},{"event_name":"The Woman in Blue","player_choice":"Bought 0 Potions","floor":14.0,"damage_taken":0.0},{"event_name":"The Library","player_choice":"Read","floor":20.0,"damage_taken":0.0}],"boss_relics":[],"potions_floor_spawned":[2,5,6,22,24,31,33],"seed_played":"8385967711227395492","killed_by":"Sphere and 2 Shapes","ascension_level":0,"is_trial":false}