{"gold_per_floor":[117,117,132,144,22,22,51,132,187,187,216,65,75,88,88,190,190,130,45,45,45,45,45,45,45,45,45,45,45,45,45,45,45,45,45,45,45,45,45,45,45,45,45,45,45,45,45,45,45,45,45,45,45,45],"floor_reached":54,"playtime":3943,"items_purged":["Defend_R","Strike_R"],"score":1070,"play_id":"63ff868a-9c08-4a9f-bdcd-8ea30a029dff","local_time":"20191001131827","is_ascension_mode":true,"campfire_choices":[{"data":"Iron Wave","floor":6,"key":"SMITH"},{"data":"Bludgeon","floor":10,"key":"SMITH"},{"data":"Body Slam","floor":15,"key":"SMITH"},{"data":"True Grit","floor":23,"key":"SMITH"},{"data":"Body Slam","floor":29,"key":"SMITH"},{"floor":32,"key":"REST"},{"data":"Barricade","floor":40,"key":"SMITH"},{"floor":45,"key":"RECALL"},{"data":"Shrug It Off","floor":49,"key":"SMITH"},{"data":"Metallicize","floor":52,"key":"SMITH"}],"neow_cost":"NONE","seed_source_timestamp":722307975987700,"circlet_count":0,"master_deck":["Strike_R+1","Strike_R+1","Strike_R+1","Defend_R+1","Defend_R+1","Defend_R+1","Iron Wave+1","Shrug It Off+1","Shrug It Off+1","Bludgeon+1","True Grit+1","Body Slam+1","Body Slam+1","Shrug It Off+1","Ghostly Armor","Metallicize+1","Barricade+1","Rage+1","Iron Wave+1","Flash of Steel"],"relics":["Burning Blood","Centennial Puzzle","Nunchaku","Pen Nib","Gremlin Horn","Ectoplasm","Boot","War Paint","Art of War","Self Forming Clay","Question Card","Empty Cage","Torii","Singing Bowl"],"potions_floor_usage":[16,31,33,54],"damage_taken":[{"damage":17,"enemies":"Small Slimes","floor":1,"turns":6},{"damage":1,"enemies":"Cultist","floor":3,"turns":5},{"damage":2,"enemies":"Jaw Worm","floor":4,"turns":3},{"damage":30,"enemies":"Gremlin Nob","floor":7,"turns":5},{"damage":25,"enemies":"3 Sentries","floor":11,"turns":8},{"damage":3,"enemies":"Red Slaver","floor":13,"turns":4},{"damage":0,"enemies":"3 Louse","floor":14,"turns":2},{"damage":19,"enemies":"The Guardian","floor":16,"turns":11},{"damage":7,"enemies":"2 Thieves","floor":18,"turns":3},{"damage":0,"enemies":"Chosen","floor":20,"turns":4},{"damage":0,"enemies":"Gremlin Leader","floor":24,"turns":6},{"damage":0,"enemies":"Shelled Parasite and Fungi","floor":25,"turns":5},{"damage":0,"enemies":"Centurion and Healer","floor":27,"turns":5},{"damage":0,"enemies":"Cultist and Chosen","floor":30,"turns":3},{"damage":13,"enemies":"Book of Stabbing","floor":31,"turns":4},{"damage":8,"enemies":"Automaton","floor":33,"turns":10},{"damage":4,"enemies":"3 Shapes","floor":35,"turns":3},{"damage":0,"enemies":"Mind Bloom Boss Battle","floor":36,"turns":6},{"damage":8,"enemies":"Orb Walker","floor":37,"turns":3},{"damage":15,"enemies":"4 Shapes","floor":39,"turns":3},{"damage":0,"enemies":"Writhing Mass","floor":41,"turns":7},{"damage":14,"enemies":"Spire Growth","floor":42,"turns":5},{"damage":0,"enemies":"Maw","floor":44,"turns":6},{"damage":0,"enemies":"Sphere and 2 Shapes","floor":47,"turns":4},{"damage":9,"enemies":"Awakened One","floor":50,"turns":11},{"damage":87,"enemies":"Shield and Spear","floor":54,"turns":11}],"seed_played":"-2219804590956623701","potions_obtained":[{"floor":4,"key":"Dexterity Potion"},{"floor":11,"key":"SkillPotion"},{"floor":13,"key":"EssenceOfSteel"},{"floor":16,"key":"Poison Potion"},{"floor":31,"key":"Block Potion"},{"floor":36,"key":"Ancient Potion"}],"is_trial":false,"path_per_floor":["M","?","M","M","$","R","E","T","T","R","E","$","M","M","R","B",null,"M","?","M","?","?","R","E","M","T","M","?","R","M","E","R","B",null,"M","?","M","?","M","R","M","M","T","M","R","?","M","?","R","B",null,"R","$","E"],"character_chosen":"IRONCLAD","items_purchased":["Shrug It Off","Body Slam"],"campfire_rested":1,"item_purchase_floors":[5,12],"current_hp_per_floor":[61,61,66,70,70,70,46,46,46,46,27,27,30,36,36,23,66,65,65,71,71,71,71,77,80,80,80,80,80,80,73,80,78,80,80,80,78,78,69,69,75,67,67,73,73,73,81,78,78,75,77,77,77,0],"gold":45,"neow_bonus":"ONE_RANDOM_RARE_CARD","is_prod":false,"is_daily":false,"chose_seed":false,"campfire_upgraded":8,"win_rate":0,"timestamp":1569953907,"path_taken":["M","?","M","?","?","R","E","?","T","R","E","$","M","M","R","BOSS","M","?","M","?","?","R","E","M","T","?","?","R","M","E","R","BOSS","M","?","M","?","M","R","M","M","T","M","R","?","M","?","R","BOSS","R","$","E"],"build_version":"2019-07-17","purchased_purges":2,"victory":false,"max_hp_per_floor":[80,80,80,80,80,80,80,80,80,80,80,80,80,80,80,80,80,80,80,80,80,80,80,80,80,80,80,80,80,80,80,80,80,80,80,80,80,80,80,80,80,80,80,80,80,80,82,78,78,78,78,78,78,78],"card_choices":[{"not_picked":["Headbutt","Sentinel"],"picked":"Clash","floor":1},{"not_picked":["Feel No Pain","Headbutt"],"picked":"Iron Wave","floor":3},{"not_picked":["Anger","Sword Boomerang"],"picked":"Shrug It Off","floor":4},{"not_picked":["Clothesline","Inflame"],"picked":"Bludgeon","floor":7},{"not_picked":["Seeing Red","Dual Wield"],"picked":"True Grit","floor":11},{"not_picked":["Twin Strike","Uppercut"],"picked":"Iron Wave","floor":13},{"not_picked":["Shockwave","Heavy Blade","Fire Breathing"],"picked":"SKIP","floor":14},{"not_picked":["Cleave","Wild Strike"],"picked":"Body Slam","floor":18},{"not_picked":["Intimidate","Whirlwind+1"],"picked":"Shrug It Off","floor":20},{"not_picked":["Sword Boomerang","Uppercut"],"picked":"Ghostly Armor","floor":24},{"not_picked":["Bloodletting","Uppercut","Sentinel"],"picked":"SKIP","floor":25},{"not_picked":["Pommel Strike","Impervious"],"picked":"Metallicize","floor":27},{"not_picked":["Headbutt+1","Clothesline","Wild Strike+1"],"picked":"SKIP","floor":30},{"not_picked":["Intimidate+1","Sentinel","Sever Soul"],"picked":"SKIP","floor":31},{"not_picked":["Fiend Fire","Impervious","Double Tap"],"picked":"Barricade","floor":33},{"not_picked":["Sword Boomerang","Pummel+1","Wild Strike"],"picked":"Rage+1","floor":35},{"not_picked":["Warcry","Wild Strike+1","Rupture","Headbutt+1"],"picked":"SKIP","floor":37},{"not_picked":["Anger+1","Disarm+1","Twin Strike","Impervious"],"picked":"SKIP","floor":39},{"not_picked":["Sword Boomerang+1","Perfected Strike","Heavy Blade+1","Havoc"],"picked":"SKIP","floor":41},{"not_picked":["Body Slam+1","Blood for Blood","Headbutt","Reckless Charge+1"],"picked":"SKIP","floor":42},{"not_picked":["Spot Weakness","Thunderclap+1","Rupture+1"],"picked":"Iron Wave+1","floor":44},{"not_picked":["Panacea","Sadistic Nature","Jack Of All Trades"],"picked":"Flash of Steel","floor":46},{"not_picked":["Fire Breathing+1","Heavy Blade+1","Dropkick+1","Carnage+1"],"picked":"Singing Bowl","floor":47}],"player_experience":767783,"relics_obtained":[{"floor":7,"key":"Nunchaku"},{"floor":9,"key":"Pen Nib"},{"floor":11,"key":"Gremlin Horn"},{"floor":24,"key":"War Paint"},{"floor":26,"key":"Art of War"},{"floor":31,"key":"Question Card"},{"floor":36,"key":"Torii"},{"floor":43,"key":"Singing Bowl"}],"event_choices":[{"cards_removed":["Clash"],"damage_healed":0,"gold_gain":0,"player_choice":"Gave Card","damage_taken":0,"relics_obtained":["Centennial Puzzle"],"max_hp_gain":0,"max_hp_loss":0,"event_name":"WeMeetAgain","floor":2,"gold_loss":0},{"damage_healed":0,"gold_gain":0,"player_choice":"Obtained Relic","damage_taken":0,"relics_obtained":["Boot"],"max_hp_gain":0,"max_hp_loss":0,"event_name":"Addict","floor":19,"gold_loss":85},{"damage_healed":0,"gold_gain":0,"player_choice":"Simplicity","damage_taken":0,"max_hp_gain":0,"max_hp_loss":0,"event_name":"Back to Basics","floor":21,"gold_loss":0,"cards_upgraded":["Strike_R","Strike_R","Strike_R","Strike_R","Defend_R","Defend_R","Defend_R"]},{"cards_removed":["Strike_R"],"damage_healed":0,"gold_gain":0,"player_choice":"Purged","damage_taken":0,"max_hp_gain":0,"max_hp_loss":0,"event_name":"Purifier","floor":22,"gold_loss":0},{"damage_healed":0,"gold_gain":0,"player_choice":"Opened","damage_taken":0,"relics_obtained":["Self Forming Clay"],"max_hp_gain":0,"max_hp_loss":0,"event_name":"The Mausoleum","floor":28,"gold_loss":0},{"damage_healed":0,"gold_gain":0,"player_choice":"Fight","damage_taken":0,"max_hp_gain":0,"max_hp_loss":0,"event_name":"MindBloom","floor":36,"gold_loss":0},{"cards_removed":["Iron Wave"],"damage_healed":0,"gold_gain":0,"player_choice":"Removed Attack","damage_taken":0,"max_hp_gain":0,"max_hp_loss":0,"event_name":"Falling","floor":38,"gold_loss":0},{"damage_healed":0,"gold_gain":0,"player_choice":"Memory 1","damage_taken":0,"max_hp_gain":0,"max_hp_loss":0,"event_name":"SensoryStone","floor":46,"gold_loss":0},{"damage_healed":0,"gold_gain":0,"player_choice":"Max HP","damage_taken":0,"max_hp_gain":0,"max_hp_loss":4,"event_name":"Winding Halls","floor":48,"gold_loss":0}],"is_beta":false,"boss_relics":[{"not_picked":["Runic Pyramid","Tiny House"],"picked":"Ectoplasm"},{"not_picked":["Lizard Tail","Snecko Eye"],"picked":"Empty Cage"}],"items_purged_floors":[5,12],"is_endless":false,"potions_floor_spawned":[4,11,13,16,25,27,30,31,36,41,44],"killed_by":"Shield and Spear","ascension_level":8}