{"gold_per_floor":[19,19,0,13,28,28,57,57,57,57,67,83,83,9,9,9],"floor_reached":16,"playtime":760,"items_purged":[],"score":130,"play_id":"74462af5-81bc-4d57-9de2-19ac7f621cbf","local_time":"20190125003719","is_ascension_mode":true,"campfire_choices":[{"data":"Shrug It Off","floor":6,"key":"SMITH"},{"data":"Rage","floor":8,"key":"SMITH"},{"data":"Bash","floor":10,"key":"SMITH"},{"data":"Headbutt","floor":15,"key":"SMITH"}],"neow_cost":"NO_GOLD","seed_source_timestamp":180030009899844,"circlet_count":0,"master_deck":["Strike_R","Strike_R","Strike_R","Strike_R","Strike_R","Defend_R","Defend_R","Defend_R","Bash+1","Seeing Red","Rage+1","Shrug It Off+1","Seeing Red","Ghostly Armor","Shrug It Off","Headbutt+1"],"relics":["Burning Blood","Du-Vu Doll","Paper Frog","Strawberry","Question Card"],"potions_floor_usage":[7,7,16],"damage_taken":[{"damage":8,"enemies":"2 Louse","floor":1,"turns":3},{"damage":2,"enemies":"Jaw Worm","floor":4,"turns":3},{"damage":0,"enemies":"Cultist","floor":5,"turns":4},{"damage":35,"enemies":"Lagavulin","floor":7,"turns":8},{"damage":5,"enemies":"Exordium Thugs","floor":11,"turns":4},{"damage":13,"enemies":"Red Slaver","floor":12,"turns":5},{"damage":63,"enemies":"Hexaghost","floor":16,"turns":11}],"seed_played":"3451822328935910946","potions_obtained":[{"floor":4,"key":"EssenceOfSteel"},{"floor":5,"key":"AttackPotion"},{"floor":11,"key":"Regen Potion"}],"is_trial":false,"path_per_floor":["M","?","?","M","M","R","E","R","T","R","M","M","T","$","R","B"],"character_chosen":"IRONCLAD","items_purchased":["Shrug It Off","Headbutt"],"campfire_rested":0,"item_purchase_floors":[14,14],"current_hp_per_floor":[70,63,63,67,73,73,44,44,51,51,52,45,45,45,45,0],"gold":9,"neow_bonus":"ONE_RARE_RELIC","is_prod":false,"is_daily":false,"chose_seed":false,"campfire_upgraded":4,"win_rate":0,"timestamp":1548398239,"path_taken":["M","?","?","M","M","R","E","R","T","R","?","M","?","?","R","BOSS"],"build_version":"2019-01-23","purchased_purges":0,"victory":false,"max_hp_per_floor":[80,80,80,80,80,80,80,80,87,87,87,87,87,87,87,87],"card_choices":[{"not_picked":["Clash","Sword Boomerang"],"picked":"Seeing Red","floor":1},{"not_picked":["Clash","Clothesline"],"picked":"Rage","floor":4},{"not_picked":["Pommel Strike","Perfected Strike"],"picked":"Shrug It Off","floor":5},{"not_picked":["Heavy Blade","Offering"],"picked":"Seeing Red","floor":7},{"not_picked":["Burning Pact","Rampage","Reckless Charge"],"picked":"SKIP","floor":11},{"not_picked":["Shockwave","Reckless Charge"],"picked":"Ghostly Armor","floor":12}],"player_experience":686857,"relics_obtained":[{"floor":7,"key":"Paper Frog"},{"floor":9,"key":"Strawberry"},{"floor":13,"key":"Question Card"}],"event_choices":[{"cards_removed":["Defend_R"],"damage_healed":0,"gold_gain":0,"player_choice":"Card Removal","damage_taken":7,"max_hp_gain":0,"max_hp_loss":0,"event_name":"Golden Wing","floor":2,"gold_loss":0},{"damage_healed":0,"gold_gain":0,"player_choice":"Left Gold","damage_taken":0,"max_hp_gain":0,"max_hp_loss":0,"event_name":"World of Goop","floor":3,"gold_loss":19}],"is_beta":false,"boss_relics":[],"items_purged_floors":[],"is_endless":false,"potions_floor_spawned":[4,5,11],"killed_by":"Hexaghost","ascension_level":6}