{"gold_per_floor":[112,37,37,67,99,139,151,198,210,222,234,274,305,327,339,351],"floor_reached":16,"playtime":1141,"items_purged":["Pain"],"score":126,"play_id":"801616ba-5c15-4cd5-8f0b-3062e7cea4df","local_time":"20181008001512","is_ascension_mode":true,"campfire_choices":[{"floor":7,"key":"REST"},{"floor":11,"key":"REST"},{"floor":15,"key":"REST"}],"neow_cost":"CURSE","seed_source_timestamp":1578036946443040,"circlet_count":0,"master_deck":["Defend_G","Defend_G","Defend_G","Defend_G","Defend_G","Strike_G","Strike_G","Strike_G","Strike_G","Survivor","Neutralize","Phantasmal Killer","Quick Slash","Escape Plan","Masterful Stab","Riddle With Holes","Deflect"],"relics":["Ring of the Snake","MawBank","Dodecahedron","The Courier","PreservedInsect","FossilizedHelix"],"potions_floor_usage":[8],"damage_taken":[{"damage":8,"enemies":"Small Slimes","floor":1,"turns":4},{"damage":0,"enemies":"Jaw Worm","floor":4,"turns":3},{"damage":0,"enemies":"Cultist","floor":5,"turns":3},{"damage":27,"enemies":"3 Sentries","floor":6,"turns":10},{"damage":26,"enemies":"Lagavulin","floor":8,"turns":7},{"damage":17,"enemies":"3 Sentries","floor":12,"turns":7},{"damage":0,"enemies":"Gremlin Gang","floor":13,"turns":4},{"damage":12,"enemies":"Exordium Thugs","floor":14,"turns":8},{"damage":42,"enemies":"Hexaghost","floor":16,"turns":12}],"seed_played":"-5147744718701433646","potions_obtained":[{"floor":4,"key":"GhostInAJar"},{"floor":5,"key":"Regen Potion"},{"floor":8,"key":"SteroidPotion"},{"floor":14,"key":"Explosive Potion"}],"is_trial":false,"path_per_floor":["M","$","?","M","M","E","R","E","T","?","R","E","M","M","R"],"character_chosen":"THE_SILENT","items_purchased":[],"campfire_rested":3,"item_purchase_floors":[],"current_hp_per_floor":[62,62,59,59,59,32,53,27,27,27,48,31,31,19,40,0],"gold":351,"neow_bonus":"THREE_RARE_CARDS","is_prod":false,"is_daily":false,"chose_seed":false,"campfire_upgraded":0,"win_rate":0,"timestamp":1538975712,"path_taken":["M","$","?","M","M","E","R","E","T","?","R","E","M","?","R","BOSS"],"build_version":"2018-10-04v2","purchased_purges":1,"victory":false,"max_hp_per_floor":[70,70,70,70,70,70,70,70,70,70,70,70,70,70,70,70],"card_choices":[{"not_picked":["Adrenaline","Wraith Form v2"],"picked":"Phantasmal Killer","floor":0},{"not_picked":["Prepared","Deflect"],"picked":"Quick Slash","floor":1},{"not_picked":["Backstab","Poisoned Stab"],"picked":"Escape Plan","floor":4},{"not_picked":["Cloak And Dagger","Calculated Gamble"],"picked":"Masterful Stab","floor":5},{"not_picked":["Cloak And Dagger","Reflex"],"picked":"Riddle With Holes","floor":6},{"not_picked":["Setup","Choke","Eviscerate"],"picked":"SKIP","floor":8},{"not_picked":["Outmaneuver","Dagger Spray"],"picked":"Deflect","floor":12},{"not_picked":["Bane","Predator","Expertise"],"picked":"SKIP","floor":13},{"not_picked":["Calculated Gamble","Masterful Stab","Deadly Poison"],"picked":"SKIP","floor":14}],"player_experience":407607,"relics_obtained":[{"floor":6,"key":"Dodecahedron"},{"floor":8,"key":"The Courier"},{"floor":9,"key":"PreservedInsect"},{"floor":12,"key":"FossilizedHelix"}],"event_choices":[{"event_name":"Scrap Ooze","player_choice":"success","floor":3,"damage_taken":3},{"event_name":"Purifier","player_choice":"One Purge","floor":10,"damage_taken":0}],"is_beta":false,"boss_relics":[],"items_purged_floors":[2],"is_endless":false,"potions_floor_spawned":[4,5,8,14],"killed_by":"Hexaghost","ascension_level":1}