{"gold_per_floor":[111,123,73,93,111,111,145,145,145,157,169,169,195,195,195,195],"floor_reached":16,"playtime":1408,"items_purged":[],"score":151,"play_id":"957dcf7f-abbd-4225-8502-acbf02b5a370","local_time":"20181122135521","is_ascension_mode":true,"campfire_choices":[{"data":"Blade Dance","floor":6,"key":"SMITH"},{"floor":8,"key":"RECALL"},{"floor":12,"key":"REST"},{"data":"Terror","floor":15,"key":"SMITH"}],"neow_cost":"NONE","seed_source_timestamp":773849490389,"circlet_count":0,"master_deck":["Defend_G","Defend_G","Defend_G","Defend_G","Defend_G","Strike_G","Strike_G","Strike_G","Strike_G","Survivor","Neutralize","Quick Slash","Blade Dance+1","Well Laid Plans","Deflect","Flying Knee","Terror+1"],"relics":["Ring of the Snake","Unceasing Top","Question Card"],"potions_floor_usage":[13],"damage_taken":[{"damage":0,"enemies":"2 Louse","floor":1,"turns":2},{"damage":0,"enemies":"Small Slimes","floor":2,"turns":3},{"damage":0,"enemies":"Jaw Worm","floor":4,"turns":5},{"damage":0,"enemies":"Large Slime","floor":5,"turns":10},{"damage":21,"enemies":"3 Sentries","floor":7,"turns":11},{"damage":1,"enemies":"2 Fungi Beasts","floor":10,"turns":4},{"damage":8,"enemies":"3 Louse","floor":11,"turns":3},{"damage":14,"enemies":"Gremlin Nob","floor":13,"turns":4},{"damage":44,"enemies":"Hexaghost","floor":16,"turns":11}],"seed_played":"-4723478880996342650","potions_obtained":[{"floor":2,"key":"PowerPotion"},{"floor":7,"key":"SkillPotion"},{"floor":10,"key":"FearPotion"}],"is_trial":false,"path_per_floor":["M","M","?","M","M","R","E","R","T","M","M","R","E","?","R","B"],"character_chosen":"THE_SILENT","items_purchased":[],"campfire_rested":1,"item_purchase_floors":[],"current_hp_per_floor":[63,63,63,63,63,63,42,42,42,41,33,54,40,40,40,0],"gold":195,"neow_bonus":"TRANSFORM_CARD","is_prod":false,"is_daily":false,"chose_seed":false,"campfire_upgraded":2,"win_rate":0,"timestamp":1542916521,"path_taken":["M","M","?","M","M","R","E","R","T","M","M","R","E","?","R","BOSS"],"build_version":"2018-11-15","purchased_purges":0,"victory":false,"max_hp_per_floor":[70,70,70,70,70,70,70,70,70,70,70,70,70,70,70,70],"card_choices":[{"not_picked":["Backflip","Flying Knee"],"picked":"Blade Dance","floor":1},{"not_picked":["Heel Hook","Eviscerate"],"picked":"Riddle With Holes","floor":2},{"not_picked":["Flying Knee","Catalyst"],"picked":"Well Laid Plans","floor":4},{"not_picked":["Poisoned Stab","Acrobatics"],"picked":"Deflect","floor":5},{"not_picked":["Choke","Cloak And Dagger"],"picked":"Flying Knee","floor":7},{"not_picked":["Backflip","Bane","Tactician"],"picked":"SKIP","floor":10},{"not_picked":["Predator","Deadly Poison"],"picked":"Terror","floor":11},{"not_picked":["Burst","Blade Dance","Deadly Poison"],"picked":"SKIP","floor":13}],"player_experience":616192,"relics_obtained":[{"floor":7,"key":"Unceasing Top"},{"floor":13,"key":"Question Card"}],"event_choices":[{"cards_removed":["Riddle With Holes"],"damage_healed":0,"gold_gain":0,"player_choice":"Card Removal","damage_taken":0,"max_hp_gain":0,"max_hp_loss":0,"event_name":"The Cleric","floor":3,"gold_loss":50},{"damage_healed":0,"gold_gain":0,"player_choice":"Ignored","damage_taken":0,"max_hp_gain":0,"max_hp_loss":0,"event_name":"Liars Game","floor":14,"gold_loss":0}],"is_beta":false,"boss_relics":[],"items_purged_floors":[],"is_endless":false,"potions_floor_spawned":[2,7,10,11],"killed_by":"Hexaghost","ascension_level":7}