{"gold_per_floor":[12,31,31,31,47,47,79,96,146,183,20,20,34,53,53,155,155,168,93,93],"floor_reached":20,"playtime":1261,"items_purged":["Strike_B"],"score":194,"play_id":"332df897-dc5e-4e32-971a-c43279b6cd02","local_time":"20181106234312","is_ascension_mode":true,"campfire_choices":[{"data":"Apotheosis","floor":6,"key":"SMITH"},{"data":"Double Energy","floor":12,"key":"SMITH"},{"floor":15,"key":"REST"}],"neow_cost":"NO_GOLD","seed_source_timestamp":101140629820693,"circlet_count":0,"master_deck":["Strike_B","Strike_B","Defend_B","Defend_B","Defend_B","Defend_B","Zap","Dualcast","Magnetism","Apotheosis+1","Rip and Tear","Double Energy+1","Stack","All For One","Leap","Creative AI+1"],"relics":["Cracked Core","Frozen Egg 2","Blood Vial","Runic Pyramid"],"potions_floor_usage":[18],"damage_taken":[{"damage":0,"enemies":"Cultist","floor":1,"turns":3},{"damage":6,"enemies":"Small Slimes","floor":2,"turns":2},{"damage":0,"enemies":"2 Louse","floor":5,"turns":2},{"damage":20,"enemies":"3 Sentries","floor":7,"turns":5},{"damage":7,"enemies":"Looter","floor":8,"turns":3},{"damage":4,"enemies":"Large Slime","floor":10,"turns":6},{"damage":10,"enemies":"Lots of Slimes","floor":13,"turns":4},{"damage":6,"enemies":"3 Louse","floor":14,"turns":2},{"damage":17,"enemies":"The Guardian","floor":16,"turns":10},{"damage":27,"enemies":"3 Byrds","floor":18,"turns":4},{"damage":18,"enemies":"Shell Parasite","floor":20,"turns":4}],"seed_played":"2234799757851458003","potions_obtained":[{"floor":1,"key":"Swift Potion"},{"floor":2,"key":"Ancient Potion"},{"floor":8,"key":"SkillPotion"},{"floor":14,"key":"Regen Potion"}],"is_trial":false,"path_per_floor":["M","M","?","$","M","R","E","M","T","M","$","R","M","M","R","B",null,"M","$","M"],"character_chosen":"DEFECT","items_purchased":["All For One"],"campfire_rested":1,"item_purchase_floors":[11],"current_hp_per_floor":[75,69,69,69,69,69,49,42,42,40,40,40,32,28,50,35,75,48,48,32],"gold":93,"neow_bonus":"RANDOM_COLORLESS_2","is_prod":false,"is_daily":false,"chose_seed":false,"campfire_upgraded":2,"win_rate":0,"timestamp":1541569392,"path_taken":["M","?","?","$","M","R","E","?","T","M","?","R","M","?","R","BOSS","M","$","M"],"build_version":"2018-11-01","purchased_purges":1,"victory":false,"max_hp_per_floor":[75,75,75,75,75,75,75,75,75,75,75,75,75,75,75,75,75,75,75,75],"card_choices":[{"not_picked":["Barrage","Static Discharge","Force Field"],"picked":"SKIP","floor":1},{"not_picked":["Turbo","Sweeping Beam","Skim"],"picked":"SKIP","floor":2},{"not_picked":["Leap","Stack"],"picked":"Rip and Tear","floor":5},{"not_picked":["Coolheaded","FTL"],"picked":"Double Energy","floor":7},{"not_picked":["Recycle","Steam Power"],"picked":"Stack","floor":8},{"not_picked":["Go for the Eyes","Sweeping Beam","Stack"],"picked":"SKIP","floor":10},{"not_picked":["Turbo","Chaos"],"picked":"Leap","floor":13},{"not_picked":["Go for the Eyes","Skim"],"picked":"Creative AI+1","floor":14},{"not_picked":["Rip and Tear+1","Ball Lightning","Scrape"],"picked":"SKIP","floor":18}],"player_experience":518487,"relics_obtained":[{"floor":7,"key":"Frozen Egg 2"},{"floor":9,"key":"Blood Vial"}],"event_choices":[{"cards_removed":["Strike_B"],"damage_healed":0,"gold_gain":0,"player_choice":"Offered Basic","damage_taken":0,"max_hp_gain":0,"max_hp_loss":0,"event_name":"Bonfire Elementals","floor":3,"gold_loss":0}],"is_beta":false,"boss_relics":[{"not_picked":["White Beast Statue","FrozenCore"],"picked":"Runic Pyramid"}],"items_purged_floors":[19],"is_endless":false,"potions_floor_spawned":[1,2,8,14],"killed_by":"Shell Parasite","ascension_level":2}