{"gold_per_floor":[118,84,84,101,101,101,111,145,145,145,145,28,28,60,60,163,163,163,163,83,83,83,83,83,83,83,83,83,83,83,83,83,83,83,83,83,83,83,21,21],"floor_reached":40,"playtime":2931,"items_purged":["Defend_B","Strike_B"],"score":473,"play_id":"b3d62b77-98fe-49df-8f1b-7f3f656ad5dd","local_time":"20181102212526","is_ascension_mode":true,"campfire_choices":[{"data":"Zap","floor":6.0,"key":"SMITH"},{"data":"Dualcast","floor":11.0,"key":"SMITH"},{"data":"Undo","floor":13.0,"key":"SMITH"},{"floor":15.0,"key":"REST"},{"floor":23.0,"key":"REST"},{"floor":28.0,"key":"REST"},{"floor":30.0,"key":"REST"},{"floor":32.0,"key":"REST"}],"neow_cost":"NONE","seed_source_timestamp":0,"circlet_count":0,"master_deck":["Strike_B","Strike_B","Defend_B","Defend_B","Zap+1","Dualcast+1","Steam","FTL","Gash","Core Surge","Undo+1","Creative AI","Leap+1","Conserve Battery+1","Streamline","Auto Shields","Sunder","Thunder Strike","Gash","Reinforced Body"],"special_seed":0,"relics":["Cracked Core","Letter Opener","The Courier","NlothsMask","Darkstone Periapt","Ectoplasm","Blue Candle","Meat on the Bone","Sozu","Incense Burner"],"potions_floor_usage":[36],"damage_taken":[{"damage":3.0,"enemies":"2 Louse","floor":1.0,"turns":4.0},{"damage":1.0,"enemies":"Jaw Worm","floor":4.0,"turns":3.0},{"damage":0.0,"enemies":"Cultist","floor":7.0,"turns":3.0},{"damage":16.0,"enemies":"3 Sentries","floor":8.0,"turns":7.0},{"damage":16.0,"enemies":"Gremlin Nob","floor":14.0,"turns":4.0},{"damage":45.0,"enemies":"Hexaghost","floor":16.0,"turns":11.0},{"damage":0.0,"enemies":"3 Byrds","floor":18.0,"turns":4.0},{"damage":8.0,"enemies":"Shell Parasite","floor":19.0,"turns":5.0},{"damage":26.0,"enemies":"Centurion and Healer","floor":21.0,"turns":6.0},{"damage":6.0,"enemies":"Cultist and Chosen","floor":22.0,"turns":6.0},{"damage":10.0,"enemies":"Book of Stabbing","floor":24.0,"turns":7.0},{"damage":31.0,"enemies":"Shelled Parasite and Fungi","floor":25.0,"turns":6.0},{"damage":23.0,"enemies":"Gremlin Leader","floor":29.0,"turns":9.0},{"damage":34.0,"enemies":"Champ","floor":33.0,"turns":14.0},{"damage":9,"enemies":"3 Shapes","floor":35,"turns":5},{"damage":19,"enemies":"3 Darklings","floor":36,"turns":5},{"damage":55,"enemies":"Giant Head","floor":40,"turns":9}],"seed_played":"-6974332728675021658","potions_obtained":[{"floor":1.0,"key":"FocusPotion"},{"floor":14.0,"key":"EssenceOfSteel"},{"floor":21.0,"key":"Block Potion"},{"floor":24.0,"key":"Fire Potion"},{"floor":29.0,"key":"SteroidPotion"},{"floor":33.0,"key":"Block Potion"}],"is_trial":false,"path_per_floor":["M","?","?","M","?","R","M","E","T","?","R","$","R","E","R","B",null,"M","M","$","M","M","R","E","M","T","$","R","E","R","?","R","B",null,"M","M","$","?","$","E"],"character_chosen":"DEFECT","items_purchased":["Undo","Reinforced Body"],"campfire_rested":5,"item_purchase_floors":[12,39],"current_hp_per_floor":[72,72,77,76,69,69,69,53,53,53,53,53,53,37,61,16,80,80,72,72,46,40,64,54,23,23,23,47,24,48,48,72,50,80,71,52,52,52,52,0],"gold":21,"neow_bonus":"REMOVE_CARD","is_prod":false,"is_daily":false,"chose_seed":false,"campfire_upgraded":3,"win_rate":0,"timestamp":1541211926,"path_taken":["M","?","?","?","?","R","M","E","T","?","R","$","R","E","R","BOSS","M","M","$","M","M","R","E","M","T","$","R","E","R","?","R","BOSS","M","M","$","?","?","E"],"build_version":"2018-11-01","purchased_purges":2,"victory":false,"max_hp_per_floor":[75,75,80,80,80,80,80,80,80,80,80,80,80,80,80,80,80,80,80,80,80,80,80,80,80,80,80,80,80,80,80,80,80,80,80,80,80,80,80,80],"card_choices":[{"not_picked":["Chill","Stack"],"picked":"Steam","floor":1.0},{"not_picked":["Cold Snap","Loop"],"picked":"FTL","floor":4.0},{"not_picked":["Undo","Rebound"],"picked":"Gash","floor":7.0},{"not_picked":["Static Discharge","Sweeping Beam"],"picked":"Core Surge","floor":8.0},{"not_picked":["Melter","Turbo","Storm"],"picked":"SKIP","floor":14.0},{"not_picked":["Reboot","Thunder Strike"],"picked":"Creative AI","floor":16.0},{"not_picked":["Recycle","Hello World","Sweeping Beam"],"picked":"SKIP","floor":18.0},{"not_picked":["Double Energy","Chill+1","Rebound"],"picked":"SKIP","floor":19.0},{"not_picked":["Compile Driver+1","Recycle"],"picked":"Leap+1","floor":21.0},{"not_picked":["Genetic Algorithm","Rebound"],"picked":"Conserve Battery+1","floor":22.0},{"not_picked":["Fission","Steam Power+1"],"picked":"Streamline","floor":24.0},{"not_picked":["Go for the Eyes+1","Rebound"],"picked":"Auto Shields","floor":25.0},{"not_picked":["Turbo","Double Energy"],"picked":"Sunder","floor":29.0},{"not_picked":["Fission","Meteor Strike"],"picked":"Thunder Strike","floor":33.0},{"not_picked":["Chaos","Conserve Battery"],"picked":"Gash","floor":35},{"not_picked":["Doom and Gloom","Beam Cell","Fusion"],"picked":"SKIP","floor":36}],"player_experience":480983,"relics_obtained":[{"floor":8.0,"key":"Letter Opener"},{"floor":9.0,"key":"The Courier"},{"floor":14.0,"key":"Darkstone Periapt"},{"floor":24.0,"key":"Blue Candle"},{"floor":29.0,"key":"Meat on the Bone"}],"event_choices":[{"damage_healed":0.0,"max_hp_gain":0.0,"max_hp_loss":0.0,"gold_gain":0.0,"event_name":"World of Goop","player_choice":"Left Gold","floor":2.0,"gold_loss":34.0,"damage_taken":0.0},{"damage_healed":0.0,"max_hp_gain":5.0,"max_hp_loss":0.0,"gold_gain":0.0,"event_name":"Big Fish","player_choice":"Donut","floor":3.0,"gold_loss":0.0,"damage_taken":0.0},{"cards_removed":["Defend_B"],"damage_healed":0.0,"max_hp_gain":0.0,"max_hp_loss":0.0,"gold_gain":0.0,"event_name":"Golden Wing","player_choice":"Card Removal","floor":5.0,"gold_loss":0.0,"damage_taken":7.0},{"damage_healed":0.0,"max_hp_gain":0.0,"max_hp_loss":0.0,"gold_gain":0.0,"event_name":"FaceTrader","player_choice":"Trade","floor":10.0,"gold_loss":0.0,"damage_taken":0.0,"relics_obtained":["NlothsMask"]},{"damage_healed":0.0,"max_hp_gain":0.0,"max_hp_loss":0.0,"gold_gain":0.0,"event_name":"Cursed Tome","player_choice":"Ignored","floor":31.0,"gold_loss":0.0,"damage_taken":0.0},{"damage_healed":0,"gold_gain":0,"player_choice":"Gave Potion","damage_taken":0,"relics_obtained":["Incense Burner"],"max_hp_gain":0,"max_hp_loss":0,"event_name":"WeMeetAgain","floor":38,"gold_loss":0}],"is_beta":false,"boss_relics":[{"not_picked":["Tiny House","Eternal Feather"],"picked":"Ectoplasm"},{"not_picked":["Runic Pyramid","Cursed Key"],"picked":"Sozu"}],"items_purged_floors":[12,20],"is_endless":false,"potions_floor_spawned":[1,14,21,24,29,33],"killed_by":"Giant Head","ascension_level":2}