{"gold_per_floor":[119,139,149,49,64,97,97,127,127,144,162,178,178,178,178,278,278,289,389,243,158,158,158,175,175,175,186,186,61,79,90,90,185,185,195,45,45,65,65,65,77,77,77,77,77,93,93,113,113,113],"floor_reached":50,"playtime":2851,"items_purged":["Doubt","Strike_R","Strike_R","Bash"],"score":499,"play_id":"317be780-d5fb-4e26-bf18-c636df26c5cb","local_time":"20181006011149","is_ascension_mode":true,"campfire_choices":[{"data":"Rupture","floor":7,"key":"SMITH"},{"floor":15,"key":"REST"},{"data":"Defend_R","floor":23,"key":"SMITH"},{"data":"Defend_R","floor":25,"key":"SMITH"},{"floor":32,"key":"REST"},{"floor":40,"key":"REST"},{"data":"Shrug It Off","floor":42,"key":"SMITH"},{"data":"Iron Wave","floor":45,"key":"SMITH"},{"floor":47,"key":"REST"},{"data":"Juggernaut","floor":49,"key":"SMITH"}],"neow_cost":"CURSE","seed_source_timestamp":1406921877699902,"circlet_count":0,"master_deck":["Strike_R","Strike_R","Strike_R","Defend_R+1","Defend_R+1","Defend_R","Juggernaut+1","Combust","Shrug It Off+1","Cleave","Flex","Rupture+1","Clothesline","Metallicize","Carnage","Iron Wave+1","Juggernaut","Battle Trance","Shrug It Off+1","Brutality","Rage","Ghostly Armor+1","Iron Wave+1"],"relics":["Black Blood","Regal Pillow","Incense Burner","Darkstone Periapt","Sozu","Paper Frog","Question Card","Charon\u0027s Ashes","Mercury Hourglass"],"potions_floor_usage":[10,50],"damage_taken":[{"damage":1,"enemies":"Cultist","floor":1,"turns":4},{"damage":6,"enemies":"2 Louse","floor":2,"turns":3},{"damage":8,"enemies":"Jaw Worm","floor":3,"turns":5},{"damage":1,"enemies":"Exordium Wildlife","floor":5,"turns":2},{"damage":34,"enemies":"3 Sentries","floor":6,"turns":5},{"damage":21,"enemies":"Lagavulin","floor":8,"turns":7},{"damage":14,"enemies":"3 Louse","floor":10,"turns":3},{"damage":12,"enemies":"Blue Slaver","floor":11,"turns":3},{"damage":16,"enemies":"Exordium Thugs","floor":12,"turns":4},{"damage":31,"enemies":"The Guardian","floor":16,"turns":11},{"damage":6,"enemies":"Shell Parasite","floor":18,"turns":5},{"damage":25,"enemies":"2 Thieves","floor":24,"turns":4},{"damage":24,"enemies":"Snecko","floor":27,"turns":6},{"damage":13,"enemies":"Shelled Parasite and Fungi","floor":30,"turns":5},{"damage":16,"enemies":"3 Cultists","floor":31,"turns":5},{"damage":45,"enemies":"Automaton","floor":33,"turns":9},{"damage":41,"enemies":"3 Darklings","floor":35,"turns":4},{"damage":17,"enemies":"Mind Bloom Boss Battle","floor":37,"turns":6},{"damage":9,"enemies":"Orb Walker","floor":38,"turns":4},{"damage":25,"enemies":"Spire Growth","floor":41,"turns":5},{"damage":28,"enemies":"Reptomancer","floor":46,"turns":5},{"damage":14,"enemies":"Maw","floor":48,"turns":6},{"damage":95,"enemies":"Awakened One","floor":50,"turns":7}],"seed_played":"-5887280131137744551","potions_obtained":[{"floor":3,"key":"BloodPotion"},{"floor":6,"key":"FairyPotion"},{"floor":8,"key":"Swift Potion"},{"floor":10,"key":"FearPotion"}],"is_trial":false,"path_per_floor":["M","M","M","$","M","E","R","E","T","M","M","M","?","?","R","B",null,"M","?","$","?","?","R","M","R","T","M","?","$","M","M","R","B",null,"M","$","?","M","?","R","M","R","T","?","R","M","R","M","R"],"character_chosen":"IRONCLAD","items_purchased":["Flex","Shrug It Off"],"campfire_rested":4,"item_purchase_floors":[4,20],"current_hp_per_floor":[80,80,78,78,80,52,52,37,37,29,23,13,39,39,78,53,83,83,83,83,83,83,83,64,64,64,46,46,46,39,29,68,29,83,52,52,45,46,46,83,68,68,68,68,68,50,83,79,79,0],"gold":113,"neow_bonus":"THREE_RARE_CARDS","is_prod":false,"is_daily":false,"chose_seed":false,"campfire_upgraded":6,"win_rate":0,"timestamp":1538806309,"path_taken":["M","?","M","$","M","E","R","E","T","?","M","M","?","?","R","BOSS","M","?","$","?","?","R","M","R","T","M","?","$","M","M","R","BOSS","M","$","?","M","?","R","M","R","T","?","R","M","R","M","R","BOSS"],"build_version":"2018-10-04v2","purchased_purges":4,"victory":false,"max_hp_per_floor":[80,80,80,80,80,80,80,80,80,80,80,80,86,83,83,83,83,83,83,83,83,83,83,83,83,83,83,83,83,83,83,83,83,83,83,83,83,83,83,83,83,83,83,83,83,83,83,83,83,83],"card_choices":[{"not_picked":["Feed","Limit Break"],"picked":"Juggernaut","floor":0},{"not_picked":["Sever Soul","Heavy Blade"],"picked":"Combust","floor":1},{"not_picked":["Thunderclap","Twin Strike"],"picked":"Shrug It Off","floor":2},{"not_picked":["Thunderclap","Havoc"],"picked":"Cleave","floor":3},{"not_picked":["Iron Wave","Havoc"],"picked":"Rupture","floor":5},{"not_picked":["Perfected Strike","Infernal Blade"],"picked":"Clothesline","floor":6},{"not_picked":["Second Wind","Perfected Strike"],"picked":"Metallicize","floor":8},{"not_picked":["Cleave","Twin Strike","Anger"],"picked":"SKIP","floor":10},{"not_picked":["Wild Strike","Shockwave"],"picked":"Carnage","floor":11},{"not_picked":["Burning Pact","Havoc"],"picked":"Iron Wave","floor":12},{"not_picked":["Brutality","Offering"],"picked":"Juggernaut","floor":16},{"not_picked":["Anger","Armaments"],"picked":"Battle Trance","floor":18},{"not_picked":["Iron Wave","Armaments","Carnage"],"picked":"SKIP","floor":24},{"not_picked":["Headbutt","Clothesline","Flex"],"picked":"Brutality","floor":27},{"not_picked":["Pommel Strike+1","Anger+1","Heavy Blade","Headbutt"],"picked":"SKIP","floor":30},{"not_picked":["Anger","Sentinel","Rampage+1"],"picked":"Rage","floor":31},{"not_picked":["Disarm+1","Iron Wave","Havoc+1"],"picked":"Ghostly Armor+1","floor":35},{"not_picked":["Warcry+1","Infernal Blade+1","Power Through","Heavy Blade"],"picked":"SKIP","floor":38},{"not_picked":["Power Through","True Grit+1","Clothesline"],"picked":"Iron Wave+1","floor":41},{"not_picked":["Hemokinesis","Iron Wave","Blood for Blood","Flex"],"picked":"SKIP","floor":46},{"not_picked":["Clothesline+1","Dropkick+1","Second Wind","Demon Form"],"picked":"SKIP","floor":48}],"player_experience":394059,"relics_obtained":[{"floor":6,"key":"Regal Pillow"},{"floor":8,"key":"Incense Burner"},{"floor":9,"key":"Darkstone Periapt"},{"floor":26,"key":"Question Card"},{"floor":37,"key":"Charon\u0027s Ashes"},{"floor":43,"key":"Mercury Hourglass"}],"event_choices":[{"event_name":"Mushrooms","player_choice":"Healed and dodged fight","floor":13,"damage_taken":0},{"event_name":"Living Wall","player_choice":"Forget","floor":14,"damage_taken":0},{"event_name":"Golden Shrine","player_choice":"Pray","floor":19,"damage_taken":0},{"event_name":"Addict","player_choice":"Obtained Relic","floor":21,"damage_taken":0},{"event_name":"Cursed Tome","player_choice":"Ignored","floor":22,"damage_taken":0},{"event_name":"Accursed Blacksmith","player_choice":"Forge","floor":28,"damage_taken":0},{"event_name":"MindBloom","player_choice":"Fight","floor":37,"damage_taken":0},{"event_name":"Mysterious Sphere","player_choice":"Ignore","floor":39,"damage_taken":0},{"event_name":"Falling","player_choice":"Removed Skill","floor":44,"damage_taken":0}],"is_beta":false,"boss_relics":[{"not_picked":["Empty Cage","Coffee Dripper"],"picked":"Sozu"},{"not_picked":["Pandora\u0027s Box","Fusion Hammer"],"picked":"Black Blood"}],"items_purged_floors":[4,20,29,36],"is_endless":false,"potions_floor_spawned":[3,6,8,10,16,31,33,37,46,48],"killed_by":"Awakened One","ascension_level":2}