{"gold_per_floor":[118,118,118,118,142,180,52,86,161,161,195,195,24,0,0,121,121,134,134,149,64,85,85,85,126,153,153,168,168,189,202,202,202],"floor_reached":33,"playtime":1959,"items_purged":["Strike_B","Defend_B"],"score":480,"play_id":"7b0cb529-2629-4395-8c02-73531e0fd4d8","local_time":"20191010143716","is_ascension_mode":true,"campfire_choices":[{"floor":10,"key":"REST"},{"floor":12,"key":"REST"},{"floor":15,"key":"REST"},{"data":"Creative AI","floor":23,"key":"SMITH"},{"floor":27,"key":"REST"},{"floor":32,"key":"REST"}],"neow_cost":"NONE","seed_source_timestamp":39686259785100,"circlet_count":0,"master_deck":["Strike_B+1","Strike_B+1","Strike_B+1","Defend_B+1","Defend_B+1","Zap+1","Dualcast","Reboot","Leap","Melter","Sunder","Gash","Electrodynamics","Loop","Glacier","Creative AI+1","Leap+1","Gash+1","Leap+1","Ball Lightning+1","Conserve Battery","Beam Cell","Chill","Heatsinks"],"relics":["Cracked Core","Golden Idol","Whetstone","Du-Vu Doll","Question Card","Calipers","Philosopher\u0027s Stone","DataDisk","MutagenicStrength","Bottled Tornado","Centennial Puzzle"],"potions_floor_usage":[11,16,18,20,25,30],"damage_taken":[{"damage":0,"enemies":"Small Slimes","floor":1,"turns":2},{"damage":2,"enemies":"Jaw Worm","floor":5,"turns":4},{"damage":16,"enemies":"Lagavulin","floor":6,"turns":6},{"damage":36,"enemies":"Gremlin Nob","floor":8,"turns":4},{"damage":26,"enemies":"Lagavulin","floor":11,"turns":4},{"damage":0,"enemies":"Slime Boss","floor":16,"turns":8},{"damage":15,"enemies":"2 Thieves","floor":18,"turns":3},{"damage":12,"enemies":"3 Byrds","floor":20,"turns":2},{"damage":0,"enemies":"Centurion and Healer","floor":22,"turns":5},{"damage":17,"enemies":"Slavers","floor":25,"turns":4},{"damage":7,"enemies":"Snake Plant","floor":28,"turns":5},{"damage":0,"enemies":"Snecko","floor":30,"turns":3},{"damage":0,"enemies":"Centurion and Healer","floor":31,"turns":4},{"damage":53,"enemies":"Collector","floor":33,"turns":7}],"seed_played":"-7842969077780473985","potions_obtained":[{"floor":8,"key":"Fire Potion"},{"floor":11,"key":"Strength Potion"},{"floor":16,"key":"Block Potion"},{"floor":18,"key":"GamblersBrew"},{"floor":22,"key":"Energy Potion"},{"floor":25,"key":"Poison Potion"},{"floor":31,"key":"SteroidPotion"}],"is_trial":false,"path_per_floor":["M","?","?","?","M","E","$","E","T","R","E","R","$","?","R","B",null,"M","?","M","?","M","R","?","E","T","R","M","?","M","M","R","B"],"character_chosen":"DEFECT","items_purchased":["Gash","Glacier"],"campfire_rested":5,"item_purchase_floors":[7,13],"current_hp_per_floor":[68,68,61,61,59,43,43,7,7,27,1,21,21,21,41,41,62,47,47,35,35,35,35,35,18,18,38,31,31,31,31,51,0],"gold":202,"neow_bonus":"ONE_RANDOM_RARE_CARD","is_prod":false,"is_daily":false,"chose_seed":false,"campfire_upgraded":1,"win_rate":0,"timestamp":1570736236,"path_taken":["M","?","?","?","M","E","?","E","T","R","E","R","$","?","R","BOSS","M","?","M","?","M","R","?","E","T","R","M","?","?","M","R","BOSS"],"build_version":"2019-07-17","purchased_purges":2,"victory":false,"max_hp_per_floor":[75,75,75,69,69,69,69,69,69,69,69,69,69,69,69,69,69,69,69,69,69,69,69,69,69,69,69,69,69,69,69,69,69],"card_choices":[{"not_picked":["Steam","Sweeping Beam"],"picked":"Leap","floor":1},{"not_picked":["Gash","Hologram"],"picked":"Melter","floor":5},{"not_picked":["Steam","Coolheaded"],"picked":"Sunder","floor":6},{"not_picked":["Go for the Eyes","Rebound"],"picked":"Electrodynamics","floor":8},{"not_picked":["Sweeping Beam","Coolheaded","Rebound"],"picked":"Loop","floor":11},{"not_picked":["Electrodynamics","All For One","Seek"],"picked":"Creative AI","floor":16},{"not_picked":["Hello World","Beam Cell+1","Cold Snap"],"picked":"Leap+1","floor":18},{"not_picked":["Self Repair","Force Field+1","Darkness"],"picked":"Gash+1","floor":20},{"not_picked":["Streamline+1","Amplify","Gash"],"picked":"Leap+1","floor":22},{"not_picked":["Go for the Eyes","Hologram","Tempest"],"picked":"Ball Lightning+1","floor":25},{"not_picked":["Capacitor","Turbo","Barrage"],"picked":"Conserve Battery","floor":28},{"not_picked":["Hologram+1","Tempest","Sweeping Beam"],"picked":"Chill","floor":30},{"not_picked":["Barrage+1","Go for the Eyes","Gash+1"],"picked":"Heatsinks","floor":31}],"player_experience":817269,"relics_obtained":[{"floor":6,"key":"Whetstone"},{"floor":8,"key":"Du-Vu Doll"},{"floor":9,"key":"Question Card"},{"floor":11,"key":"Calipers"},{"floor":25,"key":"Bottled Tornado"},{"floor":26,"key":"Centennial Puzzle"}],"event_choices":[{"damage_healed":0,"gold_gain":0,"player_choice":"Grow","damage_taken":0,"max_hp_gain":0,"max_hp_loss":0,"event_name":"Living Wall","floor":2,"gold_loss":0,"cards_upgraded":["Zap"]},{"cards_removed":["Defend_B"],"damage_healed":0,"gold_gain":0,"player_choice":"Card Removal","damage_taken":7,"max_hp_gain":0,"max_hp_loss":0,"event_name":"Golden Wing","floor":3,"gold_loss":0},{"damage_healed":0,"gold_gain":0,"player_choice":"Lose Max HP","damage_taken":0,"relics_obtained":["Golden Idol"],"max_hp_gain":0,"max_hp_loss":6,"event_name":"Golden Idol","floor":4,"gold_loss":0},{"damage_healed":0,"gold_gain":0,"player_choice":"Left Gold","damage_taken":0,"max_hp_gain":0,"max_hp_loss":0,"event_name":"World of Goop","floor":14,"gold_loss":24},{"damage_healed":0,"gold_gain":0,"player_choice":"Simplicity","damage_taken":0,"max_hp_gain":0,"max_hp_loss":0,"event_name":"Back to Basics","floor":19,"gold_loss":0,"cards_upgraded":["Strike_B","Defend_B","Defend_B"]},{"damage_healed":0,"gold_gain":0,"player_choice":"Obtained Relic","damage_taken":0,"relics_obtained":["DataDisk"],"max_hp_gain":0,"max_hp_loss":0,"event_name":"Addict","floor":21,"gold_loss":85},{"damage_healed":0,"gold_gain":0,"player_choice":"Inject Mutagens","damage_taken":0,"relics_obtained":["MutagenicStrength"],"max_hp_gain":0,"max_hp_loss":0,"event_name":"Drug Dealer","floor":24,"gold_loss":0},{"damage_healed":0,"gold_gain":0,"player_choice":"1 cards matched","damage_taken":0,"max_hp_gain":0,"max_hp_loss":0,"event_name":"Match and Keep!","floor":29,"gold_loss":0,"cards_obtained":["Beam Cell"]}],"is_beta":false,"boss_relics":[{"not_picked":["Runic Pyramid","Pandora\u0027s Box"],"picked":"Philosopher\u0027s Stone"}],"items_purged_floors":[7,13],"is_endless":false,"potions_floor_spawned":[8,11,16,18,22,25,31],"killed_by":"Collector","ascension_level":9}