{"path_per_floor":["M","M","M","?","M","R","T","M","T","$","?","R","M","?","R","B",null,"M","M","?","$","M","R","M","M","T","R","M","$","M","M","R"],"character_chosen":"IRONCLAD","items_purchased":["Bandage Up","Carnage","Whirlwind","Finesse"],"gold_per_floor":[116,127,140,140,154,154,154,174,174,69,121,121,137,137,137,242,242,259,273,273,203,222,222,239,251,251,251,265,55,74,91,91],"floor_reached":33,"campfire_rested":1,"playtime":2705,"current_hp_per_floor":[80,80,76,76,80,80,80,80,80,80,80,80,79,79,79,59,80,80,80,65,65,67,85,84,85,85,85,85,85,85,85,85],"items_purged":["Defend_R"],"gold":91,"score":243,"play_id":"cc390fc6-2bbd-43a5-a717-cde0f836188c","local_time":"20180302234114","is_prod":false,"is_daily":false,"is_ascension_mode":false,"campfire_upgraded":2,"timestamp":1520055674,"path_taken":["M","M","M","?","M","R","?","M","T","$","?","R","M","?","R","BOSS","M","M","?","?","M","R","M","M","T","R","M","?","?","M","R","BOSS"],"build_version":"2018-03-01-PROD1","purchased_purges":1,"victory":false,"master_deck":["Strike_R","Strike_R","Strike_R","Strike_R","Strike_R","Defend_R","Defend_R","Defend_R","Bash","Bludgeon+1","Cleave+1","Offering","Flame Barrier+1","Thunderclap","Iron Wave","Bandage Up","Twin Strike","Reaper","Shrug It Off+1","Clothesline","Carnage+1","Body Slam","Bloodletting","Whirlwind","Finesse","Cleave+1","Ghostly Armor+1"],"max_hp_per_floor":[80,80,80,80,80,80,80,80,80,80,80,80,80,80,80,80,80,80,80,85,85,85,85,85,85,85,85,85,85,85,85,85],"relics":["Burning Blood","Girya","Mummified Hand","Velvet Choker","Bird Faced Urn"],"card_choices":[{"not_picked":["Dropkick","Headbutt"],"picked":"Cleave"},{"not_picked":["Sword Boomerang","Metallicize"],"picked":"Offering"},{"not_picked":["Twin Strike","Headbutt"],"picked":"Flame Barrier"},{"not_picked":["Burning Pact","Pummel"],"picked":"Thunderclap"},{"not_picked":["Corruption","Perfected Strike"],"picked":"Iron Wave"},{"not_picked":["Perfected Strike","Thunderclap"],"picked":"Twin Strike"},{"not_picked":["Impervious","Juggernaut"],"picked":"Reaper"},{"not_picked":["Entrench","Twin Strike"],"picked":"Shrug It Off"},{"not_picked":["Cleave","Carnage"],"picked":"Clothesline"},{"not_picked":["Metallicize","Blood for Blood"],"picked":"Body Slam"},{"not_picked":["True Grit","Second Wind"],"picked":"Bloodletting"},{"not_picked":["Iron Wave","Intimidate"],"picked":"Cleave"},{"not_picked":["Armaments","Rupture"],"picked":"Ghostly Armor"}],"player_experience":3855,"potions_floor_usage":[16,16,16,19,28,33,33,33],"damage_taken":[{"damage":2,"enemies":"2 Louse","floor":1,"turns":3},{"damage":0,"enemies":"Small Slimes","floor":2,"turns":3},{"damage":10,"enemies":"Jaw Worm","floor":3,"turns":2},{"damage":1,"enemies":"2 Fungi Beasts","floor":5,"turns":4},{"damage":5,"enemies":"Looter","floor":8,"turns":4},{"damage":7,"enemies":"3 Louse","floor":13,"turns":3},{"damage":30,"enemies":"Slime Boss","floor":16,"turns":9},{"damage":5,"enemies":"Chosen","floor":18,"turns":3},{"damage":10,"enemies":"2 Thieves","floor":19,"turns":3},{"damage":8,"enemies":"Sentry and Sphere","floor":22,"turns":4},{"damage":7,"enemies":"Chosen and Byrds","floor":24,"turns":5},{"damage":4,"enemies":"Cultist and Chosen","floor":25,"turns":4},{"damage":11,"enemies":"Centurion and Healer","floor":28,"turns":4},{"damage":0,"enemies":"Snecko","floor":30,"turns":3},{"damage":9,"enemies":"Snake Plant","floor":31,"turns":3},{"damage":112,"enemies":"Champ","floor":33,"turns":10}],"event_choices":[{"event_name":"Living Wall","player_choice":"Grow","floor":4,"damage_taken":0},{"event_name":"Golden Wing","player_choice":"Gained Gold","floor":11,"damage_taken":0},{"event_name":"Upgrade Shrine","player_choice":"Upgraded","floor":14,"damage_taken":0},{"event_name":"Forgotten Altar","player_choice":"Shed Blood","floor":20,"damage_taken":0}],"boss_relics":[{"not_picked":["Lizard Tail","Runic Pyramid"],"picked":"Velvet Choker"}],"potions_floor_spawned":[1,8,13,18,24,25,30,31],"seed_played":"633597614240521060","killed_by":"Champ","ascension_level":0,"is_trial":false}