{"gold_per_floor":[13,0,0,18,18,18,43,43,120,44,59,69,69,45,45,150,150,168,168,168,183,210,210],"floor_reached":23,"playtime":1810,"items_purged":[],"score":259,"play_id":"7cf2bab1-3ff1-433b-b8bf-661a1249533b","local_time":"20181122150546","is_ascension_mode":true,"campfire_choices":[{"data":"Glacier","floor":6,"key":"SMITH"},{"data":"Streamline","floor":15,"key":"SMITH"}],"neow_cost":"NO_GOLD","seed_source_timestamp":0,"circlet_count":0,"master_deck":["Strike_B","Strike_B","Strike_B","Strike_B","Defend_B","Defend_B","Defend_B","Defend_B","Zap","Dualcast","Glacier+1","Streamline+1","Sunder","Leap","Conserve Battery","Undo","Redo","Buffer","RitualDagger"],"special_seed":0,"relics":["Cracked Core","Happy Flower","Coffee Dripper","Lantern"],"potions_floor_usage":[],"damage_taken":[{"damage":3,"enemies":"Small Slimes","floor":1,"turns":3},{"damage":0,"enemies":"2 Louse","floor":4,"turns":3},{"damage":18,"enemies":"3 Sentries","floor":7,"turns":9},{"damage":0,"enemies":"Cultist","floor":11,"turns":2},{"damage":2,"enemies":"Large Slime","floor":12,"turns":5},{"damage":16,"enemies":"The Guardian","floor":16,"turns":13},{"damage":3,"enemies":"2 Thieves","floor":18,"turns":5},{"damage":5,"enemies":"Shell Parasite","floor":21,"turns":7},{"damage":83,"enemies":"Gremlin Leader","floor":23,"turns":11}],"seed_played":"3492444251218221330","potions_obtained":[{"floor":4,"key":"PowerPotion"},{"floor":7,"key":"FearPotion"},{"floor":8,"key":"Weak Potion"},{"floor":16,"key":"Block Potion"}],"is_trial":false,"path_per_floor":["M","?","?","M","?","R","E","?","T","$","M","M","?","$","R","B",null,"M","?","?","M","T","E"],"character_chosen":"DEFECT","items_purchased":["Leap","Conserve Battery","Redo"],"campfire_rested":0,"item_purchase_floors":[10,10,14],"current_hp_per_floor":[86,86,86,86,86,86,68,68,68,68,68,66,71,71,71,55,84,81,75,75,70,70,0],"gold":210,"neow_bonus":"TWENTY_PERCENT_HP_BONUS","is_prod":false,"is_daily":false,"chose_seed":false,"campfire_upgraded":2,"win_rate":0,"timestamp":1542920746,"path_taken":["M","?","?","M","?","R","E","?","T","$","?","M","?","$","R","BOSS","M","?","?","M","?","E"],"build_version":"2018-11-15","purchased_purges":0,"victory":false,"max_hp_per_floor":[89,89,89,89,89,89,89,89,89,89,89,89,94,94,94,94,94,94,94,94,94,94,94],"card_choices":[{"not_picked":["Hologram","Capacitor"],"picked":"Glacier","floor":1},{"not_picked":["Compile Driver","Beam Cell"],"picked":"Streamline","floor":4},{"not_picked":["Redo","Gash"],"picked":"Sunder","floor":7},{"not_picked":["Reboot","Heatsinks"],"picked":"Undo","floor":11},{"not_picked":["Genetic Algorithm","Coolheaded","Hello World"],"picked":"SKIP","floor":12},{"not_picked":["Multi-Cast","Fission"],"picked":"Buffer","floor":16},{"not_picked":["Sweeping Beam","Steam","Genetic Algorithm+1"],"picked":"SKIP","floor":18},{"not_picked":["Go for the Eyes+1","Barrage+1","Cold Snap+1"],"picked":"SKIP","floor":21}],"player_experience":617600,"relics_obtained":[{"floor":7,"key":"Happy Flower"},{"floor":22,"key":"Lantern"}],"event_choices":[{"damage_healed":0,"gold_gain":0,"player_choice":"Left Gold","damage_taken":0,"max_hp_gain":0,"max_hp_loss":0,"event_name":"World of Goop","floor":2,"gold_loss":13},{"damage_healed":0,"gold_gain":0,"player_choice":"Leave","damage_taken":0,"max_hp_gain":0,"max_hp_loss":0,"event_name":"The Cleric","floor":3,"gold_loss":0},{"damage_healed":0,"gold_gain":0,"player_choice":"Ignored","damage_taken":0,"max_hp_gain":0,"max_hp_loss":0,"event_name":"Liars Game","floor":5,"gold_loss":0},{"damage_healed":0,"gold_gain":0,"player_choice":"Got Potions","damage_taken":0,"max_hp_gain":0,"max_hp_loss":0,"event_name":"Lab","floor":8,"gold_loss":0},{"damage_healed":0,"gold_gain":0,"player_choice":"Donut","damage_taken":0,"max_hp_gain":5,"max_hp_loss":0,"event_name":"Big Fish","floor":13,"gold_loss":0},{"damage_healed":0,"gold_gain":0,"player_choice":"Joined the Cult","damage_taken":6,"max_hp_gain":0,"max_hp_loss":0,"event_name":"Nest","floor":19,"gold_loss":0,"cards_obtained":["RitualDagger"]},{"damage_healed":0,"gold_gain":0,"player_choice":"Ignored","damage_taken":0,"max_hp_gain":0,"max_hp_loss":0,"event_name":"Cursed Tome","floor":20,"gold_loss":0}],"is_beta":false,"boss_relics":[{"not_picked":["Calling Bell","Runic Pyramid"],"picked":"Coffee Dripper"}],"items_purged_floors":[],"is_endless":false,"potions_floor_spawned":[4,7,16],"killed_by":"Gremlin Leader","ascension_level":5}