{"gold_per_floor":[114,125,50,50,50,50,75,102,183,195,220,250,281,311,323,440,452,474,501,513],"floor_reached":20,"playtime":1036,"items_purged":["Strike_B"],"score":187,"play_id":"30146ebb-1512-4547-9fc5-e1052f41b87e","local_time":"20181003005357","is_ascension_mode":true,"campfire_choices":[{"data":"Fission","floor":6,"key":"SMITH"},{"data":"Zap","floor":10,"key":"SMITH"},{"floor":15,"key":"REST"}],"neow_cost":"NONE","seed_source_timestamp":1148440595207346,"circlet_count":0,"master_deck":["Strike_B","Strike_B","Strike_B+1","Defend_B","Defend_B","Defend_B","Defend_B","Zap+1","Dualcast","Fission+1","Gash","Doom and Gloom+1","Capacitor","Streamline","Darkness","Conserve Battery","Reboot","Redo+1","FTL"],"relics":["Cracked Core","MawBank","Ornamental Fan","Sozu"],"potions_floor_usage":[2],"damage_taken":[{"damage":0,"enemies":"Cultist","floor":1,"turns":4},{"damage":6,"enemies":"Jaw Worm","floor":2,"turns":3},{"damage":26,"enemies":"Lagavulin","floor":7,"turns":5},{"damage":0,"enemies":"2 Louse","floor":8,"turns":2},{"damage":8,"enemies":"Large Slime","floor":11,"turns":4},{"damage":0,"enemies":"3 Louse","floor":12,"turns":1},{"damage":11,"enemies":"Exordium Thugs","floor":13,"turns":3},{"damage":1,"enemies":"Lots of Slimes","floor":14,"turns":2},{"damage":16,"enemies":"Slime Boss","floor":16,"turns":8},{"damage":34,"enemies":"Shell Parasite","floor":18,"turns":5},{"damage":16,"enemies":"3 Byrds","floor":19,"turns":5},{"damage":25,"enemies":"Centurion and Healer","floor":20,"turns":3}],"seed_played":"1051433678696900515","potions_obtained":[{"floor":1,"key":"Fire Potion"},{"floor":7,"key":"SteroidPotion"},{"floor":16,"key":"LiquidBronze"}],"is_trial":false,"path_per_floor":["M","M","$","?","?","R","E","M","T","R","M","M","M","M","R","B",null,"M","M"],"character_chosen":"DEFECT","items_purchased":[],"campfire_rested":1,"item_purchase_floors":[],"current_hp_per_floor":[75,69,69,54,75,75,49,49,49,49,41,41,30,29,51,35,75,41,25,0],"gold":513,"neow_bonus":"ONE_RANDOM_RARE_CARD","is_prod":false,"is_daily":false,"chose_seed":false,"campfire_upgraded":2,"win_rate":0,"timestamp":1538546037,"path_taken":["M","?","$","?","?","R","E","M","T","R","M","?","M","M","R","BOSS","M","M","M"],"build_version":"2018-09-27","purchased_purges":1,"victory":false,"max_hp_per_floor":[75,75,75,75,75,75,75,75,75,75,75,75,75,75,75,75,75,75,75,75],"card_choices":[{"not_picked":["Aggregate","Steam"],"picked":"Gash","floor":1},{"not_picked":["Chill","Double Energy"],"picked":"Doom and Gloom","floor":2},{"not_picked":["Leap","Ball Lightning"],"picked":"Capacitor","floor":7},{"not_picked":["FTL","Leap"],"picked":"Streamline","floor":8},{"not_picked":["Doom and Gloom","Recycle","Go for the Eyes"],"picked":"SKIP","floor":11},{"not_picked":["Compile Driver","Doom and Gloom","Cold Snap"],"picked":"SKIP","floor":12},{"not_picked":["Recycle","Hologram"],"picked":"Darkness","floor":13},{"not_picked":["Barrage","Redo"],"picked":"Conserve Battery","floor":14},{"not_picked":["Hyperbeam","Seek"],"picked":"Reboot","floor":16},{"not_picked":["Hologram+1","Barrage"],"picked":"Redo+1","floor":18},{"not_picked":["Rebound","Double Energy"],"picked":"FTL","floor":19}],"player_experience":358673,"relics_obtained":[{"floor":7,"key":"MawBank"},{"floor":9,"key":"Ornamental Fan"}],"event_choices":[{"event_name":"Shining Light","player_choice":"Entered Light","floor":4,"damage_taken":0},{"event_name":"Wheel of Change","player_choice":"Full Heal","floor":5,"damage_taken":0}],"is_beta":false,"boss_relics":[{"not_picked":["Runic Pyramid","Nuclear Battery"],"picked":"Sozu"}],"items_purged_floors":[3],"is_endless":false,"potions_floor_spawned":[1,7,16,18],"killed_by":"Centurion and Healer","ascension_level":1}