{"gold_per_floor":[14,14,14,26,63,75,112,49,49,90,105,125,169,182,182,310,310,323,323,248,248,47,47,25,25,25,25,25,40,54,3,3,127,127,151,171,186,99,122,122,140,159,186,186,211,279,304,328,328,328],"floor_reached":51,"playtime":2817,"items_purged":["Strike_B"],"score":915,"play_id":"a2d874f5-76fb-4f82-a3ec-efbcff24b324","local_time":"20191003005246","is_ascension_mode":true,"campfire_choices":[{"data":"Dualcast","floor":6,"key":"SMITH"},{"floor":15,"key":"REST"},{"data":"Buffer","floor":23,"key":"SMITH"},{"data":"Defragment","floor":25,"key":"SMITH"},{"data":"Thunder Strike","floor":27,"key":"SMITH"},{"data":"Defragment","floor":32,"key":"SMITH"},{"data":"Ball Lightning","floor":40,"key":"SMITH"},{"floor":44,"key":"REST"},{"floor":49,"key":"REST"}],"neow_cost":"NO_GOLD","seed_source_timestamp":859967024644400,"circlet_count":0,"master_deck":["Zap+1","Dualcast+1","Thunder Strike+1","Self Repair","Ball Lightning+1","Gash+1","Buffer+1","Coolheaded+1","Machine Learning","Melter+1","Fission+1","Glacier+1","Cold Snap+1","Double Energy+1","Scrape+1","Chaos+1","Cold Snap+1","Defragment+1","Redo+1","Hologram+1","Defragment+1","FTL+1","Conserve Battery+1","Rainbow+1","Gash+1","Gash+1","Conserve Battery+1","Tempest+1","Compile Driver+1","Double Energy+1","Buffer","BootSequence+1"],"relics":["Cracked Core","Peace Pipe","Golden Idol","MawBank","Potion Belt","Mercury Hourglass","Toxic Egg 2","Molten Egg 2","Pandora\u0027s Box","Ice Cream","Sozu","Bronze Scales","Incense Burner"],"potions_floor_usage":[10,13,46],"damage_taken":[{"damage":4,"enemies":"Jaw Worm","floor":1,"turns":3},{"damage":0,"enemies":"2 Louse","floor":7,"turns":2},{"damage":22,"enemies":"Gremlin Nob","floor":10,"turns":4},{"damage":0,"enemies":"Small Slimes","floor":11,"turns":2},{"damage":6,"enemies":"3 Louse","floor":12,"turns":3},{"damage":18,"enemies":"Lagavulin","floor":13,"turns":3},{"damage":1,"enemies":"Blue Slaver","floor":14,"turns":2},{"damage":21,"enemies":"The Guardian","floor":16,"turns":9},{"damage":18,"enemies":"2 Thieves","floor":18,"turns":3},{"damage":0,"enemies":"Chosen","floor":29,"turns":4},{"damage":0,"enemies":"Sentry and Sphere","floor":30,"turns":4},{"damage":0,"enemies":"Automaton","floor":33,"turns":8},{"damage":0,"enemies":"3 Darklings","floor":35,"turns":4},{"damage":0,"enemies":"Orb Walker","floor":36,"turns":3},{"damage":12,"enemies":"Sphere and 2 Shapes","floor":37,"turns":3},{"damage":18,"enemies":"Spire Growth","floor":39,"turns":4},{"damage":27,"enemies":"3 Darklings","floor":41,"turns":3},{"damage":0,"enemies":"Sphere and 2 Shapes","floor":42,"turns":4},{"damage":11,"enemies":"Spire Growth","floor":45,"turns":3},{"damage":22,"enemies":"2 Orb Walkers","floor":46,"turns":3},{"damage":0,"enemies":"Transient","floor":47,"turns":5},{"damage":0,"enemies":"Maw","floor":48,"turns":5},{"damage":46,"enemies":"Time Eater","floor":50,"turns":8}],"seed_played":"-7234073538151825910","potions_obtained":[{"floor":7,"key":"Explosive Potion"},{"floor":11,"key":"AttackPotion"},{"floor":16,"key":"GamblersBrew"},{"floor":18,"key":"SteroidPotion"}],"is_trial":false,"path_per_floor":["M","?","?","?","T","R","M","$","T","E","M","M","E","M","R","B",null,"M","?","?","?","$","R","$","R","T","R","$","M","M","$","R","B",null,"M","M","M","$","M","R","M","M","T","R","M","?","M","M","R","B",null],"character_chosen":"DEFECT","items_purchased":["Chaos+1","Cold Snap+1","Defragment","Redo+1","Hologram+1","Conserve Battery+1","Tempest+1","Compile Driver+1"],"campfire_rested":3,"item_purchase_floors":[22,22,22,22,24,31,38,38],"current_hp_per_floor":[64,64,52,52,52,52,52,52,52,30,30,31,13,12,32,18,56,38,38,38,38,38,38,38,38,38,38,38,45,52,52,52,52,65,69,69,64,64,53,53,26,26,26,46,35,13,20,27,47,8],"gold":328,"neow_bonus":"ONE_RARE_RELIC","is_prod":false,"is_daily":false,"chose_seed":false,"campfire_upgraded":6,"win_rate":0,"timestamp":1570081966,"path_taken":["M","?","?","?","?","R","M","?","T","E","M","M","E","M","R","BOSS","M","?","?","?","$","R","$","R","T","R","?","M","?","$","R","BOSS","M","?","M","?","?","R","M","M","T","R","M","?","M","M","R","BOSS"],"build_version":"2019-07-17","purchased_purges":1,"victory":true,"max_hp_per_floor":[75,69,69,69,69,69,69,69,69,69,69,69,69,69,69,69,69,69,69,69,69,69,69,69,69,69,69,69,69,69,69,69,69,69,69,69,69,69,69,69,69,69,69,69,69,69,69,69,69,69],"card_choices":[{"not_picked":["Go for the Eyes","Loop","Turbo"],"picked":"SKIP","floor":1},{"not_picked":["Steam","Blizzard"],"picked":"Cold Snap","floor":7},{"not_picked":["Steam","Melter"],"picked":"Thunder Strike","floor":10},{"not_picked":["Hello World","Stack+1"],"picked":"Self Repair","floor":11},{"not_picked":["Steam+1","Double Energy+1"],"picked":"Ball Lightning","floor":12},{"not_picked":["Fission+1","Chill+1"],"picked":"Gash","floor":13},{"not_picked":["Aggregate+1","Stack+1","Beam Cell+1"],"picked":"SKIP","floor":14},{"not_picked":["Hyperbeam+1","Seek+1"],"picked":"Buffer","floor":16},{"not_picked":["Reprogram+1","Turbo+1"],"picked":"Cold Snap+1","floor":18},{"not_picked":["Sweeping Beam+1","Cold Snap+1"],"picked":"Defragment","floor":29},{"not_picked":["Scrape+1","Stack+1"],"picked":"FTL+1","floor":30},{"not_picked":["Reboot+1","Echo Form"],"picked":"Rainbow+1","floor":33},{"not_picked":["Streamline+1","Compile Driver+1"],"picked":"Gash+1","floor":35},{"not_picked":["Conserve Battery+1","Genetic Algorithm+1"],"picked":"Gash+1","floor":36},{"not_picked":["Melter+1","Turbo+1"],"picked":"Conserve Battery+1","floor":37},{"not_picked":["Sweeping Beam+1","Reboot+1"],"picked":"Double Energy+1","floor":39},{"not_picked":["Rebound+1","Self Repair","Redo+1"],"picked":"SKIP","floor":41},{"not_picked":["Sweeping Beam+1","Aggregate+1","Turbo+1"],"picked":"SKIP","floor":42},{"not_picked":["Go for the Eyes+1","Aggregate+1","Darkness+1"],"picked":"SKIP","floor":45},{"not_picked":["Storm","Chaos+1"],"picked":"Buffer","floor":47},{"not_picked":["Streamline+1","Ball Lightning+1"],"picked":"BootSequence+1","floor":48}],"player_experience":775362,"relics_obtained":[{"floor":5,"key":"Potion Belt"},{"floor":9,"key":"Mercury Hourglass"},{"floor":10,"key":"Toxic Egg 2"},{"floor":13,"key":"Molten Egg 2"},{"floor":26,"key":"Ice Cream"},{"floor":43,"key":"Bronze Scales"},{"floor":46,"key":"Incense Burner"}],"event_choices":[{"damage_healed":0,"gold_gain":0,"player_choice":"Lose Max HP","damage_taken":0,"relics_obtained":["Golden Idol"],"max_hp_gain":0,"max_hp_loss":6,"event_name":"Golden Idol","floor":2,"gold_loss":0},{"damage_healed":0,"gold_gain":0,"player_choice":"Success","damage_taken":12,"relics_obtained":["MawBank"],"max_hp_gain":0,"max_hp_loss":0,"event_name":"Scrap Ooze","floor":3,"gold_loss":0},{"damage_healed":0,"gold_gain":0,"player_choice":"Grow","damage_taken":0,"max_hp_gain":0,"max_hp_loss":0,"event_name":"Living Wall","floor":4,"gold_loss":0,"cards_upgraded":["Zap"]},{"damage_healed":0,"gold_gain":0,"cards_transformed":["Hello World","Consume"],"player_choice":"Became Test Subject","damage_taken":0,"max_hp_gain":0,"max_hp_loss":0,"event_name":"Drug Dealer","floor":19,"gold_loss":0,"cards_obtained":["Double Energy","Scrape"]},{"cards_removed":["Cold Snap"],"damage_healed":0,"gold_gain":0,"player_choice":"Gave Gold","damage_taken":0,"max_hp_gain":0,"max_hp_loss":0,"event_name":"Beggar","floor":20,"gold_loss":75},{"damage_healed":0,"gold_gain":0,"player_choice":"Ignored","damage_taken":0,"max_hp_gain":0,"max_hp_loss":0,"event_name":"Cursed Tome","floor":21,"gold_loss":0},{"damage_healed":0,"gold_gain":0,"player_choice":"Fight","damage_taken":0,"max_hp_gain":0,"max_hp_loss":0,"event_name":"Mysterious Sphere","floor":46,"gold_loss":0}],"is_beta":false,"boss_relics":[{"not_picked":["Snecko Eye","Fusion Hammer"],"picked":"Pandora\u0027s Box"},{"not_picked":["Empty Cage","Velvet Choker"],"picked":"Sozu"}],"items_purged_floors":[8],"is_endless":false,"potions_floor_spawned":[7,11,16,18,35,36,39,48],"ascension_level":7}