{"path_per_floor":["M","M","M","$","M","R","E","R","T","R","?","M","?","M","R","B",null,"M","M","$","M"],"character_chosen":"IRONCLAD","items_purchased":["Madness"],"gold_per_floor":[109,126,140,34,53,53,86,86,112,112,112,132,82,99,99,200,200,200,200,200,200,200],"floor_reached":22,"campfire_rested":1,"playtime":1636,"current_hp_per_floor":[80,71,72,72,78,78,57,57,57,57,80,76,76,62,80,36,80,80,69,69,57,34],"items_purged":[],"gold":200,"score":188,"play_id":"773e811f-8454-4e41-837a-3ae533519deb","local_time":"20180330013943","is_prod":false,"is_daily":false,"is_ascension_mode":false,"campfire_upgraded":3,"timestamp":1522391983,"path_taken":["M","M","M","$","M","R","E","R","T","R","?","M","?","M","R","BOSS","M","M","$","M","M"],"build_version":"2018-03-29","purchased_purges":0,"victory":false,"master_deck":["Strike_R","Strike_R","Strike_R","Strike_R","Strike_R","Defend_R","Defend_R","Defend_R","Defend_R","Bash+1","Body Slam+1","Feel No Pain+1","Flame Barrier","Madness","Juggernaut","Exhume","Wild Strike","Havoc"],"max_hp_per_floor":[80,80,80,80,80,80,80,80,80,80,80,80,80,80,80,80,80,80,80,80,80,80],"relics":["Burning Blood","Letter Opener","Regal Pillow","Ectoplasm"],"card_choices":[{"not_picked":["Sword Boomerang","Warcry"],"picked":"Body Slam","floor":0},{"not_picked":["Searing Blow","Fire Breathing"],"picked":"Feel No Pain","floor":1},{"not_picked":["Cleave","True Grit"],"picked":"Warcry","floor":2},{"not_picked":["Rupture","Carnage"],"picked":"Flame Barrier","floor":3},{"not_picked":["Armaments","Iron Wave"],"picked":"Juggernaut","floor":7},{"not_picked":["Offering","Dark Embrace"],"picked":"Exhume","floor":16},{"not_picked":["Metallicize","Flex"],"picked":"Wild Strike","floor":19},{"not_picked":["Pommel Strike","True Grit"],"picked":"Havoc","floor":21}],"player_experience":228742,"potions_floor_usage":[19,19,22],"damage_taken":[{"damage":2,"enemies":"2 Louse","floor":1,"turns":4},{"damage":15,"enemies":"Small Slimes","floor":2,"turns":5},{"damage":5,"enemies":"Cultist","floor":3,"turns":4},{"damage":0,"enemies":"2 Fungi Beasts","floor":5,"turns":5},{"damage":27,"enemies":"Gremlin Nob","floor":7,"turns":5},{"damage":10,"enemies":"Looter","floor":12,"turns":4},{"damage":20,"enemies":"Large Slime","floor":14,"turns":7},{"damage":50,"enemies":"Slime Boss","floor":16,"turns":15},{"damage":4,"enemies":"Shell Parasite","floor":18,"turns":7},{"damage":17,"enemies":"Spheric Guardian","floor":19,"turns":5},{"damage":18,"enemies":"Snake Plant","floor":21,"turns":5},{"damage":23,"enemies":"Sentry and Sphere","floor":22,"turns":3}],"event_choices":[{"event_name":"Big Fish","player_choice":"Banana","floor":11,"damage_taken":0},{"event_name":"The Cleric","player_choice":"Card Removal","floor":13,"damage_taken":0}],"boss_relics":[{"not_picked":["Black Blood","Pandora\u0027s Box"],"picked":"Ectoplasm"}],"potions_floor_spawned":[1,3,14,16,19],"seed_played":"-1395967744792965751","killed_by":"Sentry and Sphere","ascension_level":0,"is_trial":false}