{"path_per_floor":["M","?","M","$","M","R","?","M","T","R","M","R","$","T","R","B",null,"M","$","M","M","$"],"character_chosen":"IRONCLAD","items_purchased":["Entrench","Body Slam"],"gold_per_floor":[19,19,29,29,42,42,42,59,59,59,78,78,39,64,64,168,168,178,103,121,133,10],"floor_reached":23,"campfire_rested":0,"playtime":1560,"current_hp_per_floor":[80,73,79,79,80,80,80,80,80,80,80,80,80,80,80,33,80,67,67,50,36,36],"items_purged":["Sword Boomerang","Strike_R"],"gold":10,"score":181,"play_id":"c31e0579-5bb8-4164-8ddf-19b8dd09694f","local_time":"20180311000902","is_prod":false,"is_daily":false,"is_ascension_mode":false,"campfire_upgraded":0,"timestamp":1520748542,"path_taken":["M","?","M","$","M","R","?","?","T","R","M","R","$","?","R","BOSS","M","$","M","M","$","E"],"build_version":"2018-03-09","purchased_purges":2,"victory":false,"master_deck":["Strike_R","Strike_R","Strike_R","Defend_R","Defend_R","Defend_R","Bash","Twin Strike","Rampage","Armaments","Entrench","Juggernaut","Warcry+1","Seeing Red","Body Slam"],"max_hp_per_floor":[80,80,80,80,80,80,80,80,80,80,80,80,80,80,80,80,80,80,80,80,80,80],"relics":["Burning Blood","Shovel","Regal Pillow","Dream Catcher","Bag of Marbles","Frozen Eye","Blood Vial","Magic Flower","Sozu"],"card_choices":[{"not_picked":["Sword Boomerang","Fire Breathing"],"picked":"Twin Strike"},{"not_picked":["Blood for Blood","Anger"],"picked":"Rampage"},{"not_picked":["Hemokinesis","Brutality"],"picked":"Armaments"},{"not_picked":["Clash","Evolve"],"picked":"Sword Boomerang"},{"not_picked":["Feed","Double Tap"],"picked":"Juggernaut"},{"not_picked":["Sword Boomerang","Havoc"],"picked":"Warcry"},{"not_picked":["Thunderclap","True Grit"],"picked":"Seeing Red"}],"player_experience":129704,"potions_floor_usage":[16],"damage_taken":[{"damage":5,"enemies":"Small Slimes","floor":1,"turns":5},{"damage":0,"enemies":"2 Louse","floor":3,"turns":3},{"damage":1,"enemies":"Cultist","floor":5,"turns":3},{"damage":0,"enemies":"2 Fungi Beasts","floor":8,"turns":4},{"damage":5,"enemies":"Exordium Thugs","floor":11,"turns":5},{"damage":56,"enemies":"The Guardian","floor":16,"turns":16},{"damage":22,"enemies":"Shell Parasite","floor":18,"turns":8},{"damage":29,"enemies":"Spheric Guardian","floor":20,"turns":6},{"damage":26,"enemies":"Snecko","floor":21,"turns":6},{"damage":44,"enemies":"Gremlin Leader","floor":23,"turns":3}],"event_choices":[{"event_name":"Golden Wing","player_choice":"Card Removal","floor":2,"damage_taken":0},{"event_name":"Purifier","player_choice":"One Purge","floor":7,"damage_taken":0}],"boss_relics":[{"not_picked":["Ectoplasm","Runic Dome"],"picked":"Sozu"}],"potions_floor_spawned":[5,18],"seed_played":"5785198814720334534","killed_by":"Gremlin Leader","ascension_level":0,"is_trial":false}