{"gold_per_floor":[118,133,8,8,28,28,47,47,47,67,242,253,330,49,49,152,152,167,82,82,97,117,117,129,144,168,168,168],"floor_reached":28,"playtime":1586,"items_purged":["Strike_R","Doubt"],"score":276,"play_id":"c89f7d17-3715-46e3-85f3-98eefb439ff4","local_time":"20190130233219","is_ascension_mode":true,"campfire_choices":[{"data":"Carnage","floor":6,"key":"SMITH"},{"data":"Havoc","floor":8,"key":"SMITH"},{"data":"True Grit","floor":15,"key":"SMITH"},{"data":"Forethought","floor":23,"key":"SMITH"}],"neow_cost":"TEN_PERCENT_HP_LOSS","seed_source_timestamp":369179223853037,"circlet_count":0,"master_deck":["Strike_R","Strike_R","Strike_R","Strike_R","Defend_R","Defend_R","Defend_R","Defend_R","Bash","Forethought+1","Panacea","Warcry","Carnage+1","Havoc+1","Cleave","Pommel Strike","Clothesline","True Grit+1","Immolate","Headbutt","Power Through","Double Tap","True Grit+1","Writhe"],"relics":["Burning Blood","Red Skull","Vajra","Velvet Choker","Singing Bowl","Boot","Molten Egg 2"],"potions_floor_usage":[12,16,16,22],"damage_taken":[{"damage":5,"enemies":"2 Louse","floor":1,"turns":4},{"damage":12,"enemies":"Jaw Worm","floor":2,"turns":4},{"damage":5,"enemies":"Small Slimes","floor":5,"turns":3},{"damage":6,"enemies":"3 Louse","floor":7,"turns":4},{"damage":13,"enemies":"Large Slime","floor":10,"turns":4},{"damage":2,"enemies":"Exordium Wildlife","floor":12,"turns":3},{"damage":32,"enemies":"The Guardian","floor":16,"turns":11},{"damage":22,"enemies":"2 Thieves","floor":18,"turns":4},{"damage":3,"enemies":"Chosen","floor":21,"turns":3},{"damage":29,"enemies":"Shelled Parasite and Fungi","floor":22,"turns":4},{"damage":12,"enemies":"Snecko","floor":24,"turns":4},{"damage":6,"enemies":"3 Cultists","floor":25,"turns":3}],"seed_played":"2968528803052586676","potions_obtained":[{"floor":1,"key":"Explosive Potion"},{"floor":7,"key":"Energy Potion"},{"floor":10,"key":"Poison Potion"},{"floor":12,"key":"LiquidBronze"},{"floor":18,"key":"AttackPotion"},{"floor":22,"key":"Regen Potion"}],"is_trial":false,"path_per_floor":["M","M","$","?","M","R","M","R","T","M","?","M","?","$","R","B",null,"M","?","?","M","M","R","M","M","T","?","?"],"character_chosen":"IRONCLAD","items_purchased":["Havoc","True Grit","Vajra"],"campfire_rested":0,"item_purchase_floors":[3,14,14],"current_hp_per_floor":[72,66,66,66,67,67,67,67,67,60,60,64,64,64,64,38,64,48,48,48,53,30,30,24,26,26,12,12],"gold":168,"neow_bonus":"RANDOM_COLORLESS_2","is_prod":false,"is_daily":false,"chose_seed":false,"campfire_upgraded":4,"win_rate":0,"timestamp":1548912739,"path_taken":["M","M","$","?","M","R","M","R","T","M","?","M","?","$","R","BOSS","M","?","?","M","M","R","M","?","T","?","?"],"build_version":"2019-01-23","purchased_purges":2,"victory":false,"max_hp_per_floor":[72,72,72,72,72,72,72,72,72,72,72,72,72,72,72,72,72,72,72,72,74,74,74,74,76,76,81,81],"card_choices":[{"not_picked":["Bloodletting","Perfected Strike"],"picked":"Warcry","floor":1},{"not_picked":["Infernal Blade","Disarm"],"picked":"Carnage","floor":2},{"not_picked":["Rupture","Reckless Charge","Dropkick"],"picked":"SKIP","floor":5},{"not_picked":["Hemokinesis","Clothesline"],"picked":"Cleave","floor":7},{"not_picked":["Clash","Feed"],"picked":"Pommel Strike","floor":10},{"not_picked":["Thunderclap","Flex"],"picked":"Clothesline","floor":12},{"not_picked":["Impervious","Brutality"],"picked":"Immolate","floor":16},{"not_picked":["Heavy Blade","Carnage"],"picked":"Headbutt","floor":18},{"not_picked":["Thunderclap+1","Perfected Strike+1","Searing Blow"],"picked":"Singing Bowl","floor":21},{"not_picked":["Hemokinesis","Dual Wield+1"],"picked":"Double Tap","floor":22},{"not_picked":["Heavy Blade","Body Slam"],"picked":"True Grit+1","floor":24},{"not_picked":["Heavy Blade","Cleave","Sword Boomerang"],"picked":"Singing Bowl","floor":25}],"player_experience":689377,"relics_obtained":[{"floor":9,"key":"Red Skull"},{"floor":26,"key":"Boot"}],"event_choices":[{"damage_healed":0,"gold_gain":0,"player_choice":"Leave","damage_taken":0,"max_hp_gain":0,"max_hp_loss":0,"event_name":"The Cleric","floor":4,"gold_loss":0},{"damage_healed":0,"gold_gain":175,"player_choice":"AGREE","damage_taken":0,"max_hp_gain":0,"max_hp_loss":0,"event_name":"Liars Game","floor":11,"gold_loss":0,"cards_obtained":["Doubt"]},{"damage_healed":0,"gold_gain":77,"player_choice":"Gained Gold","damage_taken":0,"max_hp_gain":0,"max_hp_loss":0,"event_name":"Golden Wing","floor":13,"gold_loss":0},{"damage_healed":0,"gold_gain":0,"player_choice":"Obtained Relic","damage_taken":0,"relics_obtained":["Singing Bowl"],"max_hp_gain":0,"max_hp_loss":0,"event_name":"Addict","floor":19,"gold_loss":85},{"damage_healed":0,"gold_gain":0,"player_choice":"Read","damage_taken":0,"max_hp_gain":0,"max_hp_loss":0,"event_name":"The Library","floor":20,"gold_loss":0,"cards_obtained":["Power Through"]},{"damage_healed":0,"gold_gain":0,"player_choice":"Shed Blood","damage_taken":19,"max_hp_gain":5,"max_hp_loss":0,"event_name":"Forgotten Altar","floor":27,"gold_loss":0},{"damage_healed":0,"gold_gain":0,"player_choice":"Opened","damage_taken":0,"relics_obtained":["Molten Egg 2"],"max_hp_gain":0,"max_hp_loss":0,"event_name":"The Mausoleum","floor":28,"gold_loss":0,"cards_obtained":["Writhe"]}],"is_beta":false,"boss_relics":[{"not_picked":["Runic Pyramid","Fusion Hammer"],"picked":"Velvet Choker"}],"items_purged_floors":[3,14],"is_endless":false,"potions_floor_spawned":[1,7,10,12,18,22],"ascension_level":6}