{"gold_per_floor":[115,134,134,151,1,19,46,46,46,46,63,73,90,165,165,265,265,265,265,265,215,137,137,137,137,137,137,137,137,137,137,137,137,137,137,137,62,62,62,62,62,62,62,62,62,62,62,62,62,62],"floor_reached":50,"playtime":4676,"items_purged":["Bane"],"score":493,"play_id":"a51686d1-ac66-4ba1-aa1f-fe0ce877cb5e","local_time":"20180823233738","is_ascension_mode":false,"campfire_choices":[{"data":"Envenom","floor":8,"key":"SMITH"},{"data":"Cloak And Dagger","floor":10,"key":"SMITH"},{"floor":15,"key":"REST"},{"data":"Corpse Explosion","floor":23,"key":"SMITH"},{"data":"Noxious Fumes","floor":25,"key":"SMITH"},{"floor":32,"key":"REST"},{"data":"Infinite Blades","floor":40,"key":"SMITH"},{"data":"Glass Knife","floor":44,"key":"SMITH"},{"floor":49,"key":"REST"}],"neow_cost":"NONE","seed_source_timestamp":514714469417457,"circlet_count":0,"master_deck":["Defend_G","Defend_G","Defend_G","Defend_G","Defend_G","Survivor","Neutralize","Envenom+1","Dagger Spray","Cloak And Dagger+1","Blade Dance","Corpse Explosion+1","Glass Knife+1","Bane+1","Prepared+1","Noxious Fumes+1","Masterful Stab+1","Infinite Blades+1","Bite+1","Bite+1","Bite+1","Bite+1","Bite+1","Slice+1"],"relics":["Ring of the Snake","Snake Skull","Bottled Flame","Bird Faced Urn","Ectoplasm","Red Mask","Molten Egg 2","Tough Bandages","WristBlade","Shovel","Dodecahedron"],"potions_floor_usage":[13,19,50,50,50],"damage_taken":[{"damage":2,"enemies":"Jaw Worm","floor":1,"turns":8},{"damage":0,"enemies":"Small Slimes","floor":2,"turns":4},{"damage":0,"enemies":"Cultist","floor":4,"turns":4},{"damage":3,"enemies":"3 Louse","floor":6,"turns":3},{"damage":17,"enemies":"Lagavulin","floor":7,"turns":8},{"damage":0,"enemies":"2 Fungi Beasts","floor":11,"turns":3},{"damage":0,"enemies":"Looter","floor":12,"turns":3},{"damage":12,"enemies":"Exordium Wildlife","floor":13,"turns":5},{"damage":41,"enemies":"Slime Boss","floor":16,"turns":12},{"damage":11,"enemies":"Spheric Guardian","floor":18,"turns":4},{"damage":0,"floor":19,"turns":2},{"damage":0,"enemies":"3 Byrds","floor":20,"turns":2},{"damage":7,"enemies":"Snecko","floor":27,"turns":4},{"damage":1,"enemies":"Cultist and Chosen","floor":28,"turns":3},{"damage":30,"enemies":"Sentry and Sphere","floor":29,"turns":6},{"damage":17,"enemies":"Slavers","floor":31,"turns":4},{"damage":39,"enemies":"Champ","floor":33,"turns":9},{"damage":28,"enemies":"3 Darklings","floor":35,"turns":3},{"damage":11,"enemies":"Flame Bruiser 1 Orb","floor":36,"turns":5},{"damage":0,"floor":38,"turns":5},{"damage":8,"enemies":"4 Shapes","floor":41,"turns":7},{"damage":18,"enemies":"Sphere and 2 Shapes","floor":42,"turns":5},{"damage":21,"enemies":"Flame Bruiser 2 Orb","floor":45,"turns":4},{"damage":4,"enemies":"Transient","floor":46,"turns":5},{"damage":28,"enemies":"3 Darklings","floor":48,"turns":3},{"damage":65,"enemies":"Donu and Deca","floor":50,"turns":5}],"seed_played":"8894937254340724609","potions_obtained":[{"floor":6,"key":"GamblersBrew"},{"floor":11,"key":"GamblersBrew"},{"floor":12,"key":"SteroidPotion"},{"floor":13,"key":"Swift Potion"},{"floor":16,"key":"EssenceOfSteel"},{"floor":24,"key":"FearPotion"}],"is_trial":false,"path_per_floor":["M","M","?","M","$","M","E","R","T","R","M","M","M","?","R","B",null,"M","?","M","?","$","R","?","R","T","M","M","M","?","E","R","B",null,"M","M","$","?","?","R","M","M","T","R","M","M","$","M","R"],"character_chosen":"THE_SILENT","items_purchased":["Snake Skull","Noxious Fumes"],"campfire_rested":3,"item_purchase_floors":[5,22],"current_hp_per_floor":[68,68,73,73,73,70,53,53,53,53,55,57,47,36,58,19,75,66,66,66,66,66,66,66,66,66,61,62,36,36,32,47,34,52,31,35,35,52,52,52,45,42,42,42,33,48,48,27,42,0],"gold":62,"neow_bonus":"TRANSFORM_CARD","is_prod":false,"is_daily":false,"chose_seed":false,"campfire_upgraded":6,"win_rate":0,"timestamp":1535085458,"path_taken":["M","M","?","M","$","M","E","R","T","R","M","M","M","?","R","BOSS","M","?","M","?","$","R","?","R","T","?","M","M","?","E","R","BOSS","M","M","$","?","?","R","M","M","T","R","M","M","$","M","R","BOSS"],"build_version":"2018-08-16","purchased_purges":1,"victory":false,"max_hp_per_floor":[70,70,75,75,75,75,75,75,75,75,75,75,75,75,75,75,75,75,75,75,75,75,75,75,75,75,75,75,75,52,52,52,52,52,52,52,52,52,52,52,52,52,52,52,52,52,52,52,52,52],"card_choices":[{"not_picked":["Poisoned Stab","Acrobatics"],"picked":"Dagger Spray","floor":1},{"not_picked":["Finisher","Caltrops"],"picked":"Cloak And Dagger","floor":2},{"not_picked":["Masterful Stab","Cloak And Dagger"],"picked":"Blade Dance","floor":4},{"not_picked":["Endless Agony","Flying Knee","Phantasmal Killer"],"picked":"SKIP","floor":6},{"not_picked":["Reflex","Deadly Poison","Concentrate"],"picked":"SKIP","floor":7},{"not_picked":["Quick Slash","Predator"],"picked":"Bane","floor":11},{"not_picked":["Underhanded Strike","Backflip","Concentrate"],"picked":"SKIP","floor":12},{"not_picked":["Dagger Throw","Tactician"],"picked":"Corpse Explosion","floor":13},{"not_picked":["Corpse Explosion","Unload"],"picked":"Glass Knife","floor":16},{"not_picked":["Caltrops","Blade Dance"],"picked":"Bane+1","floor":18},{"not_picked":["Quick Slash+1","Deadly Poison"],"picked":"Prepared+1","floor":19},{"not_picked":["Dodge and Roll","Prepared","Acrobatics"],"picked":"SKIP","floor":20},{"not_picked":["Blade Dance","Endless Agony+1","Eviscerate+1"],"picked":"SKIP","floor":27},{"not_picked":["Dagger Throw+1","Sucker Punch+1"],"picked":"Masterful Stab+1","floor":28},{"not_picked":["Choke+1","Malaise"],"picked":"Infinite Blades","floor":29},{"not_picked":["Deadly Poison","Storm of Steel","PiercingWail+1"],"picked":"SKIP","floor":31},{"not_picked":["Poisoned Stab+1","Choke+1","Cloak And Dagger+1"],"picked":"SKIP","floor":35},{"not_picked":["Tactician+1","PiercingWail+1"],"picked":"Slice+1","floor":36},{"not_picked":["Endless Agony+1","Deflect","Distraction"],"picked":"SKIP","floor":41},{"not_picked":["Night Terror","Backstab+1","Blade Dance+1"],"picked":"SKIP","floor":42},{"not_picked":["Deflect+1","Sucker Punch+1","Dagger Throw+1"],"picked":"SKIP","floor":45},{"not_picked":["Blade Dance+1","Escape Plan","PiercingWail"],"picked":"SKIP","floor":46},{"not_picked":["Cloak And Dagger+1","Dagger Spray+1","Flying Knee+1"],"picked":"SKIP","floor":48}],"player_experience":254175,"relics_obtained":[{"floor":7,"key":"Bottled Flame"},{"floor":9,"key":"Bird Faced Urn"},{"floor":19,"key":"Red Mask"},{"floor":26,"key":"Molten Egg 2"},{"floor":31,"key":"Tough Bandages"},{"floor":38,"key":"Shovel"},{"floor":43,"key":"Dodecahedron"}],"event_choices":[{"event_name":"Big Fish","player_choice":"Donut","floor":3,"damage_taken":0},{"event_name":"World of Goop","player_choice":"Gather Gold","floor":14,"damage_taken":0},{"event_name":"Masked Bandits","player_choice":"Fought Bandits","floor":19,"damage_taken":0},{"event_name":"The Joust","player_choice":"Bet on Murderer","floor":21,"damage_taken":0},{"event_name":"The Lab","player_choice":"Got Potions","floor":24,"damage_taken":0},{"event_name":"Vampires","player_choice":"Became a vampire","floor":30,"damage_taken":0},{"event_name":"MindBloom","player_choice":"Fight","floor":38,"damage_taken":0},{"event_name":"Mysterious Sphere","player_choice":"Ignore","floor":39,"damage_taken":0}],"is_beta":false,"boss_relics":[{"not_picked":["Pandora\u0027s Box","Snecko Eye"],"picked":"Ectoplasm"},{"not_picked":["Calling Bell","Coffee Dripper"],"picked":"WristBlade"}],"items_purged_floors":[37],"is_endless":false,"potions_floor_spawned":[6,11,12,13,16,18,27,31,33,38,41,46],"killed_by":"Donu and Deca","ascension_level":0}