{"gold_per_floor":[114,114,130,148,148,148,172,172],"floor_reached":8,"playtime":481,"items_purged":[],"score":72,"play_id":"b9517804-0c63-4aea-918d-c3039f9e1d7b","local_time":"20191020005310","is_ascension_mode":true,"campfire_choices":[{"data":"Storm of Steel","floor":6,"key":"SMITH"}],"neow_cost":"NONE","seed_source_timestamp":449676604898000,"circlet_count":0,"master_deck":["AscendersBane","Strike_G","Strike_G","Strike_G","Strike_G","Strike_G","Defend_G","Defend_G","Defend_G","Survivor","Neutralize","Storm of Steel+1","Dodge and Roll","Well Laid Plans","Deflect","Finisher"],"relics":["Ring of the Snake","Golden Idol"],"potions_floor_usage":[3,8],"damage_taken":[{"damage":0,"enemies":"Cultist","floor":1,"turns":4},{"damage":0,"enemies":"Small Slimes","floor":3,"turns":3},{"damage":0,"enemies":"2 Louse","floor":4,"turns":2},{"damage":5,"enemies":"2 Fungi Beasts","floor":7,"turns":4},{"damage":9,"enemies":"The Mushroom Lair","floor":8,"turns":4}],"seed_played":"-1593468148779556233","potions_obtained":[{"floor":1,"key":"AttackPotion"},{"floor":7,"key":"Block Potion"}],"is_trial":false,"path_per_floor":["M","?","M","M","?","R","M","?"],"character_chosen":"THE_SILENT","items_purchased":[],"campfire_rested":0,"item_purchase_floors":[],"current_hp_per_floor":[63,56,56,56,56,56,51,42],"gold":172,"neow_bonus":"TRANSFORM_CARD","is_prod":false,"is_daily":false,"chose_seed":false,"campfire_upgraded":1,"win_rate":0,"timestamp":1571550790,"path_taken":["M","?","M","M","?","R","M","?"],"build_version":"2019-07-17","purchased_purges":0,"victory":false,"max_hp_per_floor":[70,70,70,70,65,65,65,65],"card_choices":[{"not_picked":["Caltrops","Underhanded Strike"],"picked":"Dodge and Roll","floor":1},{"not_picked":["Reflex","Outmaneuver"],"picked":"Well Laid Plans","floor":3},{"not_picked":["Predator","Underhanded Strike"],"picked":"Deflect","floor":4},{"not_picked":["Underhanded Strike","Outmaneuver"],"picked":"Finisher","floor":7}],"player_experience":901293,"relics_obtained":[],"event_choices":[{"cards_removed":["Defend_G"],"damage_healed":0,"gold_gain":0,"player_choice":"Card Removal","damage_taken":7,"max_hp_gain":0,"max_hp_loss":0,"event_name":"Golden Wing","floor":2,"gold_loss":0},{"damage_healed":0,"gold_gain":0,"player_choice":"Lose Max HP","damage_taken":0,"relics_obtained":["Golden Idol"],"max_hp_gain":0,"max_hp_loss":5,"event_name":"Golden Idol","floor":5,"gold_loss":0},{"damage_healed":0,"gold_gain":0,"player_choice":"Fought Mushrooms","damage_taken":0,"max_hp_gain":0,"max_hp_loss":0,"event_name":"Mushrooms","floor":8,"gold_loss":0}],"is_beta":false,"boss_relics":[],"items_purged_floors":[],"is_endless":false,"potions_floor_spawned":[1,7],"killed_by":"The Mushroom Lair","ascension_level":10}