{"path_per_floor":["M","?","?","M","?","E","M","R","T","R","?","M","?","E","R","B",null,"M","$","?","M","M","R","M","R","T","R","?","?","?","E","R","B",null,"M","M","$","M","M","?","E","R","T","M","R","M","$","M","R"],"character_chosen":"IRONCLAD","items_purchased":["Limit Break","Apotheosis","Happy Flower"],"gold_per_floor":[116,66,66,79,79,120,144,144,167,167,167,183,213,246,246,365,365,388,42,42,65,79,79,102,102,102,102,102,102,2,38,38,164,164,178,194,94,113,128,128,169,169,169,189,189,209,60,80,80],"floor_reached":50,"campfire_rested":5,"playtime":3464,"current_hp_per_floor":[88,88,88,88,66,34,40,40,40,66,66,71,71,77,77,58,88,86,86,93,89,85,85,82,82,82,82,82,66,66,57,85,55,95,87,86,86,60,40,83,69,83,83,58,82,62,62,60,83],"items_purged":["Entrench","Writhe"],"gold":80,"score":500,"play_id":"6ceae074-2511-4efa-b317-a0ca226e9a6a","local_time":"20180308003822","is_prod":false,"is_daily":false,"is_ascension_mode":false,"campfire_upgraded":5,"timestamp":1520491102,"path_taken":["M","?","?","M","?","E","M","R","T","R","?","M","?","E","R","BOSS","M","$","?","M","M","R","M","R","T","R","?","?","?","E","R","BOSS","M","M","$","M","M","?","E","R","T","M","R","M","$","M","R","BOSS"],"build_version":"2018-03-01-PROD1","purchased_purges":4,"victory":false,"master_deck":["Strike_R","Strike_R","Strike_R","Strike_R","Defend_R","Defend_R","Defend_R","Defend_R","Perfected Strike","Flex+1","Twin Strike","Battle Trance+1","Flex","Double Tap+1","Limit Break","Apotheosis+1","Clothesline","Heavy Blade+1","Perfected Strike","Good Instincts","J.A.X.","Rampage+1","Double Tap","Shrug It Off+1","Inflame","Shrug It Off"],"max_hp_per_floor":[88,88,88,88,88,88,88,88,88,88,88,88,88,88,88,88,88,88,88,95,95,95,95,95,95,95,95,95,95,95,95,95,95,95,95,95,95,95,95,83,83,83,83,83,83,83,83,83,83],"relics":["Black Blood","Juzu Bracelet","Golden Idol","Bag of Preparation","Bag of Marbles","Velvet Choker","Strawberry","Frozen Eye","Nloth\u0027s Gift","Anchor","Ancient Tea Set","Molten Egg 2","Happy Flower"],"card_choices":[{"not_picked":["Dual Wield","Burning Pact"],"picked":"Perfected Strike"},{"not_picked":["Bloodletting","Dual Wield"],"picked":"Flex"},{"not_picked":["Searing Blow","Cleave"],"picked":"Twin Strike"},{"not_picked":["Twin Strike","Wild Strike"],"picked":"Flex"},{"not_picked":["Corruption","Perfected Strike"],"picked":"Entrench"},{"not_picked":["Reaper","Bludgeon"],"picked":"Double Tap"},{"not_picked":["Wild Strike","Twin Strike"],"picked":"Clothesline"},{"not_picked":["Battle Trance","Havoc"],"picked":"Heavy Blade"},{"not_picked":["Havoc","Flex"],"picked":"Perfected Strike"},{"not_picked":["Offering","Anger"],"picked":"Rampage"},{"not_picked":["Exhume","Offering"],"picked":"Double Tap"},{"not_picked":["Anger","Power Through"],"picked":"Shrug It Off"},{"not_picked":["Burning Pact","Combust"],"picked":"Inflame"},{"not_picked":["Anger","Warcry"],"picked":"Shrug It Off"}],"player_experience":87163,"potions_floor_usage":[6,14,18,24,35,38,38,41,46,50,50],"damage_taken":[{"damage":2,"enemies":"Small Slimes","floor":1,"turns":5},{"damage":1,"enemies":"Jaw Worm","floor":4,"turns":3},{"damage":38,"enemies":"3 Sentries","floor":6,"turns":10},{"damage":0,"enemies":"Cultist","floor":7,"turns":2},{"damage":1,"enemies":"Exordium Wildlife","floor":12,"turns":5},{"damage":0,"enemies":"Gremlin Nob","floor":14,"turns":2},{"damage":25,"enemies":"Slime Boss","floor":16,"turns":9},{"damage":8,"enemies":"Chosen","floor":18,"turns":4},{"damage":10,"enemies":"2 Thieves","floor":21,"turns":3},{"damage":10,"enemies":"Centurion and Healer","floor":22,"turns":3},{"damage":9,"enemies":"Snake Plant","floor":24,"turns":4},{"damage":15,"enemies":"Book of Stabbing","floor":31,"turns":2},{"damage":36,"enemies":"Champ","floor":33,"turns":7},{"damage":18,"enemies":"Orb Walker","floor":35,"turns":4},{"damage":11,"enemies":"3 Shapes","floor":36,"turns":4},{"damage":51,"enemies":"3 Darklings","floor":38,"turns":8},{"damage":30,"enemies":"4 Shapes","floor":39,"turns":8},{"damage":24,"enemies":"2 Orb Walkers","floor":41,"turns":4},{"damage":35,"enemies":"Sphere and 2 Shapes","floor":44,"turns":4},{"damage":30,"enemies":"Maw","floor":46,"turns":6},{"damage":12,"enemies":"3 Darklings","floor":48,"turns":5},{"damage":107,"enemies":"Donu and Deca","floor":50,"turns":5}],"event_choices":[{"event_name":"The Cleric","player_choice":"Card Removal","floor":2,"damage_taken":0},{"event_name":"Wheel of Change","player_choice":"Relic","floor":3,"damage_taken":0},{"event_name":"Golden Idol","player_choice":"Take Damage","floor":5,"damage_taken":0},{"event_name":"Living Wall","player_choice":"Change","floor":11,"damage_taken":0},{"event_name":"Dead Adventurer","player_choice":"Searched \u00271\u0027 times","floor":13,"damage_taken":0},{"event_name":"The Mausoleum","player_choice":"Yes","floor":20,"damage_taken":0},{"event_name":"N\u0027loth","player_choice":"Traded a Champion Belt","floor":28,"damage_taken":0},{"event_name":"Knowing Skull","player_choice":"CARD ","floor":29,"damage_taken":0},{"event_name":"Drug Dealer","player_choice":"Got JAXXED","floor":30,"damage_taken":0},{"event_name":"The Moai Head","player_choice":"Heal","floor":40,"damage_taken":0}],"boss_relics":[{"not_picked":["Calling Bell","Black Star"],"picked":"Velvet Choker"},{"not_picked":["Runic Pyramid","Orrery"],"picked":"Black Blood"}],"potions_floor_spawned":[1,4,12,14,16,21,24,31,36,39,41,44],"seed_played":"-8560094335188673680","killed_by":"Donu and Deca","ascension_level":0,"is_trial":false}