{"path_per_floor":["M","?","M","M","M","R","?","M","T","R","?","M","M","?","R","B",null,"M","?","$","?","M","R","M","R","T","E","R","M","M","?","R","B",null,"M","M","$","?","M","R","M","$","T","M","M","R","M","M","R"],"character_chosen":"IRONCLAD","items_purchased":["Clash","Orichalcum","Bludgeon"],"gold_per_floor":[112,112,126,142,157,157,107,118,118,118,118,134,149,149,149,253,253,268,268,72,72,92,92,104,104,104,133,133,145,164,89,89,188,188,206,224,224,224,240,240,259,186,186,205,216,216,226,236,236],"floor_reached":50,"campfire_rested":6,"playtime":2916,"current_hp_per_floor":[80,73,68,68,63,63,63,56,56,80,80,74,67,80,80,59,80,56,56,56,56,62,62,56,80,80,56,81,78,80,80,80,76,89,86,71,71,71,37,63,47,47,47,40,35,62,40,28,56],"items_purged":[],"gold":236,"score":485,"play_id":"d46d6ee1-c4dc-4373-8387-c31dd4f25a38","local_time":"20180313215640","is_prod":false,"is_daily":false,"is_ascension_mode":false,"campfire_upgraded":4,"timestamp":1520996200,"path_taken":["M","?","M","M","M","R","?","M","T","R","?","M","M","?","R","BOSS","M","?","$","?","M","R","?","R","T","E","R","M","M","?","R","BOSS","M","M","$","?","M","R","M","$","T","M","M","R","M","M","R","BOSS"],"build_version":"2018-03-09","purchased_purges":1,"victory":false,"master_deck":["Strike_R","Strike_R","Strike_R","Bash+1","Twin Strike","Twin Strike","Pommel Strike","Clash+1","Feed","Clash+1","Rampage","Flex+1","Dropkick+1","Pommel Strike","Flex","Bludgeon","Clash+1"],"max_hp_per_floor":[80,80,80,80,80,80,80,80,80,80,80,80,80,80,80,80,80,80,80,80,80,80,80,83,83,83,86,86,86,89,89,89,89,89,89,89,89,89,89,89,89,89,89,89,92,92,92,95,95],"relics":["Burning Blood","Torii","Lizard Tail","Orichalcum","Letter Opener","Unceasing Top","Velvet Choker","Ice Cream"],"card_choices":[{"not_picked":["Shrug It Off","True Grit"],"picked":"Twin Strike"},{"not_picked":["Anger","Havoc"],"picked":"Heavy Blade"},{"not_picked":["Dual Wield","Twin Strike"],"picked":"Pommel Strike"},{"not_picked":["Rupture","Perfected Strike"],"picked":"Clash"},{"not_picked":["Reaper","Offering"],"picked":"Feed"},{"not_picked":["Feel No Pain","Armaments"],"picked":"Rampage"},{"not_picked":["Metallicize","Headbutt"],"picked":"Flex"},{"not_picked":["Thunderclap","Flame Barrier"],"picked":"Dropkick"},{"not_picked":["Wild Strike","Disarm"],"picked":"Pommel Strike"},{"not_picked":["Dual Wield","Dropkick"],"picked":"Flex"},{"not_picked":["Anger","Havoc"],"picked":"Clash"}],"player_experience":145830,"potions_floor_usage":[27,33,39,39,50,50,50],"damage_taken":[{"damage":0,"enemies":"2 Louse","floor":1,"turns":2},{"damage":11,"enemies":"Jaw Worm","floor":3,"turns":2},{"damage":6,"enemies":"Cultist","floor":4,"turns":3},{"damage":11,"enemies":"Exordium Wildlife","floor":5,"turns":3},{"damage":13,"enemies":"2 Fungi Beasts","floor":8,"turns":3},{"damage":12,"enemies":"Blue Slaver","floor":12,"turns":2},{"damage":13,"enemies":"3 Louse","floor":13,"turns":4},{"damage":27,"enemies":"Slime Boss","floor":16,"turns":8},{"damage":30,"enemies":"2 Thieves","floor":18,"turns":4},{"damage":0,"enemies":"Chosen","floor":22,"turns":2},{"damage":15,"enemies":"Snake Plant","floor":24,"turns":3},{"damage":33,"enemies":"Book of Stabbing","floor":27,"turns":4},{"damage":9,"enemies":"Snecko","floor":29,"turns":3},{"damage":7,"enemies":"Chosen and Byrds","floor":30,"turns":4},{"damage":10,"enemies":"Champ","floor":33,"turns":7},{"damage":9,"enemies":"Orb Walker","floor":35,"turns":2},{"damage":21,"enemies":"3 Darklings","floor":36,"turns":4},{"damage":49,"enemies":"4 Shapes","floor":39,"turns":5},{"damage":22,"enemies":"Maw","floor":41,"turns":5},{"damage":13,"enemies":"Sphere and 2 Shapes","floor":44,"turns":5},{"damage":64,"enemies":"4 Shapes","floor":45,"turns":4},{"damage":28,"enemies":"Maw","floor":47,"turns":5},{"damage":21,"enemies":"Sphere and 2 Shapes","floor":48,"turns":4},{"damage":57,"enemies":"Donu and Deca","floor":50,"turns":3}],"event_choices":[{"event_name":"Golden Wing","player_choice":"Card Removal","floor":2,"damage_taken":0},{"event_name":"The Cleric","player_choice":"Card Removal","floor":7,"damage_taken":0},{"event_name":"Liars Game","player_choice":"disagreed","floor":11,"damage_taken":0},{"event_name":"Big Fish","player_choice":"Banana","floor":14,"damage_taken":0},{"event_name":"Purifier","player_choice":"One Purge","floor":19,"damage_taken":0},{"event_name":"Bonfire Elementals","player_choice":"BASIC","floor":21,"damage_taken":0},{"event_name":"Beggar","player_choice":"Gave Gold","floor":31,"damage_taken":0}],"boss_relics":[{"not_picked":["Eternal Feather","White Beast Statue"],"picked":"Lizard Tail"},{"not_picked":["Orrery","Cursed Key"],"picked":"Velvet Choker"}],"potions_floor_spawned":[8,12,13,16,30,33,36,45,47,48],"seed_played":"3058887555515778261","killed_by":"Donu and Deca","ascension_level":0,"is_trial":false}