{"path_per_floor":["M","M","?","M","M","R","?","R","T","M","R","?","M","M","R","B",null,"M","?","M","?","M","E","R","M","T","M","R","?","R","M","R"],"character_chosen":"IRONCLAD","items_purchased":[],"gold_per_floor":[14,27,27,41,61,61,82,82,159,171,171,171,187,199,199,300,300,310,235,246,246,264,295,295,314,314,325,325,240,240,251,251],"floor_reached":33,"campfire_rested":3,"playtime":3441,"current_hp_per_floor":[80,74,67,72,65,65,55,79,79,78,78,71,73,79,79,50,80,77,77,64,56,44,31,56,56,56,43,56,56,56,56,56],"items_purged":[],"gold":251,"score":287,"play_id":"fe75e334-827b-4948-a136-539fe89e77bc","local_time":"20180304012345","is_prod":false,"is_daily":false,"is_ascension_mode":false,"campfire_upgraded":5,"timestamp":1520148225,"path_taken":["M","M","?","M","M","R","?","R","T","M","R","?","M","M","R","BOSS","M","?","M","?","M","E","R","M","T","M","R","?","R","?","R","BOSS"],"build_version":"2018-03-01-PROD1","purchased_purges":0,"victory":false,"master_deck":["Defend_R","Defend_R","Defend_R","Defend_R","Cleave","Ghostly Armor+1","Body Slam","Flame Barrier+1","Rampage+1","Battle Trance","Barricade+1","Rampage","Bite","Bite","Bite","Bite","Bite","Body Slam","Pommel Strike+1"],"max_hp_per_floor":[80,80,80,80,80,80,80,80,80,80,80,80,80,80,80,80,80,80,80,80,56,56,56,56,56,56,56,56,56,56,56,56],"relics":["Black Blood","Sundial","Odd Mushroom","Darkstone Periapt","Anchor","Regal Pillow","Ancient Tea Set","Mummified Hand"],"card_choices":[{"not_picked":["Bloodletting","True Grit"],"picked":"Cleave"},{"not_picked":["Power Through","Seeing Red"],"picked":"Ghostly Armor"},{"not_picked":["Pommel Strike","Flex"],"picked":"Body Slam"},{"not_picked":["Headbutt","Body Slam"],"picked":"Flame Barrier"},{"not_picked":["Feed","Sword Boomerang"],"picked":"Rampage"},{"not_picked":["Clothesline","True Grit"],"picked":"Battle Trance"},{"not_picked":["Feed","Demon Form"],"picked":"Barricade"},{"not_picked":["Clothesline","Bloodletting"],"picked":"Rampage"},{"not_picked":["Whirlwind","Warcry"],"picked":"Body Slam"},{"not_picked":["Fire Breathing","True Grit"],"picked":"Pommel Strike"}],"player_experience":34216,"potions_floor_usage":[5,22,23,23,31,33],"damage_taken":[{"damage":0,"enemies":"2 Louse","floor":1,"turns":3},{"damage":12,"enemies":"Small Slimes","floor":2,"turns":3},{"damage":1,"enemies":"Cultist","floor":4,"turns":3},{"damage":13,"enemies":"Large Slime","floor":5,"turns":9},{"damage":16,"enemies":"The Mushroom Lair","floor":7,"turns":6},{"damage":7,"enemies":"Exordium Wildlife","floor":10,"turns":3},{"damage":4,"enemies":"3 Louse","floor":13,"turns":3},{"damage":0,"enemies":"Looter","floor":14,"turns":4},{"damage":35,"enemies":"The Guardian","floor":16,"turns":11},{"damage":13,"enemies":"Shell Parasite","floor":18,"turns":8},{"damage":23,"enemies":"Spheric Guardian","floor":20,"turns":6},{"damage":24,"enemies":"3 Cultists","floor":22,"turns":7},{"damage":46,"enemies":"Slavers","floor":23,"turns":8},{"damage":16,"enemies":"Snecko","floor":25,"turns":7},{"damage":23,"enemies":"Snake Plant","floor":27,"turns":6},{"damage":13,"enemies":"Chosen and Byrds","floor":31,"turns":7},{"damage":64,"enemies":"Automaton","floor":33,"turns":6}],"event_choices":[{"event_name":"Golden Wing","player_choice":"Card Removal","floor":3,"damage_taken":0},{"event_name":"Mushrooms","player_choice":"Fought Mushrooms","floor":7,"damage_taken":0},{"event_name":"Scrap Ooze","player_choice":"success","floor":12,"damage_taken":7},{"event_name":"Beggar","player_choice":"Gave Gold","floor":19,"damage_taken":0},{"event_name":"Vampires","player_choice":"Became a vampire","floor":21,"damage_taken":0},{"event_name":"Addict","player_choice":"Obtained Relic","floor":29,"damage_taken":0}],"boss_relics":[{"not_picked":["Tiny House","Orrery"],"picked":"Black Blood"}],"potions_floor_spawned":[2,7,14,16,18,27,31],"seed_played":"4257427119173860477","killed_by":"Automaton","ascension_level":0,"is_trial":false}