{"path_per_floor":["M","M","?","$","M","R","?","R","T","M","M","?","R","$","R","B",null,"M","M","$","M","?","R","?","?","T","R","M","M","M","$","R"],"character_chosen":"IRONCLAD","items_purchased":["Carnage","Flame Barrier","Ornamental Fan","Vajra"],"gold_per_floor":[116,134,134,98,110,110,110,110,162,178,198,298,298,12,12,111,111,121,141,66,79,79,79,79,79,157,157,173,183,198,43,43,43],"floor_reached":33,"campfire_rested":1,"playtime":1971,"current_hp_per_floor":[80,80,80,80,80,80,85,85,85,72,76,76,76,76,76,50,85,84,78,78,67,67,67,67,67,67,67,77,87,62,62,88,0],"items_purged":["Strike_R"],"gold":43,"score":237,"play_id":"2c9c5bad-178b-43f4-8fdc-3b24436a770a","local_time":"20180326165000","is_prod":false,"is_daily":false,"is_ascension_mode":false,"campfire_upgraded":6,"timestamp":1522101000,"path_taken":["M","M","?","$","M","R","?","R","T","M","?","?","R","$","R","BOSS","M","M","$","M","?","R","?","?","T","R","?","?","M","$","R","BOSS"],"build_version":"2018-03-22v2","purchased_purges":1,"victory":false,"master_deck":["Strike_R","Strike_R","Strike_R","Defend_R+1","Defend_R","Defend_R","Defend_R+1","Bash+1","Body Slam+1","Carnage+1","Rage+1","Rampage+1","Flame Barrier+1","Feed+1","Shrug It Off","Rage+1"],"max_hp_per_floor":[80,80,80,80,80,80,85,85,85,85,85,85,85,85,85,85,85,88,88,88,88,88,88,88,88,88,88,88,88,88,88,88,88],"relics":["Black Blood","War Paint","Ornamental Fan","Mercury Hourglass","Letter Opener","Vajra"],"card_choices":[{"not_picked":["Armaments","Iron Wave"],"picked":"Body Slam","floor":1},{"not_picked":["Disarm","Anger"],"picked":"Rage","floor":5},{"not_picked":["Sentinel","Shockwave"],"picked":"Rampage","floor":11},{"not_picked":["Reaper","Exhume"],"picked":"Feed","floor":16},{"not_picked":["Havoc","Heavy Blade"],"picked":"Shrug It Off","floor":19}],"player_experience":222614,"potions_floor_usage":[],"damage_taken":[{"damage":2,"enemies":"Jaw Worm","floor":1,"turns":6},{"damage":1,"enemies":"Cultist","floor":2,"turns":4},{"damage":0,"enemies":"Small Slimes","floor":5,"turns":3},{"damage":19,"enemies":"Gremlin Gang","floor":10,"turns":7},{"damage":2,"enemies":"Exordium Thugs","floor":11,"turns":6},{"damage":32,"enemies":"Slime Boss","floor":16,"turns":14},{"damage":14,"enemies":"Spheric Guardian","floor":18,"turns":4},{"damage":16,"enemies":"Shell Parasite","floor":19,"turns":7},{"damage":21,"enemies":"Snake Plant","floor":21,"turns":4},{"damage":0,"enemies":"Snecko","floor":28,"turns":5},{"damage":0,"enemies":"Centurion and Healer","floor":29,"turns":5},{"damage":35,"enemies":"Chosen and Byrds","floor":30,"turns":8},{"damage":97,"enemies":"Collector","floor":33,"turns":8}],"event_choices":[{"event_name":"Living Wall","player_choice":"Forget","floor":3,"damage_taken":0},{"event_name":"Big Fish","player_choice":"Donut","floor":7,"damage_taken":0},{"event_name":"Wheel of Change","player_choice":"Gold","floor":12,"damage_taken":0},{"event_name":"Duplicator","player_choice":"One dupe","floor":22,"damage_taken":0},{"event_name":"The Mausoleum","player_choice":"Yes","floor":24,"damage_taken":0},{"event_name":"Back to Basics","player_choice":"Elegance","floor":25,"damage_taken":0}],"boss_relics":[{"not_picked":["Runic Pyramid","Astrolabe"],"picked":"Black Blood"}],"potions_floor_spawned":[2,5,11,18,21,29],"seed_played":"4272756930578737132","killed_by":"Collector","ascension_level":0,"is_trial":false}