{"gold_per_floor":[119,137,155,0,17,47,58,58,58,73,86,86,86],"floor_reached":13,"playtime":885,"items_purged":["Meteor Strike"],"score":98,"play_id":"e15c618f-0893-44c9-a8b5-6905131ece80","local_time":"20181015203217","is_ascension_mode":true,"campfire_choices":[{"floor":8,"key":"REST"}],"neow_cost":"NONE","seed_source_timestamp":2256119522485934,"circlet_count":0,"master_deck":["Strike_B","Strike_B","Strike_B","Strike_B","Defend_B","Defend_B","Defend_B","Defend_B","Zap","Dualcast","Redo+1","Creative AI","Buffer","Conserve Battery"],"relics":["Cracked Core","Lantern","Pantograph"],"potions_floor_usage":[6,13],"damage_taken":[{"damage":1,"enemies":"Cultist","floor":1,"turns":3},{"damage":2,"enemies":"Jaw Worm","floor":2,"turns":3},{"damage":7,"enemies":"2 Louse","floor":3,"turns":3},{"damage":26,"enemies":"Exordium Thugs","floor":5,"turns":6},{"damage":13,"enemies":"Lagavulin","floor":6,"turns":6},{"damage":22,"enemies":"3 Louse","floor":7,"turns":5},{"damage":3,"enemies":"Blue Slaver","floor":10,"turns":4},{"damage":1,"enemies":"Red Slaver","floor":11,"turns":4},{"damage":24,"enemies":"3 Sentries","floor":13,"turns":4}],"seed_played":"-4315889628644511088","potions_obtained":[{"floor":2,"key":"SkillPotion"},{"floor":7,"key":"Explosive Potion"},{"floor":10,"key":"SteroidPotion"},{"floor":11,"key":"EssenceOfSteel"}],"is_trial":false,"path_per_floor":["M","M","M","$","M","E","M","R","T","M","M","?"],"character_chosen":"DEFECT","items_purchased":["Creative AI"],"campfire_rested":1,"item_purchase_floors":[4],"current_hp_per_floor":[74,72,65,65,39,26,4,26,26,23,22,22,0],"gold":86,"neow_bonus":"ONE_RANDOM_RARE_CARD","is_prod":false,"is_daily":false,"chose_seed":false,"campfire_upgraded":0,"win_rate":0,"timestamp":1539653537,"path_taken":["M","M","M","$","M","E","M","R","T","?","M","?","?"],"build_version":"2018-10-11","purchased_purges":1,"victory":false,"max_hp_per_floor":[75,75,75,75,75,75,75,75,75,75,75,75,75],"card_choices":[{"not_picked":["FTL","Coolheaded"],"picked":"Redo","floor":1},{"not_picked":["Stack","Chill","Glacier"],"picked":"SKIP","floor":2},{"not_picked":["Redo","Compile Driver","Cold Snap"],"picked":"SKIP","floor":3},{"not_picked":["Consume","Beam Cell","Redo"],"picked":"SKIP","floor":5},{"not_picked":["Stack","Conserve Battery"],"picked":"Buffer","floor":6},{"not_picked":["Genetic Algorithm","Beam Cell"],"picked":"Conserve Battery","floor":7},{"not_picked":["Storm","Hologram","Rebound"],"picked":"SKIP","floor":10},{"not_picked":["Coolheaded","Stack","Chaos"],"picked":"SKIP","floor":11}],"player_experience":440216,"relics_obtained":[{"floor":6,"key":"Lantern"},{"floor":9,"key":"Pantograph"}],"event_choices":[{"event_name":"Living Wall","player_choice":"Grow","floor":12,"damage_taken":0},{"event_name":"Dead Adventurer","player_choice":"Searched \u00271\u0027 times","floor":13,"damage_taken":0}],"is_beta":false,"boss_relics":[],"items_purged_floors":[4],"is_endless":false,"potions_floor_spawned":[2,7,10,11,13],"killed_by":"3 Sentries","ascension_level":2}