{"path_per_floor":["M","M","M","?","M","R","E","R","T","R","$","M","?","M","R","B",null,"M","?","M","$","M","R","M","R","T","M","M","M","?","M","R"],"character_chosen":"IRONCLAD","items_purchased":["Flex","Orichalcum","Bludgeon"],"gold_per_floor":[117,127,145,220,236,236,261,261,261,261,84,104,104,116,116,215,215,231,231,245,11,22,22,33,33,33,51,70,84,84,103,103],"floor_reached":33,"campfire_rested":2,"playtime":3186,"current_hp_per_floor":[80,80,80,69,75,75,58,58,58,58,58,65,84,88,88,29,88,83,83,92,89,55,81,67,67,67,54,38,42,42,47,74],"items_purged":["Parasite"],"gold":103,"score":278,"play_id":"4d179463-4918-460a-aa93-ce1612696b05","local_time":"20180303154833","is_prod":false,"is_daily":false,"is_ascension_mode":false,"campfire_upgraded":5,"timestamp":1520113713,"path_taken":["M","M","?","?","M","R","E","R","T","R","$","?","?","M","R","BOSS","M","?","M","$","M","R","M","R","T","?","?","M","?","?","R","BOSS"],"build_version":"2018-03-01-PROD1","purchased_purges":1,"victory":false,"master_deck":["Strike_R","Strike_R","Strike_R","Strike_R","Strike_R","Defend_R","Defend_R","Defend_R","Defend_R","Bash","Limit Break","Flex+1","Heavy Blade+1","Shrug It Off","Feed+1","Flex+1","Spot Weakness","Clash","Feed","Burning Pact+1","Inflame+1","Bludgeon+1","Pommel Strike","Anger","Flex","Injury","Heavy Blade+1"],"max_hp_per_floor":[80,80,80,80,80,80,80,80,80,80,80,84,84,88,88,88,88,88,88,92,89,89,89,89,89,89,89,93,93,93,93,93],"relics":["Black Blood","Bag of Marbles","Gambling Chip","Orichalcum","Red Skull"],"card_choices":[{"not_picked":["Anger","Armaments"],"picked":"Flex"},{"not_picked":["Seeing Red","Dual Wield"],"picked":"Heavy Blade"},{"not_picked":["Cleave","Spot Weakness"],"picked":"Shrug It Off"},{"not_picked":["True Grit","Anger"],"picked":"Feed"},{"not_picked":["Warcry","Power Through"],"picked":"Spot Weakness"},{"not_picked":["Anger","Sever Soul"],"picked":"Clash"},{"not_picked":["Barricade","Berserk"],"picked":"Feed"},{"not_picked":["Perfected Strike","Sword Boomerang"],"picked":"Burning Pact"},{"not_picked":["Cleave","Anger"],"picked":"Inflame"},{"not_picked":["Clothesline","Twin Strike"],"picked":"Pommel Strike"},{"not_picked":["Iron Wave","Fiend Fire"],"picked":"Anger"},{"not_picked":["Shockwave","Corruption"],"picked":"Flex"},{"not_picked":["Warcry","Cleave"],"picked":"Heavy Blade"}],"player_experience":18024,"potions_floor_usage":[5,16,16,20,27,29,29],"damage_taken":[{"damage":2,"enemies":"Cultist","floor":1,"turns":5},{"damage":0,"enemies":"Small Slimes","floor":2,"turns":3},{"damage":4,"enemies":"2 Louse","floor":3,"turns":3},{"damage":0,"enemies":"Large Slime","floor":5,"turns":5},{"damage":23,"enemies":"Gremlin Nob","floor":7,"turns":5},{"damage":3,"enemies":"Lots of Slimes","floor":12,"turns":5},{"damage":3,"enemies":"2 Fungi Beasts","floor":14,"turns":2},{"damage":65,"enemies":"Slime Boss","floor":16,"turns":14},{"damage":15,"enemies":"Chosen","floor":18,"turns":6},{"damage":4,"enemies":"2 Thieves","floor":20,"turns":2},{"damage":44,"enemies":"Slaver and Parasite","floor":22,"turns":5},{"damage":24,"enemies":"3 Cultists","floor":24,"turns":4},{"damage":23,"enemies":"Cultist and Chosen","floor":27,"turns":6},{"damage":30,"enemies":"Snake Plant","floor":28,"turns":4},{"damage":6,"enemies":"Centurion and Healer","floor":29,"turns":4},{"damage":5,"enemies":"Snecko","floor":31,"turns":3},{"damage":98,"enemies":"Collector","floor":33,"turns":5}],"event_choices":[{"event_name":"World of Goop","player_choice":"Gather Gold","floor":4,"damage_taken":0},{"event_name":"Mushrooms","player_choice":"Healed and dodged fight","floor":13,"damage_taken":0},{"event_name":"Cursed Tome","player_choice":"Ignored","floor":19,"damage_taken":0},{"event_name":"Accursed Blacksmith","player_choice":"Forge","floor":30,"damage_taken":0}],"boss_relics":[{"not_picked":["Orrery","Runic Dome"],"picked":"Black Blood"}],"potions_floor_spawned":[1,7,12,16,24,27,28],"seed_played":"-3998045681304427833","killed_by":"Collector","ascension_level":0,"is_trial":false}