{"gold_per_floor":[118,118,129,142,142,173,173,186,243,274,293,47,47,12,12,114,114,114,94,94,94,94,94,94,94,94,94,94,94,94,94,94,94],"floor_reached":33,"playtime":1687,"items_purged":[],"score":428,"play_id":"ef3c5b64-f603-4689-94ca-e9c25649427e","local_time":"20191008130216","is_ascension_mode":true,"campfire_choices":[{"data":"Deep Breath","floor":7,"key":"SMITH"},{"data":"Redo","floor":15,"key":"SMITH"},{"data":"Rainbow","floor":23,"key":"SMITH"},{"data":"Defragment","floor":25,"key":"SMITH"},{"data":"Dualcast","floor":27,"key":"SMITH"},{"data":"Loop","floor":32,"key":"SMITH"}],"neow_cost":"NONE","seed_source_timestamp":384892507494400,"circlet_count":0,"master_deck":["Strike_B","Strike_B","Strike_B","Defend_B","Defend_B","Defend_B","Zap+1","Dualcast+1","Deep Breath+1","Sweeping Beam","Hologram","Defragment+1","Redo+1","BootSequence","Sweeping Beam","Auto Shields","FTL","Rainbow+1","Streamline","Go for the Eyes+1","Sunder","Core Surge","Loop+1"],"relics":["Cracked Core","Lantern","Tiny Chest","Regal Pillow","TheAbacus","Ectoplasm","Juzu Bracelet","Oddly Smooth Stone","Bag of Marbles"],"potions_floor_usage":[10,13,33],"damage_taken":[{"damage":7,"enemies":"Small Slimes","floor":1,"turns":3},{"damage":2,"enemies":"Jaw Worm","floor":3,"turns":3},{"damage":0,"enemies":"Cultist","floor":4,"turns":2},{"damage":36,"enemies":"Gremlin Nob","floor":6,"turns":4},{"damage":3,"enemies":"3 Louse","floor":8,"turns":2},{"damage":0,"enemies":"3 Sentries","floor":10,"turns":5},{"damage":0,"enemies":"Large Slime","floor":11,"turns":4},{"damage":0,"enemies":"Lagavulin","floor":13,"turns":2},{"damage":29,"enemies":"The Guardian","floor":16,"turns":10},{"damage":1,"enemies":"Shell Parasite","floor":18,"turns":4},{"damage":16,"enemies":"3 Byrds","floor":20,"turns":4},{"damage":13,"enemies":"Slavers","floor":30,"turns":5},{"damage":3,"enemies":"Snake Plant","floor":31,"turns":3},{"damage":60,"enemies":"Automaton","floor":33,"turns":6}],"seed_played":"3066489977284026559","potions_obtained":[{"floor":4,"key":"Ancient Potion"},{"floor":6,"key":"Energy Potion"},{"floor":8,"key":"SmokeBomb"},{"floor":11,"key":"Strength Potion"},{"floor":19,"key":"FocusPotion"}],"is_trial":false,"path_per_floor":["M","?","M","M","?","E","R","M","T","E","M","$","E","?","R","B",null,"M","?","M","?","?","R","?","R","T","R","?","?","E","M","R","B"],"character_chosen":"DEFECT","items_purchased":["TheAbacus","FTL"],"campfire_rested":0,"item_purchase_floors":[12,12],"current_hp_per_floor":[61,61,59,59,59,23,23,20,20,20,20,20,20,38,38,9,59,58,58,42,42,67,67,67,67,67,67,67,67,54,51,51,0],"gold":94,"neow_bonus":"RANDOM_COLORLESS","is_prod":false,"is_daily":false,"chose_seed":false,"campfire_upgraded":6,"win_rate":0,"timestamp":1570557736,"path_taken":["M","?","M","M","?","E","R","M","T","E","?","$","E","?","R","BOSS","M","?","?","?","?","R","?","R","T","R","?","?","E","M","R","BOSS"],"build_version":"2019-07-17","purchased_purges":0,"victory":false,"max_hp_per_floor":[75,75,75,75,75,75,75,75,75,75,75,75,75,75,75,75,75,75,75,75,75,75,75,75,75,75,75,75,75,75,75,75,75],"card_choices":[{"not_picked":["Stack","Streamline"],"picked":"Sweeping Beam","floor":1},{"not_picked":["Darkness","Compile Driver"],"picked":"Hologram","floor":3},{"not_picked":["Stack","Reprogram","Steam"],"picked":"SKIP","floor":4},{"not_picked":["Undo","Stack"],"picked":"Redo","floor":6},{"not_picked":["Lockon","Blizzard"],"picked":"BootSequence","floor":8},{"not_picked":["Redo","Tempest"],"picked":"Sweeping Beam","floor":10},{"not_picked":["Rip and Tear","Steam"],"picked":"Auto Shields","floor":11},{"not_picked":["Hyperbeam","Biased Cognition"],"picked":"Rainbow","floor":16},{"not_picked":["Turbo","Barrage+1"],"picked":"Streamline","floor":18},{"not_picked":["Capacitor+1","Consume"],"picked":"Go for the Eyes+1","floor":20},{"not_picked":["Sweeping Beam","Redo"],"picked":"Core Surge","floor":30},{"not_picked":["Hologram","Streamline"],"picked":"Loop","floor":31}],"player_experience":805570,"relics_obtained":[{"floor":6,"key":"Lantern"},{"floor":9,"key":"Tiny Chest"},{"floor":10,"key":"Regal Pillow"},{"floor":26,"key":"Oddly Smooth Stone"},{"floor":30,"key":"Bag of Marbles"}],"event_choices":[{"damage_healed":0,"gold_gain":0,"player_choice":"Grow","damage_taken":0,"max_hp_gain":0,"max_hp_loss":0,"event_name":"Living Wall","floor":2,"gold_loss":0,"cards_upgraded":["Zap"]},{"damage_healed":0,"gold_gain":0,"cards_transformed":["Strike_B"],"player_choice":"Transformed","damage_taken":0,"max_hp_gain":0,"max_hp_loss":0,"event_name":"Transmorgrifier","floor":5,"gold_loss":0,"cards_obtained":["Defragment"]},{"damage_healed":18,"gold_gain":0,"player_choice":"Healed","damage_taken":0,"max_hp_gain":0,"max_hp_loss":0,"event_name":"The Cleric","floor":14,"gold_loss":35},{"damage_healed":0,"gold_gain":0,"player_choice":"Bought 1 Potion","damage_taken":0,"max_hp_gain":0,"max_hp_loss":0,"event_name":"The Woman in Blue","floor":19,"gold_loss":0},{"damage_healed":0,"gold_gain":0,"player_choice":"Opened","damage_taken":0,"relics_obtained":["Juzu Bracelet"],"max_hp_gain":0,"max_hp_loss":0,"event_name":"The Mausoleum","floor":21,"gold_loss":0},{"damage_healed":25,"gold_gain":0,"player_choice":"Heal","damage_taken":0,"max_hp_gain":0,"max_hp_loss":0,"event_name":"The Library","floor":22,"gold_loss":0},{"damage_healed":0,"gold_gain":0,"player_choice":"Ignored","damage_taken":0,"max_hp_gain":0,"max_hp_loss":0,"event_name":"Vampires","floor":24,"gold_loss":0},{"damage_healed":0,"gold_gain":0,"cards_transformed":["Defend_B"],"player_choice":"Transformed","damage_taken":0,"max_hp_gain":0,"max_hp_loss":0,"event_name":"Transmorgrifier","floor":28,"gold_loss":0,"cards_obtained":["Sunder"]},{"damage_healed":0,"gold_gain":99,"player_choice":"Stole From Cult","damage_taken":0,"max_hp_gain":0,"max_hp_loss":0,"event_name":"Nest","floor":29,"gold_loss":0}],"is_beta":false,"boss_relics":[{"not_picked":["Nuclear Battery","Fusion Hammer"],"picked":"Ectoplasm"}],"items_purged_floors":[],"is_endless":false,"potions_floor_spawned":[4,6,8,11,30,31],"killed_by":"Automaton","ascension_level":8}