{"path_per_floor":["M","M","M","$","M","R","T","R","T","R","M","R","$","M","R","B",null,"M","?","?","?","M"],"character_chosen":"THE_SILENT","items_purchased":["Dodge and Roll","Well Laid Plans"],"gold_per_floor":[118,136,155,66,76,76,151,151,174,174,192,192,117,134,134,234,234,249,449,374,289,275],"floor_reached":23,"campfire_rested":2,"playtime":3129,"current_hp_per_floor":[68,66,66,66,41,62,62,62,62,62,48,69,69,68,68,64,70,51,51,51,51,39],"items_purged":["Strike_G"],"gold":275,"score":181,"play_id":"23bc8224-b25e-40b6-a4d9-37190a55cd22","local_time":"20180304002558","is_prod":false,"is_daily":false,"is_ascension_mode":false,"campfire_upgraded":3,"timestamp":1520144758,"path_taken":["M","M","M","$","?","R","?","R","T","R","M","R","$","M","R","BOSS","M","?","?","?","M","E"],"build_version":"2018-03-01-PROD1","purchased_purges":1,"victory":false,"master_deck":["Defend_G","Defend_G","Defend_G","Defend_G","Defend_G","Strike_G","Strike_G","Strike_G","Strike_G","Survivor","Neutralize","Flying Knee","Infinite Blades+1","Dodge and Roll+1","Well Laid Plans+1","Dodge and Roll","Backstab+1","Leg Sweep","A Thousand Cuts","Deadly Poison"],"max_hp_per_floor":[70,70,70,70,70,70,70,70,70,70,70,70,70,70,70,70,70,70,70,70,70,70],"relics":["Ring of the Snake","Molten Egg 2","Pen Nib","Eternal Feather","Snake Skull"],"card_choices":[{"not_picked":["Dodge and Roll","Finisher"],"picked":"Flying Knee"},{"not_picked":["Prepared","Terror"],"picked":"Infinite Blades"},{"not_picked":["Sucker Punch","Bane"],"picked":"PiercingWail"},{"not_picked":["Prepared","Night Terror"],"picked":"Dodge and Roll"},{"not_picked":["Acrobatics","Calculated Gamble"],"picked":"Backstab"},{"not_picked":["Reflex","Bane"],"picked":"Leg Sweep"},{"not_picked":["Doppelganger","Tools of the Trade"],"picked":"A Thousand Cuts"},{"not_picked":["Acrobatics","Dagger Spray"],"picked":"Deadly Poison"}],"player_experience":31087,"potions_floor_usage":[18,23,23],"damage_taken":[{"damage":2,"enemies":"Cultist","floor":1,"turns":6},{"damage":2,"enemies":"Small Slimes","floor":2,"turns":5},{"damage":0,"enemies":"2 Louse","floor":3,"turns":3},{"damage":25,"enemies":"Exordium Wildlife","floor":5,"turns":7},{"damage":14,"enemies":"3 Louse","floor":11,"turns":3},{"damage":1,"enemies":"Looter","floor":14,"turns":3},{"damage":4,"enemies":"The Guardian","floor":16,"turns":21},{"damage":19,"enemies":"Spheric Guardian","floor":18,"turns":6},{"damage":12,"enemies":"2 Thieves","floor":22,"turns":5},{"damage":51,"enemies":"Slavers","floor":23,"turns":5}],"event_choices":[{"event_name":"The Joust","player_choice":"Bet on Owner","floor":19,"damage_taken":0},{"event_name":"Beggar","player_choice":"Gave Gold","floor":20,"damage_taken":0},{"event_name":"Addict","player_choice":"Obtained Relic","floor":21,"damage_taken":0}],"boss_relics":[{"not_picked":["Runic Pyramid","Velvet Choker"],"picked":"Eternal Feather"}],"potions_floor_spawned":[2,5,11,14],"seed_played":"8709204341649192691","killed_by":"Slavers","ascension_level":0,"is_trial":false}