{"gold_per_floor":[214,227,81,95,112,145,145,145,145,145,164,176,126,126,126,229,229,242,152,167,27,37,67,67,67,112,112,127,127,144,106,106,106],"floor_reached":33,"playtime":1902,"items_purged":["Strike_B","Multi-Cast"],"score":267,"play_id":"e626489d-27f4-4600-b99e-380bf3eb34c9","local_time":"20180923184619","is_ascension_mode":false,"campfire_choices":[{"data":"Zap","floor":7,"key":"SMITH"},{"data":"Defend_B","floor":10,"key":"SMITH"},{"data":"Defend_B","floor":15,"key":"SMITH"},{"data":"Defragment","floor":24,"key":"SMITH"},{"data":"Defragment","floor":27,"key":"SMITH"},{"floor":29,"key":"REST"},{"floor":32,"key":"REST"}],"neow_cost":"NONE","seed_source_timestamp":347901054601503,"circlet_count":0,"master_deck":["Strike_B+1","Strike_B","Defend_B+1","Defend_B+1","Defend_B","Defend_B","Zap+1","Dualcast","Leap","FTL","Defragment+1","Defragment+1","Self Repair","Sunder","Ball Lightning","Capacitor","Gash","Static Discharge"],"relics":["Cracked Core","Letter Opener","Shuriken","Inserter","Meat on the Bone","Potion Belt"],"potions_floor_usage":[6,6,22,33,33],"damage_taken":[{"damage":5,"enemies":"2 Louse","floor":1,"turns":3},{"damage":1,"enemies":"Cultist","floor":2,"turns":3},{"damage":0,"enemies":"Jaw Worm","floor":4,"turns":4},{"damage":7,"enemies":"3 Louse","floor":5,"turns":3},{"damage":5,"enemies":"3 Sentries","floor":6,"turns":8},{"damage":3,"enemies":"Large Slime","floor":11,"turns":4},{"damage":9,"enemies":"Lots of Slimes","floor":12,"turns":3},{"damage":41,"enemies":"Hexaghost","floor":16,"turns":11},{"damage":7,"enemies":"Chosen","floor":18,"turns":5},{"damage":9,"enemies":"Shell Parasite","floor":20,"turns":7},{"damage":13,"enemies":"Chosen and Byrds","floor":22,"turns":5},{"damage":20,"enemies":"Gremlin Leader","floor":23,"turns":7},{"damage":22,"enemies":"Snecko","floor":28,"turns":4},{"damage":36,"enemies":"Sentry and Sphere","floor":30,"turns":6},{"damage":91,"enemies":"Automaton","floor":33,"turns":6}],"seed_played":"-6692469096198580265","potions_obtained":[{"floor":2,"key":"Fire Potion"},{"floor":4,"key":"Block Potion"},{"floor":6,"key":"SteroidPotion"},{"floor":16,"key":"Regen Potion"},{"floor":18,"key":"Energy Potion"},{"floor":30,"key":"SneckoOil"}],"is_trial":false,"path_per_floor":["M","M","$","M","M","E","R","?","T","R","M","M","?","?","R","B",null,"M","?","M","$","M","E","R","?","T","R","M","R","M","$","R"],"character_chosen":"DEFECT","items_purchased":["Defragment","Capacitor","Static Discharge"],"campfire_rested":2,"item_purchase_floors":[3,21,31],"current_hp_per_floor":[70,69,69,69,62,64,64,64,64,64,68,59,59,59,59,25,75,75,75,73,73,67,54,54,40,40,40,30,54,37,37,61,0],"gold":106,"neow_bonus":"HUNDRED_GOLD","is_prod":false,"is_daily":false,"chose_seed":false,"campfire_upgraded":5,"win_rate":0.0,"timestamp":1537746379,"path_taken":["M","M","$","M","M","E","R","?","T","R","M","M","?","?","R","BOSS","M","?","M","$","M","E","R","?","T","R","M","R","M","$","R","BOSS"],"build_version":"2018-09-20","purchased_purges":2,"victory":false,"max_hp_per_floor":[75,75,75,75,75,75,75,75,75,75,75,75,75,75,75,75,75,75,75,75,75,75,75,75,80,80,80,80,80,80,80,80,80],"card_choices":[{"not_picked":["Beam Cell","White Noise"],"picked":"Leap","floor":1},{"not_picked":["Cold Snap","Go for the Eyes"],"picked":"FTL","floor":2},{"not_picked":["Undo","Stack"],"picked":"Defragment","floor":4},{"not_picked":["Conserve Battery","Scrape"],"picked":"Self Repair","floor":5},{"not_picked":["Amplify","Recycle","Reinforced Body"],"picked":"SKIP","floor":6},{"not_picked":["Leap","FTL"],"picked":"Sunder","floor":11},{"not_picked":["Turbo","Heatsinks","Compile Driver"],"picked":"SKIP","floor":12},{"not_picked":["Machine Learning","Reboot"],"picked":"Biased Cognition","floor":16},{"not_picked":["FTL+1","Barrage+1"],"picked":"Ball Lightning","floor":18},{"not_picked":["Coolheaded","Leap","Darkness"],"picked":"SKIP","floor":20},{"not_picked":["Rip and Tear","Beam Cell","Stack"],"picked":"SKIP","floor":22},{"not_picked":["Blizzard","Cold Snap"],"picked":"Gash","floor":23},{"not_picked":["Defragment","Go for the Eyes+1","Rebound"],"picked":"SKIP","floor":28},{"not_picked":["Redo","Steam Power","Capacitor"],"picked":"SKIP","floor":30}],"player_experience":329524,"relics_obtained":[{"floor":6,"key":"Letter Opener"},{"floor":9,"key":"Shuriken"},{"floor":23,"key":"Meat on the Bone"},{"floor":26,"key":"Potion Belt"}],"event_choices":[{"event_name":"Wheel of Change","player_choice":"Curse","floor":8,"damage_taken":0},{"event_name":"The Cleric","player_choice":"Card Removal","floor":13,"damage_taken":0},{"event_name":"Transmorgrifier","player_choice":"Transform","floor":14,"damage_taken":0},{"event_name":"Designer","player_choice":"Full Service","floor":19,"damage_taken":0},{"event_name":"Forgotten Altar","player_choice":"Shed Blood","floor":25,"damage_taken":0}],"is_beta":false,"boss_relics":[{"not_picked":["Astrolabe","White Beast Statue"],"picked":"Inserter"}],"items_purged_floors":[3,21],"is_endless":false,"potions_floor_spawned":[2,4,6,16,18,22,30],"killed_by":"Automaton","ascension_level":0}