{"gold_per_floor":[10,22,22,33,33,33,33,67,67,82,82,2,2],"floor_reached":13,"playtime":676,"items_purged":[],"score":125,"play_id":"417cf159-2c35-4d1f-b293-4a23c4451460","local_time":"20191016150542","is_ascension_mode":true,"campfire_choices":[{"data":"Dash","floor":6,"key":"SMITH"},{"floor":11,"key":"REST"}],"neow_cost":"NO_GOLD","seed_source_timestamp":155033252348600,"circlet_count":0,"master_deck":["AscendersBane","Strike_G","Strike_G","Strike_G","Strike_G+1","Strike_G","Defend_G+1","Defend_G","Defend_G","Defend_G","Defend_G","Survivor","Neutralize","Bullet Time+1","Quick Slash","Dagger Throw","Dash+1","Dodge and Roll","Backflip","Caltrops"],"relics":["Ring of the Snake","Dodecahedron","Mummified Hand"],"potions_floor_usage":[2,10,13],"damage_taken":[{"damage":10,"enemies":"Cultist","floor":1,"turns":6},{"damage":1,"enemies":"Jaw Worm","floor":2,"turns":4},{"damage":0,"enemies":"2 Louse","floor":4,"turns":2},{"damage":14,"enemies":"3 Sentries","floor":8,"turns":10},{"damage":17,"enemies":"Red Slaver","floor":10,"turns":5},{"damage":33,"enemies":"Gremlin Nob","floor":13,"turns":4}],"seed_played":"-5800220181529863293","potions_obtained":[{"floor":1,"key":"Fruit Juice"},{"floor":4,"key":"GamblersBrew"},{"floor":8,"key":"Explosive Potion"}],"is_trial":false,"path_per_floor":["M","M","$","M","?","R","?","E","T","M","R","$","E"],"character_chosen":"THE_SILENT","items_purchased":["Caltrops"],"campfire_rested":1,"item_purchase_floors":[12],"current_hp_per_floor":[53,57,57,57,57,57,42,28,28,11,33,33,0],"gold":2,"neow_bonus":"THREE_RARE_CARDS","is_prod":false,"is_daily":false,"chose_seed":false,"campfire_upgraded":1,"win_rate":0,"timestamp":1571256342,"path_taken":["M","M","$","M","?","R","?","E","T","M","R","?","E"],"build_version":"2019-07-17","purchased_purges":0,"victory":false,"max_hp_per_floor":[70,75,75,75,75,75,75,75,75,75,75,75,75],"card_choices":[{"not_picked":["Corpse Explosion","Tools of the Trade"],"picked":"Bullet Time","floor":0},{"not_picked":["Escape Plan","Bane"],"picked":"Quick Slash","floor":1},{"not_picked":["Masterful Stab","Expertise"],"picked":"Dagger Throw","floor":2},{"not_picked":["Heel Hook","Backstab"],"picked":"Dash","floor":4},{"not_picked":["Bouncing Flask","Slice"],"picked":"Dodge and Roll","floor":8},{"not_picked":["Bane","Dagger Spray"],"picked":"Backflip","floor":10}],"player_experience":856484,"relics_obtained":[{"floor":8,"key":"Dodecahedron"},{"floor":9,"key":"Mummified Hand"}],"event_choices":[{"damage_healed":0,"gold_gain":0,"player_choice":"Grow","damage_taken":0,"max_hp_gain":0,"max_hp_loss":0,"event_name":"Living Wall","floor":5,"gold_loss":0,"cards_upgraded":["Bullet Time"]},{"damage_healed":0,"gold_gain":0,"player_choice":"Entered Light","damage_taken":15,"max_hp_gain":0,"max_hp_loss":0,"event_name":"Shining Light","floor":7,"gold_loss":0,"cards_upgraded":["Defend_G","Strike_G"]}],"is_beta":false,"boss_relics":[],"items_purged_floors":[],"is_endless":false,"potions_floor_spawned":[1,4,8],"killed_by":"Gremlin Nob","ascension_level":10}