{"gold_per_floor":[112,37,212,230,25,25,53,53,79,92,92,104,104,8,8,8],"floor_reached":16,"playtime":905,"items_purged":["Defend_G","Doubt"],"score":142,"play_id":"0a07ac9f-cb2f-4599-8ff1-d37efecdd5e7","local_time":"20191006001811","is_ascension_mode":true,"campfire_choices":[{"data":"Deflect","floor":6,"key":"SMITH"},{"data":"Cloak And Dagger","floor":8,"key":"SMITH"},{"data":"Dagger Spray","floor":11,"key":"SMITH"},{"data":"Quick Slash","floor":13,"key":"SMITH"},{"data":"Flash of Steel","floor":15,"key":"SMITH"}],"neow_cost":"NONE","seed_source_timestamp":167039156714900,"circlet_count":0,"master_deck":["Strike_G","Strike_G","Strike_G","Strike_G","Strike_G","Defend_G","Defend_G","Defend_G","Defend_G","Survivor","Neutralize+1","Deflect+1","Cloak And Dagger+1","Well Laid Plans","Expertise","Dagger Spray+1","Quick Slash+1","Flash of Steel+1"],"relics":["Ring of the Snake","Singing Bowl","Vajra"],"potions_floor_usage":[7,16],"damage_taken":[{"damage":4,"enemies":"Jaw Worm","floor":1,"turns":6},{"damage":1,"enemies":"Small Slimes","floor":4,"turns":5},{"damage":38,"enemies":"Lagavulin","floor":7,"turns":11},{"damage":0,"enemies":"2 Louse","floor":10,"turns":3},{"damage":0,"enemies":"Looter","floor":12,"turns":3},{"damage":28,"enemies":"Hexaghost","floor":16,"turns":11}],"seed_played":"5473827682460671408","potions_obtained":[{"floor":4,"key":"GhostInAJar"},{"floor":7,"key":"SteroidPotion"},{"floor":12,"key":"Energy Potion"}],"is_trial":false,"path_per_floor":["M","$","?","M","$","R","E","R","T","M","R","M","R","$","R","B"],"character_chosen":"THE_SILENT","items_purchased":["Well Laid Plans","Expertise","Flash of Steel"],"campfire_rested":0,"item_purchase_floors":[5,5,14],"current_hp_per_floor":[59,59,59,58,58,58,20,20,20,20,20,22,22,22,22,0],"gold":8,"neow_bonus":"UPGRADE_CARD","is_prod":false,"is_daily":false,"chose_seed":false,"campfire_upgraded":5,"win_rate":0,"timestamp":1570339091,"path_taken":["M","$","?","M","$","R","E","R","T","M","R","M","R","$","R","BOSS"],"build_version":"2019-07-17","purchased_purges":2,"victory":false,"max_hp_per_floor":[70,70,70,70,70,70,70,70,70,70,70,72,72,72,72,72],"card_choices":[{"not_picked":["Outmaneuver","Sucker Punch"],"picked":"Deflect","floor":1},{"not_picked":["Sucker Punch","Bane"],"picked":"Cloak And Dagger","floor":4},{"not_picked":["Outmaneuver","Setup"],"picked":"Dagger Spray","floor":7},{"not_picked":["Deadly Poison","Poisoned Stab"],"picked":"Quick Slash","floor":10},{"not_picked":["Bullet Time","Eviscerate","Bane"],"picked":"Singing Bowl","floor":12}],"player_experience":791616,"relics_obtained":[{"floor":7,"key":"Singing Bowl"},{"floor":9,"key":"Vajra"}],"event_choices":[{"damage_healed":0,"gold_gain":175,"player_choice":"AGREE","damage_taken":0,"max_hp_gain":0,"max_hp_loss":0,"event_name":"Liars Game","floor":3,"gold_loss":0,"cards_obtained":["Doubt"]}],"is_beta":false,"boss_relics":[],"items_purged_floors":[2,5],"is_endless":false,"potions_floor_spawned":[4,7,12],"killed_by":"Hexaghost","ascension_level":9}