{"gold_per_floor":[114,114,114,126,138,138,149,149,172,184,121,149,162,195,195,295,295,314,314,314,325,349,349,406,423,501,501,513,524,534,93,93,193,193,206,216,262,262,279,279,295,295,295,295,308,321,336,367,367,367],"floor_reached":51,"playtime":4347,"items_purged":["Dash+1"],"score":1137,"play_id":"6d414e46-1c30-496b-abc7-1bb1bb4fc0ba","local_time":"20181117030646","is_ascension_mode":true,"campfire_choices":[{"data":"Endless Agony","floor":6,"key":"SMITH"},{"data":"Outmaneuver","floor":8,"key":"SMITH"},{"data":"Concentrate","floor":10,"key":"SMITH"},{"data":"Dash","floor":15,"key":"SMITH"},{"data":"After Image","floor":23,"key":"SMITH"},{"data":"Neutralize","floor":27,"key":"SMITH"},{"data":"Caltrops","floor":32,"key":"SMITH"},{"data":"Underhanded Strike","floor":40,"key":"SMITH"},{"data":"Deflect","floor":42,"key":"SMITH"},{"data":"Madness","floor":49,"key":"SMITH"}],"neow_cost":"TEN_PERCENT_HP_LOSS","seed_source_timestamp":974269813456123,"circlet_count":0,"master_deck":["Defend_G+1","Defend_G+1","Defend_G+1","Strike_G+1","Strike_G+1","Strike_G+1","Strike_G+1","Strike_G+1","Survivor","Neutralize+1","Slice+1","Endless Agony+1","Concentrate+1","Outmaneuver+1","Flying Knee+1","After Image+1","Underhanded Strike+1","Slice+1","Deflect+1","Heel Hook","Deflect+1","Slice","Well Laid Plans","Underhanded Strike+1","Deflect+1","Slice+1","Deflect+1","Madness+1","Madness+1","Deflect+1","Slice+1"],"relics":["Ring of the Snake","Unceasing Top","MawBank","Anchor","Question Card","HoveringKite","Vajra","Tiny Chest","Pear","Ornamental Fan","Empty Cage","Whetstone","Molten Egg 2","War Paint"],"potions_floor_usage":[14,25,50,50],"damage_taken":[{"damage":0,"enemies":"Small Slimes","floor":1,"turns":5},{"damage":0,"enemies":"2 Louse","floor":4,"turns":4},{"damage":3,"enemies":"Jaw Worm","floor":5,"turns":5},{"damage":0,"enemies":"Exordium Wildlife","floor":7,"turns":3},{"damage":2,"enemies":"Lagavulin","floor":12,"turns":6},{"damage":0,"enemies":"Blue Slaver","floor":13,"turns":2},{"damage":13,"enemies":"Gremlin Nob","floor":14,"turns":4},{"damage":31,"enemies":"The Guardian","floor":16,"turns":12},{"damage":0,"enemies":"Chosen","floor":18,"turns":3},{"damage":4,"enemies":"Colosseum Slavers","floor":19,"turns":4},{"damage":0,"enemies":"2 Thieves","floor":21,"turns":3},{"damage":0,"enemies":"Book of Stabbing","floor":24,"turns":3},{"damage":5,"enemies":"Cultist and Chosen","floor":25,"turns":5},{"damage":0,"enemies":"Centurion and Healer","floor":28,"turns":4},{"damage":0,"enemies":"3 Cultists","floor":29,"turns":4},{"damage":0,"enemies":"Cultist and Chosen","floor":30,"turns":3},{"damage":0,"enemies":"Champ","floor":33,"turns":6},{"damage":0,"enemies":"3 Shapes","floor":35,"turns":4},{"damage":0,"enemies":"3 Darklings","floor":36,"turns":4},{"damage":0,"enemies":"Jaw Worm Horde","floor":39,"turns":3},{"damage":0,"enemies":"Maw","floor":41,"turns":5},{"damage":0,"enemies":"3 Darklings","floor":45,"turns":3},{"damage":0,"enemies":"Sphere and 2 Shapes","floor":46,"turns":3},{"damage":0,"enemies":"Spire Growth","floor":47,"turns":3},{"damage":0,"enemies":"Nemesis","floor":48,"turns":5},{"damage":0,"enemies":"Awakened One","floor":50,"turns":6}],"seed_played":"2124783081163653766","potions_obtained":[{"floor":5,"key":"Energy Potion"},{"floor":7,"key":"Explosive Potion"},{"floor":12,"key":"Ancient Potion"},{"floor":16,"key":"Strength Potion"},{"floor":28,"key":"Block Potion"},{"floor":33,"key":"GhostInAJar"}],"is_trial":false,"path_per_floor":["M","?","?","M","M","R","M","R","T","R","$","E","M","E","R","B",null,"M","?","?","M","T","R","E","M","T","R","M","M","M","$","R","B",null,"M","M","T","?","M","R","M","R","T","?","M","M","M","E","R","B",null],"character_chosen":"THE_SILENT","items_purchased":["Dash","Well Laid Plans","Underhanded Strike","Ornamental Fan"],"campfire_rested":0,"item_purchase_floors":[11,31,31,31],"current_hp_per_floor":[63,63,63,63,60,60,60,60,60,60,60,58,58,45,45,14,51,51,47,47,47,47,47,47,42,52,52,52,52,52,52,52,52,68,68,68,68,68,68,68,68,68,68,59,59,59,59,59,59,59],"gold":367,"neow_bonus":"ONE_RARE_RELIC","is_prod":false,"is_daily":false,"chose_seed":false,"campfire_upgraded":10,"win_rate":0,"timestamp":1542445606,"path_taken":["M","?","?","M","M","R","M","R","T","R","$","E","M","E","R","BOSS","M","?","?","M","?","R","E","?","T","R","M","M","M","?","R","BOSS","M","M","?","?","M","R","M","R","T","?","M","M","M","E","R","BOSS"],"build_version":"2018-11-15","purchased_purges":1,"victory":true,"max_hp_per_floor":[63,63,63,63,63,63,63,63,63,63,63,63,63,63,63,63,63,63,63,63,63,63,63,63,63,73,73,73,73,73,73,73,73,73,73,73,73,73,73,73,73,73,73,73,73,73,73,73,73,73],"card_choices":[{"not_picked":["Leg Sweep","Underhanded Strike"],"picked":"Slice","floor":1},{"not_picked":["PiercingWail","Predator"],"picked":"Endless Agony","floor":4},{"not_picked":["Skewer","Acrobatics"],"picked":"Concentrate","floor":5},{"not_picked":["PiercingWail","Eviscerate"],"picked":"Outmaneuver","floor":7},{"not_picked":["Backflip","Poisoned Stab"],"picked":"Caltrops","floor":12},{"not_picked":["Grand Finale","Backflip"],"picked":"Flying Knee","floor":13},{"not_picked":["Quick Slash","Poisoned Stab","Bane"],"picked":"SKIP","floor":14},{"not_picked":["A Thousand Cuts","Bullet Time","Night Terror"],"picked":"After Image","floor":16},{"not_picked":["Poisoned Stab","Acrobatics","Outmaneuver+1"],"picked":"Underhanded Strike+1","floor":18},{"not_picked":["Blur+1","Footwork","Choke"],"picked":"Slice+1","floor":21},{"not_picked":["Slice","Footwork","Heel Hook"],"picked":"Deflect+1","floor":24},{"not_picked":["Blur","Setup","Flechettes"],"picked":"Heel Hook","floor":25},{"not_picked":["Poisoned Stab","PiercingWail+1","Dagger Spray"],"picked":"Deflect","floor":28},{"not_picked":["Glass Knife","Blade Dance","Footwork"],"picked":"Slice","floor":29},{"not_picked":["Quick Slash","Acrobatics","Deadly Poison","Dodge and Roll"],"picked":"SKIP","floor":30},{"not_picked":["Flying Knee","Dagger Spray","Dagger Throw+1","Deadly Poison+1"],"picked":"SKIP","floor":35},{"not_picked":["Cloak And Dagger+1","Sucker Punch","Dash+1"],"picked":"Deflect+1","floor":36},{"not_picked":["Backstab","Deflect+1","Poisoned Stab"],"picked":"Slice+1","floor":39},{"not_picked":["Dagger Throw+1","Prepared+1","Outmaneuver+1"],"picked":"Deflect+1","floor":41},{"not_picked":["Quick Slash+1","Underhanded Strike+1","Sucker Punch+1","Corpse Explosion"],"picked":"SKIP","floor":45},{"not_picked":["Bane+1","Crippling Poison","Dodge and Roll"],"picked":"Deflect","floor":46},{"not_picked":["Bane+1","Doppelganger","Quick Slash+1"],"picked":"Slice+1","floor":47},{"not_picked":["Caltrops","Night Terror","Prepared","Dagger Spray+1"],"picked":"SKIP","floor":48}],"player_experience":580312,"relics_obtained":[{"floor":9,"key":"MawBank"},{"floor":12,"key":"Anchor"},{"floor":14,"key":"Question Card"},{"floor":22,"key":"Vajra"},{"floor":24,"key":"Tiny Chest"},{"floor":26,"key":"Pear"},{"floor":37,"key":"Whetstone"},{"floor":43,"key":"Molten Egg 2"},{"floor":48,"key":"War Paint"}],"event_choices":[{"damage_healed":0,"gold_gain":0,"player_choice":"Ignored","damage_taken":0,"max_hp_gain":0,"max_hp_loss":0,"event_name":"Golden Idol","floor":2,"gold_loss":0},{"damage_healed":0,"gold_gain":0,"player_choice":"Ignored","damage_taken":0,"max_hp_gain":0,"max_hp_loss":0,"event_name":"Shining Light","floor":3,"gold_loss":0},{"damage_healed":0,"gold_gain":0,"player_choice":"Fight","damage_taken":0,"max_hp_gain":0,"max_hp_loss":0,"event_name":"Colosseum","floor":19,"gold_loss":0},{"damage_healed":0,"gold_gain":0,"player_choice":"Fled From Nobs","damage_taken":0,"max_hp_gain":0,"max_hp_loss":0,"event_name":"Colosseum","floor":19,"gold_loss":0},{"damage_healed":0,"gold_gain":0,"player_choice":"Simplicity","damage_taken":0,"max_hp_gain":0,"max_hp_loss":0,"event_name":"Back to Basics","floor":20,"gold_loss":0,"cards_upgraded":["Defend_G","Defend_G","Defend_G","Defend_G","Defend_G","Strike_G","Strike_G","Strike_G","Strike_G","Strike_G"]},{"cards_removed":["Caltrops"],"damage_healed":0,"gold_gain":0,"player_choice":"Removed Power","damage_taken":0,"max_hp_gain":0,"max_hp_loss":0,"event_name":"Falling","floor":38,"gold_loss":0},{"damage_healed":0,"gold_gain":0,"player_choice":"Embrace Madness","damage_taken":9,"max_hp_gain":0,"max_hp_loss":0,"event_name":"Winding Halls","floor":44,"gold_loss":0,"cards_obtained":["Madness","Madness"]}],"is_beta":false,"boss_relics":[{"not_picked":["Ring of the Serpent","Snecko Eye"],"picked":"HoveringKite"},{"not_picked":["Runic Pyramid","White Beast Statue"],"picked":"Empty Cage"}],"items_purged_floors":[31],"is_endless":false,"potions_floor_spawned":[5,7,12,13,16,21,28,30,33,35,45,48],"ascension_level":6}