{"path_per_floor":["M","M","$","M","M","R","M","R","T","?","R","E","R","?","R","B",null,"M","M","$","?","?","E","R"],"character_chosen":"THE_SILENT","items_purchased":["Well Laid Plans","Ornamental Fan"],"gold_per_floor":[114,133,24,42,59,59,74,74,97,97,97,129,129,129,129,234,234,245,265,6,6,6,32,32],"floor_reached":25,"campfire_rested":1,"playtime":2248,"current_hp_per_floor":[69,69,69,69,69,69,69,69,69,55,70,62,62,55,55,31,70,62,62,62,62,62,55,55],"items_purged":["Strike_G"],"gold":32,"score":219,"play_id":"c5784e38-7295-4657-ab0c-30006afe32a6","local_time":"20180307205556","is_prod":false,"is_daily":false,"is_ascension_mode":false,"campfire_upgraded":5,"timestamp":1520477756,"path_taken":["M","M","$","M","M","R","M","R","T","?","R","E","R","?","R","BOSS","M","M","$","?","?","E","R","E"],"build_version":"2018-03-01-PROD1","purchased_purges":1,"victory":false,"master_deck":["Defend_G","Defend_G","Defend_G","Defend_G+1","Defend_G","Strike_G","Strike_G","Strike_G+1","Survivor","Neutralize","Endless Agony+1","Poisoned Stab","Flying Knee","Well Laid Plans+1","Bane","Underhanded Strike+1","Prepared","Cloak And Dagger+1","After Image+1","Blur","Expertise+1","Writhe"],"max_hp_per_floor":[70,70,70,70,70,70,70,70,70,70,70,70,70,70,70,70,70,70,70,70,70,70,70,70],"relics":["Ring of the Snake","Pen Nib","Ice Cream","Sozu","Ornamental Fan","Juzu Bracelet","Kunai"],"card_choices":[{"not_picked":["Adrenaline","Backflip"],"picked":"Poisoned Stab"},{"not_picked":["Dagger Throw","Sucker Punch"],"picked":"Flying Knee"},{"not_picked":["Dagger Throw","Underhanded Strike"],"picked":"Bane"},{"not_picked":["Acrobatics","Poisoned Stab"],"picked":"Underhanded Strike"},{"not_picked":["Corpse Explosion","Acrobatics"],"picked":"Prepared"},{"not_picked":["Caltrops","Slice"],"picked":"Cloak And Dagger"},{"not_picked":["Unload","Tools of the Trade"],"picked":"After Image"},{"not_picked":["Dagger Throw","Masterful Stab"],"picked":"Blur"},{"not_picked":["Quick Slash","Heel Hook"],"picked":"Expertise"}],"player_experience":77047,"potions_floor_usage":[25],"damage_taken":[{"damage":1,"enemies":"Cultist","floor":1,"turns":5},{"damage":0,"enemies":"Jaw Worm","floor":2,"turns":5},{"damage":0,"enemies":"Small Slimes","floor":4,"turns":3},{"damage":0,"enemies":"Exordium Wildlife","floor":5,"turns":5},{"damage":0,"enemies":"Red Slaver","floor":7,"turns":4},{"damage":8,"enemies":"3 Sentries","floor":12,"turns":9},{"damage":24,"enemies":"Slime Boss","floor":16,"turns":12},{"damage":8,"enemies":"2 Thieves","floor":18,"turns":4},{"damage":0,"enemies":"Spheric Guardian","floor":19,"turns":5},{"damage":7,"enemies":"Book of Stabbing","floor":23,"turns":7},{"damage":70,"enemies":"Gremlin Leader","floor":25,"turns":9}],"event_choices":[{"event_name":"Shining Light","player_choice":"Entered Light","floor":10,"damage_taken":0},{"event_name":"Wheel of Change","player_choice":"Damage","floor":14,"damage_taken":0},{"event_name":"Cursed Tome","player_choice":"Ignored","floor":21,"damage_taken":0},{"event_name":"The Mausoleum","player_choice":"Yes","floor":22,"damage_taken":0}],"boss_relics":[{"not_picked":["Ectoplasm","White Beast Statue"],"picked":"Sozu"}],"potions_floor_spawned":[1,7,16],"seed_played":"-490630579994478707","killed_by":"Gremlin Leader","ascension_level":0,"is_trial":false}