{"gold_per_floor":[114,130,130,142,142,142,162,162,237,251,271,144,158,158,158,277,277,266,290,309,15,35,35,35],"floor_reached":24,"playtime":1281,"items_purged":["Regret","Strike_B"],"score":288,"play_id":"63e10c35-a196-4b88-86a9-893726d1fc86","local_time":"20191017234938","is_ascension_mode":true,"campfire_choices":[{"data":"Zap","floor":6,"key":"SMITH"},{"data":"Auto Shields","floor":8,"key":"SMITH"},{"floor":15,"key":"REST"},{"floor":23,"key":"REST"}],"neow_cost":"NONE","seed_source_timestamp":272263940438600,"circlet_count":0,"master_deck":["AscendersBane","Strike_B","Strike_B","Defend_B","Defend_B","Defend_B","Zap+1","Dualcast","Thunder Strike","Streamline","Cold Snap","Leap","Auto Shields+1","White Noise","FTL","Rebound","Cold Snap","Machine Learning","Defragment+1","Chaos"],"relics":["Cracked Core","Juzu Bracelet","Golden Idol","Cables","Pear","Empty Cage","PrismaticShard"],"potions_floor_usage":[18,19,20,22,24],"damage_taken":[{"damage":10,"enemies":"Small Slimes","floor":1,"turns":3},{"damage":2,"enemies":"2 Louse","floor":2,"turns":2},{"damage":12,"enemies":"Jaw Worm","floor":4,"turns":3},{"damage":11,"enemies":"2 Fungi Beasts","floor":7,"turns":4},{"damage":4,"enemies":"Looter","floor":10,"turns":3},{"damage":3,"enemies":"3 Louse","floor":11,"turns":4},{"damage":0,"enemies":"2 Fungi Beasts","floor":13,"turns":2},{"damage":10,"enemies":"Slime Boss","floor":16,"turns":10},{"damage":16,"enemies":"2 Thieves","floor":18,"turns":4},{"damage":14,"enemies":"Spheric Guardian","floor":19,"turns":4},{"damage":20,"enemies":"Snecko","floor":20,"turns":6},{"damage":8,"enemies":"3 Cultists","floor":22,"turns":6},{"damage":40,"enemies":"Gremlin Leader","floor":24,"turns":2}],"seed_played":"7257781198913241343","potions_obtained":[{"floor":2,"key":"EssenceOfSteel"},{"floor":7,"key":"EssenceOfSteel"},{"floor":11,"key":"Poison Potion"},{"floor":18,"key":"LiquidBronze"},{"floor":20,"key":"AttackPotion"}],"is_trial":false,"path_per_floor":["M","M","?","M","?","R","M","R","T","M","M","$","M","?","R","B",null,"M","M","M","$","M","R","E"],"character_chosen":"DEFECT","items_purchased":["Rebound","PrismaticShard"],"campfire_rested":2,"item_purchase_floors":[12,21],"current_hp_per_floor":[58,56,56,44,44,44,33,33,33,29,26,26,26,29,52,42,70,54,40,20,20,12,35,0],"gold":35,"neow_bonus":"ONE_RANDOM_RARE_CARD","is_prod":false,"is_daily":false,"chose_seed":false,"campfire_upgraded":2,"win_rate":0,"timestamp":1571374178,"path_taken":["M","M","?","M","?","R","M","R","T","M","M","$","M","?","R","BOSS","M","M","M","$","M","R","E"],"build_version":"2019-07-17","purchased_purges":2,"victory":false,"max_hp_per_floor":[75,75,75,75,69,69,69,69,69,69,69,69,69,79,79,79,79,79,79,79,79,79,79,79],"card_choices":[{"not_picked":["Barrage","Steam"],"picked":"Streamline","floor":1},{"not_picked":["Ball Lightning","Gash"],"picked":"Cold Snap","floor":2},{"not_picked":["Coolheaded","Turbo"],"picked":"Leap","floor":4},{"not_picked":["Cold Snap","Darkness"],"picked":"Auto Shields","floor":7},{"not_picked":["Redo","Multi-Cast"],"picked":"White Noise","floor":10},{"not_picked":["Compile Driver","Go for the Eyes"],"picked":"FTL","floor":11},{"not_picked":["Steam","Chill"],"picked":"Cold Snap","floor":13},{"not_picked":["Electrodynamics","Creative AI"],"picked":"Machine Learning","floor":16},{"not_picked":["Go for the Eyes","Beam Cell","Streamline"],"picked":"SKIP","floor":18},{"not_picked":["Coolheaded","Stack"],"picked":"Defragment+1","floor":19},{"not_picked":["Gash","Self Repair"],"picked":"Chaos","floor":20},{"not_picked":["Compile Driver","Uppercut","Cold Snap"],"picked":"SKIP","floor":22}],"player_experience":872581,"relics_obtained":[{"floor":9,"key":"Cables"}],"event_choices":[{"damage_healed":0,"gold_gain":0,"player_choice":"Box","damage_taken":0,"relics_obtained":["Juzu Bracelet"],"max_hp_gain":0,"max_hp_loss":0,"event_name":"Big Fish","floor":3,"gold_loss":0,"cards_obtained":["Regret"]},{"damage_healed":0,"gold_gain":0,"player_choice":"Lose Max HP","damage_taken":0,"relics_obtained":["Golden Idol"],"max_hp_gain":0,"max_hp_loss":6,"event_name":"Golden Idol","floor":5,"gold_loss":0},{"damage_healed":0,"gold_gain":0,"player_choice":"Success","damage_taken":7,"relics_obtained":["Pear"],"max_hp_gain":0,"max_hp_loss":0,"event_name":"Scrap Ooze","floor":14,"gold_loss":0}],"is_beta":false,"boss_relics":[{"not_picked":["Pandora\u0027s Box","Snecko Eye"],"picked":"Empty Cage"}],"items_purged_floors":[12,21],"is_endless":false,"potions_floor_spawned":[2,7,11,18,20],"killed_by":"Gremlin Leader","ascension_level":10}