{"gold_per_floor":[109,58,58,58,58,84,84,102,102,102,27,27,45,55,55,55],"floor_reached":16,"playtime":743,"items_purged":["Strike_R"],"score":108,"play_id":"d3a5db60-7b85-4bf4-9dd1-47fe4c5e7ee5","local_time":"20181016215955","is_ascension_mode":true,"campfire_choices":[{"data":"Bash","floor":7,"key":"SMITH"},{"data":"Headbutt","floor":10,"key":"SMITH"},{"data":"Defend_R","floor":12,"key":"SMITH"},{"data":"Defend_R","floor":15,"key":"SMITH"}],"neow_cost":"NONE","seed_source_timestamp":2347919519729588,"circlet_count":0,"master_deck":["Strike_R","Strike_R+1","Strike_R","Defend_R+1","Defend_R+1","Defend_R","Defend_R","Bash+1","Twin Strike+1","Headbutt+1","Dual Wield","Disarm"],"relics":["Burning Blood","Du-Vu Doll","Gremlin Horn"],"potions_floor_usage":[6,16,16],"damage_taken":[{"damage":4,"enemies":"Jaw Worm","floor":1,"turns":4},{"damage":31,"enemies":"Lagavulin","floor":6,"turns":4},{"damage":6,"enemies":"2 Louse","floor":8,"turns":2},{"damage":1,"enemies":"Small Slimes","floor":13,"turns":2},{"damage":5,"enemies":"Looter","floor":14,"turns":3},{"damage":62,"enemies":"Slime Boss","floor":16,"turns":10}],"seed_played":"-6449976210527554932","potions_obtained":[{"floor":1,"key":"BloodPotion"},{"floor":4,"key":"Ancient Potion"},{"floor":4,"key":"Fire Potion"},{"floor":6,"key":"GamblersBrew"}],"is_trial":false,"path_per_floor":["M","$","?","?","?","E","R","M","T","R","$","R","M","M","R"],"character_chosen":"IRONCLAD","items_purchased":["Headbutt"],"campfire_rested":0,"item_purchase_floors":[2],"current_hp_per_floor":[80,80,85,85,68,43,43,43,43,43,43,43,48,49,49,0],"gold":55,"neow_bonus":"REMOVE_CARD","is_prod":false,"is_daily":false,"chose_seed":false,"campfire_upgraded":4,"win_rate":0,"timestamp":1539745195,"path_taken":["M","$","?","?","?","E","R","M","T","R","$","R","M","M","R","BOSS"],"build_version":"2018-10-11","purchased_purges":1,"victory":false,"max_hp_per_floor":[80,80,85,85,85,85,85,85,85,85,85,85,85,85,85,85],"card_choices":[{"not_picked":["Sentinel","Thunderclap"],"picked":"Twin Strike","floor":1},{"not_picked":["Bloodletting","Thunderclap","Corruption"],"picked":"SKIP","floor":6},{"not_picked":["Second Wind","Anger"],"picked":"Dual Wield","floor":8},{"not_picked":["Thunderclap","Fire Breathing"],"picked":"Disarm","floor":13},{"not_picked":["Heavy Blade","True Grit","Headbutt"],"picked":"SKIP","floor":14}],"player_experience":442184,"relics_obtained":[{"floor":6,"key":"Du-Vu Doll"},{"floor":9,"key":"Gremlin Horn"}],"event_choices":[{"event_name":"Big Fish","player_choice":"Donut","floor":3,"damage_taken":0},{"event_name":"The Lab","player_choice":"Got Potions","floor":4,"damage_taken":0},{"event_name":"Shining Light","player_choice":"Entered Light","floor":5,"damage_taken":0}],"is_beta":false,"boss_relics":[],"items_purged_floors":[11],"is_endless":false,"potions_floor_spawned":[1,6,13,14],"killed_by":"Slime Boss","ascension_level":2}