{"path_per_floor":["M","?","M","$","?","R","$","E","T","M","R","M","E","?","R","B",null,"M","M","$","?","?","R","M","R","T","M","R","?","M","?","R","B",null,"M","$","M","?","$","R","M","?","T","M","R","T","R","M","R","B"],"character_chosen":"THE_SILENT","items_purchased":["Noxious Fumes","Bag of Preparation","Apotheosis","Catalyst"],"gold_per_floor":[110,210,222,40,40,40,40,66,93,110,110,127,152,152,152,248,248,268,288,24,24,24,24,39,39,92,104,104,104,121,121,121,220,220,237,162,177,0,0,0,10,10,10,29,29,29,29,39,39,39],"floor_reached":51,"campfire_rested":6,"playtime":4654,"current_hp_per_floor":[70,70,70,70,70,70,70,72,72,72,72,72,64,48,72,68,80,76,68,68,68,68,68,36,60,60,60,60,45,45,45,70,50,85,78,78,77,77,77,77,77,66,66,39,64,64,85,68,85,42],"items_purged":["Writhe"],"gold":39,"score":653,"play_id":"dd9d44ce-d38f-4208-8473-837278dcac0e","local_time":"20180310212611","is_prod":false,"is_daily":false,"is_ascension_mode":false,"campfire_upgraded":4,"timestamp":1520738771,"path_taken":["M","?","M","$","?","R","?","E","T","M","R","M","E","?","R","BOSS","M","M","$","?","?","R","M","R","T","M","R","?","?","?","R","BOSS","M","$","M","?","$","R","M","?","T","M","R","?","R","M","R","BOSS"],"build_version":"2018-03-09","purchased_purges":1,"victory":true,"master_deck":["Defend_G+1","Defend_G","Defend_G","Defend_G","Defend_G","Strike_G","Strike_G+1","Strike_G","Strike_G","Survivor+1","Neutralize","Clumsy","Well Laid Plans","Leg Sweep+1","Noxious Fumes+1","PiercingWail+1","Dagger Throw","Dagger Throw","Bouncing Flask","Bullet Time+1","Phantasmal Killer","Heel Hook","Apotheosis+1","Catalyst","Cloak And Dagger","Infinite Blades","Catalyst","Adrenaline","Catalyst+1","Madness","Madness","Deadly Poison+1"],"max_hp_per_floor":[70,70,70,70,70,70,70,80,80,80,80,80,80,80,80,80,80,80,80,80,80,80,80,80,80,80,80,80,85,85,85,85,85,85,85,85,85,85,85,85,85,85,85,85,85,85,85,85,85,85],"relics":["Ring of the Snake","Unceasing Top","Bag of Preparation","Pear","Snake Skull","Ice Cream","White Beast Statue","Bag of Marbles","Girya","Lizard Tail","Red Mask","War Paint","Calipers"],"card_choices":[{"not_picked":["Bane","Riddle With Holes"],"picked":"Well Laid Plans"},{"not_picked":["Prepared","Quick Slash"],"picked":"Leg Sweep"},{"not_picked":["Blade Dance","Well Laid Plans"],"picked":"Dagger Throw"},{"not_picked":["Slice","Predator"],"picked":"Dagger Throw"},{"not_picked":["Flechettes","Bane"],"picked":"Bouncing Flask"},{"not_picked":["Underhanded Strike","Flying Knee"],"picked":"Bullet Time"},{"not_picked":["Unload","Night Terror"],"picked":"Phantasmal Killer"},{"not_picked":["PiercingWail","Outmaneuver"],"picked":"Heel Hook"},{"not_picked":["Quick Slash","Predator"],"picked":"Infinite Blades"},{"not_picked":["PiercingWail","Backstab"],"picked":"Catalyst"},{"not_picked":["Venomology","Storm of Steel"],"picked":"Adrenaline"},{"not_picked":["Choke","Prepared"],"picked":"Catalyst"},{"not_picked":["Expertise","Dagger Spray"],"picked":"Deadly Poison"}],"player_experience":122005,"potions_floor_usage":[24,35,37,50,50,50],"damage_taken":[{"damage":0,"enemies":"Cultist","floor":1,"turns":5},{"damage":0,"enemies":"2 Louse","floor":3,"turns":4},{"damage":8,"enemies":"Lagavulin","floor":8,"turns":8},{"damage":0,"enemies":"Jaw Worm","floor":10,"turns":4},{"damage":0,"enemies":"Exordium Wildlife","floor":12,"turns":4},{"damage":8,"enemies":"3 Sentries","floor":13,"turns":6},{"damage":4,"enemies":"Hexaghost","floor":16,"turns":7},{"damage":4,"enemies":"Chosen","floor":18,"turns":7},{"damage":8,"enemies":"Spheric Guardian","floor":19,"turns":4},{"damage":32,"enemies":"Slaver and Parasite","floor":24,"turns":5},{"damage":0,"enemies":"Centurion and Healer","floor":27,"turns":6},{"damage":0,"enemies":"Snecko","floor":30,"turns":4},{"damage":20,"enemies":"Champ","floor":33,"turns":10},{"damage":7,"enemies":"3 Shapes","floor":35,"turns":4},{"damage":1,"enemies":"3 Darklings","floor":37,"turns":6},{"damage":0,"enemies":"4 Shapes","floor":41,"turns":6},{"damage":27,"enemies":"Maw","floor":44,"turns":6},{"damage":17,"enemies":"3 Darklings","floor":48,"turns":4},{"damage":105,"enemies":"Awakened One","floor":50,"turns":14}],"event_choices":[{"event_name":"Golden Shrine","player_choice":"Pray","floor":2,"damage_taken":0},{"event_name":"Transmorgrifier","player_choice":"Transform","floor":5,"damage_taken":0},{"event_name":"Shining Light","player_choice":"Entered Light","floor":14,"damage_taken":0},{"event_name":"The Library","player_choice":"Read","floor":21,"damage_taken":0},{"event_name":"Vampires","player_choice":"Ignored","floor":22,"damage_taken":0},{"event_name":"Forgotten Altar","player_choice":"Shed Blood","floor":29,"damage_taken":0},{"event_name":"The Mausoleum","player_choice":"Yes","floor":31,"damage_taken":0},{"event_name":"Tomb of Lord Red Mask","player_choice":"Paid","floor":38,"damage_taken":0},{"event_name":"Winding Halls","player_choice":"Embrace Madness","floor":42,"damage_taken":0}],"boss_relics":[{"not_picked":["Calling Bell","Philosopher\u0027s Stone"],"picked":"White Beast Statue"},{"not_picked":["Orrery","Pandora\u0027s Box"],"picked":"Lizard Tail"}],"potions_floor_spawned":[1,10,12,16,18,19,24,27,30,33,35,37,41,44,48],"seed_played":"1659498926506219293","ascension_level":0,"is_trial":false}