{"gold_per_floor":[12,12,12,32,32,73,73,93,117,161,185,185,208,232,232,232],"floor_reached":16,"playtime":775,"items_purged":[],"score":193,"play_id":"8e36c489-aed3-4163-9b8b-4d221957e8e2","local_time":"20191006003438","is_ascension_mode":true,"campfire_choices":[{"data":"Infernal Blade","floor":7,"key":"SMITH"},{"data":"Body Slam","floor":12,"key":"SMITH"},{"data":"Defend_R","floor":15,"key":"SMITH"}],"neow_cost":"NO_GOLD","seed_source_timestamp":168157618448300,"circlet_count":0,"master_deck":["AscendersBane","Strike_R","Strike_R","Strike_R","Strike_R","Defend_R+1","Defend_R+1","Defend_R+1","Defend_R","Bash","Clash","Infernal Blade+1","Cleave","Clash","Body Slam+1"],"relics":["Burning Blood","Golden Idol","Happy Flower","Potion Belt","War Paint","Lantern"],"potions_floor_usage":[6,10,16],"damage_taken":[{"damage":2,"enemies":"Jaw Worm","floor":1,"turns":3},{"damage":5,"enemies":"2 Louse","floor":4,"turns":4},{"damage":35,"enemies":"3 Sentries","floor":6,"turns":13},{"damage":0,"enemies":"Cultist","floor":8,"turns":3},{"damage":2,"enemies":"Gremlin Nob","floor":10,"turns":3},{"damage":1,"enemies":"Exordium Thugs","floor":11,"turns":3},{"damage":5,"enemies":"Blue Slaver","floor":13,"turns":2},{"damage":0,"enemies":"2 Fungi Beasts","floor":14,"turns":2},{"damage":43,"enemies":"The Guardian","floor":16,"turns":8}],"seed_played":"-6284518030066395025","potions_obtained":[{"floor":4,"key":"Block Potion"},{"floor":6,"key":"SteroidPotion"},{"floor":8,"key":"Explosive Potion"}],"is_trial":false,"path_per_floor":["M","?","?","M","?","E","R","M","T","E","M","R","M","M","R","B"],"character_chosen":"IRONCLAD","items_purchased":[],"campfire_rested":0,"item_purchase_floors":[],"current_hp_per_floor":[92,68,61,62,50,21,21,27,27,31,36,36,37,43,43,0],"gold":232,"neow_bonus":"TWENTY_PERCENT_HP_BONUS","is_prod":false,"is_daily":false,"chose_seed":false,"campfire_upgraded":3,"win_rate":0,"timestamp":1570340078,"path_taken":["M","?","?","M","?","E","R","M","T","E","M","R","?","M","R","BOSS"],"build_version":"2019-07-17","purchased_purges":0,"victory":false,"max_hp_per_floor":[96,96,96,96,96,96,96,96,96,96,96,96,96,96,96,96],"card_choices":[{"not_picked":["Warcry","Combust","Reckless Charge"],"picked":"SKIP","floor":1},{"not_picked":["Thunderclap","Perfected Strike"],"picked":"Clash","floor":4},{"not_picked":["Searing Blow","Combust"],"picked":"Infernal Blade","floor":6},{"not_picked":["Wild Strike","Dark Embrace"],"picked":"Cleave","floor":8},{"not_picked":["Flex","Clothesline"],"picked":"Clash","floor":10},{"not_picked":["Twin Strike","Cleave"],"picked":"Body Slam","floor":11},{"not_picked":["Wild Strike","Reckless Charge","Cleave"],"picked":"SKIP","floor":13},{"not_picked":["Twin Strike","Hemokinesis","Armaments"],"picked":"SKIP","floor":14}],"player_experience":792521,"relics_obtained":[{"floor":6,"key":"Potion Belt"},{"floor":9,"key":"War Paint"},{"floor":10,"key":"Lantern"}],"event_choices":[{"damage_healed":0,"gold_gain":0,"player_choice":"Take Damage","damage_taken":24,"relics_obtained":["Golden Idol"],"max_hp_gain":0,"max_hp_loss":0,"event_name":"Golden Idol","floor":2,"gold_loss":0},{"cards_removed":["Strike_R"],"damage_healed":0,"gold_gain":0,"player_choice":"Card Removal","damage_taken":7,"max_hp_gain":0,"max_hp_loss":0,"event_name":"Golden Wing","floor":3,"gold_loss":0},{"damage_healed":0,"gold_gain":0,"player_choice":"Success","damage_taken":12,"relics_obtained":["Happy Flower"],"max_hp_gain":0,"max_hp_loss":0,"event_name":"Scrap Ooze","floor":5,"gold_loss":0}],"is_beta":false,"boss_relics":[],"items_purged_floors":[],"is_endless":false,"potions_floor_spawned":[4,6,8],"killed_by":"The Guardian","ascension_level":10}