{"path_per_floor":["M","?","M","M","M","E","R","M","T","?","M","M","M","?","R"],"character_chosen":"THE_SILENT","items_purchased":[],"gold_per_floor":[117,117,136,153,164,189,189,204,229,229,247,267,287,287,287],"floor_reached":16,"campfire_rested":2,"playtime":1826,"current_hp_per_floor":[70,70,67,67,40,19,40,40,40,40,37,37,40,40,70],"items_purged":[],"gold":287,"score":106,"play_id":"f58d04e2-bca9-478d-a686-40c84938a23f","local_time":"20180302225540","is_prod":false,"is_daily":false,"is_ascension_mode":false,"campfire_upgraded":0,"timestamp":1520052940,"path_taken":["M","?","M","M","M","E","R","M","T","?","M","M","M","?","R","BOSS"],"build_version":"2018-03-01-PROD1","purchased_purges":0,"victory":false,"master_deck":["Defend_G","Defend_G","Defend_G","Defend_G","Defend_G","Strike_G","Strike_G","Strike_G","Strike_G","Strike_G","Neutralize","Slice","Terror","Dagger Spray","Finisher","Backstab","Endless Agony","Backflip","Calculated Gamble"],"max_hp_per_floor":[70,70,70,70,70,70,70,70,70,70,70,70,70,70,70],"relics":["Ring of the Snake","Gremlin Horn","Regal Pillow"],"card_choices":[{"not_picked":["Heel Hook","Acrobatics"],"picked":"Slice"},{"not_picked":["Malaise","Glass Knife"],"picked":"Dagger Spray"},{"not_picked":["Masterful Stab","All Out Attack"],"picked":"Finisher"},{"not_picked":["Flechettes","Dagger Throw"],"picked":"Well Laid Plans"},{"not_picked":["Crippling Poison","Slice"],"picked":"Backstab"},{"not_picked":["Finisher","Terror"],"picked":"Endless Agony"},{"not_picked":["Acrobatics","Underhanded Strike"],"picked":"Backflip"},{"not_picked":["Choke","Reflex"],"picked":"Calculated Gamble"}],"player_experience":2029,"potions_floor_usage":[13,16,16],"damage_taken":[{"damage":0,"enemies":"Cultist","floor":1,"turns":4},{"damage":3,"enemies":"2 Louse","floor":3,"turns":3},{"damage":0,"enemies":"Jaw Worm","floor":4,"turns":5},{"damage":27,"enemies":"Gremlin Gang","floor":5,"turns":6},{"damage":21,"enemies":"Lagavulin","floor":6,"turns":5},{"damage":0,"enemies":"3 Louse","floor":8,"turns":4},{"damage":3,"enemies":"Lots of Slimes","floor":11,"turns":2},{"damage":0,"enemies":"Exordium Wildlife","floor":12,"turns":2},{"damage":0,"enemies":"3 Louse","floor":13,"turns":2},{"damage":71,"enemies":"Hexaghost","floor":16,"turns":13}],"event_choices":[{"event_name":"Transmorgrifier","player_choice":"Transform","floor":2,"damage_taken":0},{"event_name":"Golden Idol","player_choice":"Ignored","floor":10,"damage_taken":0},{"event_name":"Purifier","player_choice":"One Purge","floor":14,"damage_taken":0}],"boss_relics":[],"potions_floor_spawned":[1,6,8,11],"seed_played":"3231655559438258738","killed_by":"Hexaghost","ascension_level":0,"is_trial":false}