{"gold_per_floor":[111,129,144,156,81,81,108,127,127,127,127,160,160,224,224,322,372,387,387,399,418,418,418,318,335,335,335,351,109,122,136,136,136],"floor_reached":33,"playtime":1840,"items_purged":["Strike_B","Blizzard"],"score":297,"play_id":"e43b6cd0-0bea-4420-a07b-6fa510d006f4","local_time":"20181006000749","is_ascension_mode":true,"campfire_choices":[{"data":"Dualcast","floor":6,"key":"SMITH"},{"data":"Defend_B","floor":10,"key":"SMITH"},{"floor":15,"key":"REST"},{"data":"Zap","floor":23,"key":"SMITH"},{"floor":27,"key":"REST"},{"data":"Force Field","floor":32,"key":"SMITH"}],"neow_cost":"NONE","seed_source_timestamp":1404095747516344,"circlet_count":0,"master_deck":["Strike_B","Strike_B","Defend_B+1","Defend_B","Defend_B","Defend_B","Zap+1","Dualcast+1","Conserve Battery","Leap+1","Consume","Streamline","Self Repair","Loop","Ball Lightning","Electrodynamics","Sweeping Beam","Defragment","Multi-Cast","Force Field+1","Zap+1","Leap+1","Sunder","Stack"],"relics":["Cracked Core","Potion Belt","Pear","Cables","Dodecahedron","Vajra","Tiny House","Mercury Hourglass","Lee\u0027s Waffle"],"potions_floor_usage":[7,8,14,14,28,33],"damage_taken":[{"damage":2,"enemies":"Jaw Worm","floor":1,"turns":3},{"damage":0,"enemies":"Cultist","floor":2,"turns":3},{"damage":0,"enemies":"2 Louse","floor":3,"turns":2},{"damage":2,"enemies":"Large Slime","floor":4,"turns":6},{"damage":18,"enemies":"3 Sentries","floor":7,"turns":9},{"damage":0,"enemies":"2 Fungi Beasts","floor":8,"turns":4},{"damage":40,"enemies":"Gremlin Nob","floor":12,"turns":5},{"damage":18,"enemies":"Gremlin Nob","floor":14,"turns":5},{"damage":30,"enemies":"Hexaghost","floor":16,"turns":8},{"damage":0,"enemies":"3 Byrds","floor":18,"turns":3},{"damage":24,"enemies":"Shell Parasite","floor":20,"turns":5},{"damage":26,"enemies":"Centurion and Healer","floor":21,"turns":4},{"damage":15,"enemies":"Snake Plant","floor":25,"turns":3},{"damage":18,"enemies":"Snecko","floor":28,"turns":5},{"damage":24,"enemies":"Centurion and Healer","floor":30,"turns":4},{"damage":16,"enemies":"Snake Plant","floor":31,"turns":3},{"damage":66,"enemies":"Champ","floor":33,"turns":7}],"seed_played":"7424423957212748528","potions_obtained":[{"floor":1,"key":"Block Potion"},{"floor":3,"key":"EssenceOfSteel"},{"floor":7,"key":"Explosive Potion"},{"floor":12,"key":"Swift Potion"},{"floor":16,"key":"Poison Potion"},{"floor":17,"key":"Regen Potion"},{"floor":18,"key":"Ancient Potion"},{"floor":21,"key":"Strength Potion"},{"floor":25,"key":"Poison Potion"},{"floor":30,"key":"Poison Potion"}],"is_trial":false,"path_per_floor":["M","M","M","M","$","R","E","M","T","R","?","E","?","?","R","B",null,"M","?","M","M","?","R","$","M","T","R","M","$","M","M","R"],"character_chosen":"DEFECT","items_purchased":["Lee\u0027s Waffle","Sunder"],"campfire_rested":2,"item_purchase_floors":[29,29],"current_hp_per_floor":[73,73,73,71,71,71,53,60,70,70,70,37,34,23,48,25,90,90,90,73,47,47,47,47,32,32,59,48,97,80,64,64,0],"gold":136,"neow_bonus":"UPGRADE_CARD","is_prod":false,"is_daily":false,"chose_seed":false,"campfire_upgraded":4,"win_rate":0,"timestamp":1538802469,"path_taken":["M","M","M","M","$","R","E","M","T","R","?","E","?","?","R","BOSS","M","?","?","M","?","R","?","?","T","R","?","$","M","?","R","BOSS"],"build_version":"2018-10-04v2","purchased_purges":2,"victory":false,"max_hp_per_floor":[75,75,75,75,75,75,75,75,85,85,85,85,85,85,85,85,90,90,90,90,90,90,90,90,90,90,90,90,97,97,97,97,97],"card_choices":[{"not_picked":["Beam Cell","Steam"],"picked":"Conserve Battery","floor":1},{"not_picked":["Chill","Streamline"],"picked":"Leap","floor":2},{"not_picked":["Hologram","Hello World"],"picked":"Consume","floor":3},{"not_picked":["Beam Cell","Steam"],"picked":"Streamline","floor":4},{"not_picked":["Beam Cell","Steam"],"picked":"Self Repair","floor":7},{"not_picked":["Chill","Cold Snap","Hologram"],"picked":"SKIP","floor":8},{"not_picked":["Streamline","Aggregate"],"picked":"Loop","floor":12},{"not_picked":["Compile Driver","Go for the Eyes"],"picked":"Ball Lightning","floor":14},{"not_picked":["Fission","Machine Learning"],"picked":"Electrodynamics","floor":16},{"not_picked":["Stack","Barrage"],"picked":"Sweeping Beam","floor":17},{"not_picked":["Static Discharge","Turbo+1"],"picked":"Defragment","floor":18},{"not_picked":["Tempest+1","Genetic Algorithm"],"picked":"Force Field","floor":20},{"not_picked":["Skim","Compile Driver","Streamline"],"picked":"SKIP","floor":21},{"not_picked":["Sweeping Beam","Gash","Genetic Algorithm+1"],"picked":"SKIP","floor":25},{"not_picked":["Redo","Loop+1"],"picked":"Leap+1","floor":28},{"not_picked":["Leap","Rebound+1"],"picked":"Stack","floor":30},{"not_picked":["Amplify","Skim","Darkness+1"],"picked":"SKIP","floor":31}],"player_experience":392219,"relics_obtained":[{"floor":7,"key":"Potion Belt"},{"floor":9,"key":"Pear"},{"floor":12,"key":"Cables"},{"floor":14,"key":"Vajra"},{"floor":26,"key":"Mercury Hourglass"}],"event_choices":[{"event_name":"Transmorgrifier","player_choice":"Transform","floor":11,"damage_taken":0},{"event_name":"Scrap Ooze","player_choice":"success","floor":13,"damage_taken":3},{"event_name":"Dead Adventurer","player_choice":"Searched \u00271\u0027 times","floor":14,"damage_taken":0},{"event_name":"The Library","player_choice":"Read","floor":19,"damage_taken":0},{"event_name":"Match and Keep!","player_choice":"1 cards matched","floor":22,"damage_taken":0}],"is_beta":false,"boss_relics":[{"not_picked":["Astrolabe","Philosopher\u0027s Stone"],"picked":"Tiny House"}],"items_purged_floors":[5,24],"is_endless":false,"potions_floor_spawned":[1,3,7,12,16,18,21,25,30],"killed_by":"Champ","ascension_level":1}