{"gold_per_floor":[114,128,144,219,239,239,239,239,239,254,270,270,270,291,291,419,419,419,359,359,284,284,284,284,284,284,284,284,284,284,284,284,284,284,284,184,184,59,59,59,59,59,59,59,59,59,59,59,59,59],"floor_reached":50,"playtime":2778,"items_purged":["Strike_R","Strike_R","Armaments+1"],"score":456,"play_id":"2680d8a1-ae7d-49d0-af84-9f354c84df83","local_time":"20180922165711","is_ascension_mode":false,"campfire_choices":[{"data":"Rampage","floor":6,"key":"SMITH"},{"data":"Defend_R","floor":8,"key":"SMITH"},{"data":"Spot Weakness","floor":12,"key":"SMITH"},{"data":"Defend_R","floor":15,"key":"SMITH"},{"data":"Demon Form","floor":24,"key":"SMITH"},{"data":"Defend_R","floor":30,"key":"SMITH"},{"floor":32,"key":"REST"},{"floor":40,"key":"REST"},{"floor":41,"key":"REST"},{"floor":47,"key":"REST"},{"floor":49,"key":"REST"}],"neow_cost":"NONE","seed_source_timestamp":254074381693780,"circlet_count":0,"master_deck":["Strike_R","Strike_R","Defend_R+1","Defend_R+1","Defend_R+1","Bash","Rampage+1","Dual Wield","Twin Strike+1","Flex","Spot Weakness+1","Demon Form+1","Metallicize+1","Shrug It Off+1","Bludgeon+1","Clash+1"],"relics":["Burning Blood","Mercury Hourglass","Golden Idol","Ectoplasm","WingedGreaves","Shuriken","Molten Egg 2","Tiny House","Sundial","Singing Bowl"],"potions_floor_usage":[2,14,31,37,50,50,50],"damage_taken":[{"damage":3,"enemies":"Cultist","floor":1,"turns":5},{"damage":0,"enemies":"Small Slimes","floor":2,"turns":2},{"damage":2,"enemies":"2 Louse","floor":3,"turns":3},{"damage":12,"enemies":"Looter","floor":5,"turns":4},{"damage":0,"enemies":"2 Fungi Beasts","floor":10,"turns":3},{"damage":4,"enemies":"Gremlin Gang","floor":11,"turns":4},{"damage":1,"enemies":"Large Slime","floor":14,"turns":4},{"damage":53,"enemies":"Slime Boss","floor":16,"turns":11},{"damage":18,"enemies":"Spheric Guardian","floor":18,"turns":4},{"damage":20,"enemies":"2 Thieves","floor":19,"turns":4},{"damage":20,"enemies":"Cultist and Chosen","floor":22,"turns":7},{"damage":12,"enemies":"Shelled Parasite and Fungi","floor":23,"turns":5},{"damage":21,"enemies":"Chosen and Byrds","floor":28,"turns":5},{"damage":14,"enemies":"Gremlin Leader","floor":29,"turns":6},{"damage":0,"enemies":"Snake Plant","floor":31,"turns":1},{"damage":5,"enemies":"Champ","floor":33,"turns":8},{"damage":21,"enemies":"Orb Walker","floor":35,"turns":4},{"damage":27,"enemies":"3 Darklings","floor":37,"turns":7},{"damage":61,"enemies":"Reptomancer","floor":39,"turns":6},{"damage":15,"enemies":"Maw","floor":44,"turns":7},{"damage":25,"enemies":"Transient","floor":46,"turns":5},{"damage":95,"enemies":"Awakened One","floor":50,"turns":9}],"seed_played":"7882680017625508307","potions_obtained":[{"floor":1,"key":"Fire Potion"},{"floor":7,"key":"FairyPotion"},{"floor":7,"key":"Strength Potion"},{"floor":7,"key":"Block Potion"},{"floor":16,"key":"SmokeBomb"},{"floor":34,"key":"SkillPotion"},{"floor":37,"key":"GamblersBrew"},{"floor":46,"key":"Ancient Potion"}],"is_trial":false,"path_per_floor":["M","M","M","?","M","R","?","R","T","M","M","R","?","M","R","B",null,"M","M","?","$","M","M","R","T","T","?","M","E","R","M","R","B",null,"M","$","M","$","M","R","R","T","T","M","?","M","R","$","R"],"character_chosen":"IRONCLAD","items_purchased":[],"campfire_rested":5,"item_purchase_floors":[],"current_hp_per_floor":[80,80,80,69,63,63,63,63,63,69,71,71,51,56,56,9,80,68,54,54,54,40,34,34,34,34,60,45,37,37,43,67,68,85,70,70,49,49,12,37,62,62,62,55,55,38,64,64,89,0],"gold":59,"neow_bonus":"REMOVE_CARD","is_prod":false,"is_daily":false,"chose_seed":false,"campfire_upgraded":6,"win_rate":0,"timestamp":1537653431,"path_taken":["M","?","M","?","M","R","?","R","T","?","M","R","?","M","R","BOSS","M","?","?","$","M","M","R","?","T","?","M","E","R","M","R","BOSS","M","?","M","$","?","R","R","?","T","?","?","M","R","$","R","BOSS"],"build_version":"2018-09-20","purchased_purges":3,"victory":false,"max_hp_per_floor":[80,80,80,80,80,80,80,80,80,80,80,80,80,80,80,80,80,80,80,80,80,80,80,80,80,80,80,80,80,80,80,80,80,85,85,85,85,85,85,85,85,85,85,87,87,89,89,89,89,89],"card_choices":[{"not_picked":["Intimidate","Perfected Strike","Clothesline"],"picked":"SKIP","floor":1},{"not_picked":["Armaments","Pommel Strike"],"picked":"Rampage","floor":2},{"not_picked":["True Grit","Pommel Strike"],"picked":"Dual Wield","floor":3},{"not_picked":["Perfected Strike","Battle Trance"],"picked":"Twin Strike","floor":5},{"not_picked":["Whirlwind","Thunderclap"],"picked":"Flex","floor":10},{"not_picked":["Twin Strike","Battle Trance"],"picked":"Spot Weakness","floor":11},{"not_picked":["Anger","Sentinel","Headbutt"],"picked":"SKIP","floor":14},{"not_picked":["Barricade","Offering"],"picked":"Demon Form","floor":16},{"not_picked":["Power Through+1","Ghostly Armor+1"],"picked":"Metallicize+1","floor":18},{"not_picked":["Clothesline","Second Wind"],"picked":"Shrug It Off+1","floor":19},{"not_picked":["Perfected Strike","True Grit+1","Headbutt"],"picked":"SKIP","floor":22},{"not_picked":["Clothesline+1","Pommel Strike"],"picked":"Armaments+1","floor":23},{"not_picked":["Pommel Strike","Infernal Blade+1","Clothesline"],"picked":"SKIP","floor":28},{"not_picked":["Twin Strike","Hemokinesis+1","Dark Embrace"],"picked":"SKIP","floor":29},{"not_picked":["Brutality","Demon Form"],"picked":"Bludgeon+1","floor":33},{"not_picked":["Shrug It Off","Pummel+1","Sword Boomerang+1"],"picked":"SKIP","floor":35},{"not_picked":["Clothesline+1","Thunderclap+1","Spot Weakness"],"picked":"SKIP","floor":37},{"not_picked":["Heavy Blade+1","Sword Boomerang+1"],"picked":"Clash+1","floor":39},{"not_picked":["Shrug It Off+1","Clothesline+1","Flex+1"],"picked":"Singing Bowl","floor":44},{"not_picked":["Wild Strike+1","True Grit+1","Anger+1"],"picked":"Singing Bowl","floor":46}],"player_experience":326746,"relics_obtained":[{"floor":9,"key":"Mercury Hourglass"},{"floor":25,"key":"WingedGreaves"},{"floor":26,"key":"Shuriken"},{"floor":29,"key":"Molten Egg 2"},{"floor":42,"key":"Sundial"},{"floor":43,"key":"Singing Bowl"}],"event_choices":[{"event_name":"World of Goop","player_choice":"Gather Gold","floor":4,"damage_taken":0},{"event_name":"The Lab","player_choice":"Got Potions","floor":7,"damage_taken":0},{"event_name":"Golden Idol","player_choice":"Take Damage","floor":13,"damage_taken":0},{"event_name":"Accursed Blacksmith","player_choice":"Forge","floor":20,"damage_taken":0},{"event_name":"The Library","player_choice":"Heal","floor":27,"damage_taken":0},{"event_name":"Falling","player_choice":"Removed Skill","floor":45,"damage_taken":0}],"is_beta":false,"boss_relics":[{"not_picked":["Eternal Feather","Runic Dome"],"picked":"Ectoplasm"},{"not_picked":["White Beast Statue","Empty Cage"],"picked":"Tiny House"}],"items_purged_floors":[21,36,38],"is_endless":false,"potions_floor_spawned":[1,10,11,16,18,19,23,31,35,37,46],"killed_by":"Awakened One","ascension_level":0}