{"gold_per_floor":[115,115,128,142,158,221,240,205,287,287,318,318,336,362,362,460,460,426,441,441,451,295,295,330,330,330,348,348,194,194,204,204,308,308,323,336,336,336,346,374,374,129,181,181,200,213,213,8,8,8],"floor_reached":51,"playtime":3378,"items_purged":["Writhe"],"score":1009,"play_id":"2183c6d8-7b79-4b52-8a63-d2ca090957ac","local_time":"20181210005438","is_ascension_mode":true,"campfire_choices":[{"data":"Flame Barrier","floor":10.0,"key":"SMITH"},{"data":"Corruption","floor":15.0,"key":"SMITH"},{"data":"Limit Break","floor":23.0,"key":"SMITH"},{"data":"True Grit","floor":25.0,"key":"SMITH"},{"data":"Havoc","floor":30.0,"key":"SMITH"},{"floor":32.0,"key":"REST"},{"data":"Double Tap","floor":41,"key":"SMITH"},{"data":"Dark Embrace","floor":44,"key":"SMITH"},{"data":"Magnetism","floor":49,"key":"SMITH"}],"neow_cost":"NONE","seed_source_timestamp":0,"circlet_count":0,"master_deck":["Strike_R","Strike_R","Strike_R","Strike_R","Strike_R+1","Defend_R","Defend_R","Defend_R","Defend_R","Bash","Dark Embrace+1","Pommel Strike","Flame Barrier+1","Pommel Strike+1","Feel No Pain","Shrug It Off","Cleave","Shrug It Off","Corruption+1","Pummel","Demon Form","True Grit+1","Evolve+1","Heavy Blade","Limit Break+1","Havoc+1","Cleave","Clumsy","Pommel Strike","Double Tap+1","Sword Boomerang","Violence","Intimidate","Magnetism+1","Doubt","Parasite","True Grit+1","Heavy Blade","Juggernaut","Ghostly Armor"],"special_seed":0,"relics":["Burning Blood","Tiny Chest","Sundial","FossilizedHelix","Oddly Smooth Stone","Cursed Key","MutagenicStrength","Happy Flower","Strawberry","Ornamental Fan","Whetstone","Eternal Feather","Darkstone Periapt","Bronze Scales"],"potions_floor_usage":[47,50],"damage_taken":[{"damage":2.0,"enemies":"Small Slimes","floor":1.0,"turns":4.0},{"damage":6.0,"enemies":"2 Louse","floor":3.0,"turns":2.0},{"damage":0.0,"enemies":"Jaw Worm","floor":4.0,"turns":3.0},{"damage":7.0,"enemies":"Looter","floor":5.0,"turns":4.0},{"damage":32.0,"enemies":"Gremlin Nob","floor":6.0,"turns":5.0},{"damage":3.0,"enemies":"Blue Slaver","floor":7.0,"turns":5.0},{"damage":24.0,"enemies":"Lagavulin","floor":11.0,"turns":7.0},{"damage":0.0,"enemies":"Large Slime","floor":13.0,"turns":5.0},{"damage":19.0,"enemies":"Gremlin Nob","floor":14.0,"turns":5.0},{"damage":28.0,"enemies":"Hexaghost","floor":16.0,"turns":10.0},{"damage":14.0,"enemies":"2 Thieves","floor":18.0,"turns":5.0},{"damage":6.0,"enemies":"Chosen","floor":19.0,"turns":4.0},{"damage":0.0,"enemies":"Centurion and Healer","floor":21.0,"turns":5.0},{"damage":28.0,"enemies":"Slavers","floor":24.0,"turns":6.0},{"damage":0.0,"enemies":"Cultist and Chosen","floor":27.0,"turns":6.0},{"damage":25.0,"enemies":"Shelled Parasite and Fungi","floor":31.0,"turns":5.0},{"damage":23.0,"enemies":"Collector","floor":33.0,"turns":7.0},{"damage":9,"enemies":"3 Shapes","floor":35,"turns":5},{"damage":18,"enemies":"3 Darklings","floor":36,"turns":5},{"damage":26,"enemies":"4 Shapes","floor":39,"turns":9},{"damage":0,"enemies":"Giant Head","floor":40,"turns":6},{"damage":7,"enemies":"Writhing Mass","floor":45,"turns":5},{"damage":0,"enemies":"Maw","floor":46,"turns":7},{"damage":0,"enemies":"Reptomancer","floor":47,"turns":2},{"damage":67,"enemies":"Donu and Deca","floor":50,"turns":8}],"seed_played":"7033710097164741042","potions_obtained":[{"floor":1.0,"key":"Strength Potion"},{"floor":5.0,"key":"Ancient Potion"},{"floor":7.0,"key":"Energy Potion"},{"floor":11.0,"key":"EssenceOfSteel"},{"floor":14.0,"key":"EssenceOfSteel"},{"floor":16.0,"key":"SteroidPotion"},{"floor":19.0,"key":"Energy Potion"},{"floor":31.0,"key":"SmokeBomb"}],"is_trial":false,"path_per_floor":["M","?","M","M","M","E","M","?","T","R","E","?","M","E","R","B",null,"M","M","?","M","$","R","E","R","T","M","T","$","R","M","R","B",null,"M","M","?","?","M","E","R","$","T","R","M","M","E","$","R","B",null],"character_chosen":"IRONCLAD","items_purchased":["Limit Break","Whetstone","Magnetism","Juggernaut","Ghostly Armor"],"campfire_rested":1,"item_purchase_floors":[22,29,42,48,48],"current_hp_per_floor":[80,85,85,85,84,58,61,82,82,82,64,64,70,57,57,35,73,65,65,65,71,71,71,49,49,56,62,62,62,62,43,70,53,82,79,67,67,67,47,53,71,71,77,98,103,104,104,104,104,43],"gold":8,"neow_bonus":"ONE_RANDOM_RARE_CARD","is_prod":false,"is_daily":false,"chose_seed":false,"campfire_upgraded":8,"win_rate":0,"timestamp":1544424878,"path_taken":["M","?","M","M","M","E","M","?","T","R","E","?","M","E","R","BOSS","M","M","?","M","$","R","E","R","T","M","?","$","R","M","R","BOSS","M","M","?","?","M","E","R","$","T","R","M","M","E","$","R","BOSS"],"build_version":"2018-12-06","purchased_purges":1,"victory":true,"max_hp_per_floor":[80,85,85,85,85,85,85,85,85,85,85,85,85,85,85,85,85,85,85,85,85,85,85,85,85,92,92,92,92,92,92,92,92,92,92,92,92,92,92,92,92,92,98,98,104,104,104,104,104,104],"card_choices":[{"not_picked":["Metallicize","Clothesline"],"picked":"Pommel Strike","floor":1.0},{"not_picked":["Pommel Strike","Dual Wield"],"picked":"Flame Barrier","floor":3.0},{"not_picked":["Iron Wave","Uppercut"],"picked":"Pommel Strike","floor":4.0},{"not_picked":["Seeing Red","Flex"],"picked":"Feel No Pain","floor":5.0},{"not_picked":["Iron Wave","Sever Soul"],"picked":"Shrug It Off","floor":6.0},{"not_picked":["Armaments","Seeing Red"],"picked":"Cleave","floor":7.0},{"not_picked":["Second Wind","Wild Strike"],"picked":"Shrug It Off","floor":11.0},{"not_picked":["Spot Weakness","Feed"],"picked":"Corruption","floor":13.0},{"not_picked":["Clash","Thunderclap"],"picked":"Pummel","floor":14.0},{"not_picked":["Feed","Dark Embrace"],"picked":"Demon Form","floor":16.0},{"not_picked":["Thunderclap+1","Clothesline"],"picked":"True Grit","floor":18.0},{"not_picked":["Uppercut","True Grit"],"picked":"Evolve+1","floor":19.0},{"not_picked":["Fire Breathing+1","Rupture"],"picked":"Heavy Blade","floor":21.0},{"not_picked":["Immolate","Body Slam+1"],"picked":"Havoc","floor":24.0},{"not_picked":["Clash+1","Flex"],"picked":"Cleave","floor":27.0},{"not_picked":["Thunderclap","Armaments+1"],"picked":"Pommel Strike","floor":31.0},{"not_picked":["Bludgeon","Dark Embrace"],"picked":"Double Tap","floor":33.0},{"not_picked":["Iron Wave","Spot Weakness"],"picked":"Sword Boomerang","floor":35},{"not_picked":["Anger+1","Iron Wave+1","True Grit"],"picked":"SKIP","floor":36},{"not_picked":["Panache","PanicButton"],"picked":"Violence","floor":38},{"not_picked":["Bloodletting+1","Anger","Armaments+1"],"picked":"SKIP","floor":39},{"not_picked":["Inflame+1","Carnage+1"],"picked":"Intimidate","floor":40},{"not_picked":["Power Through","Body Slam+1"],"picked":"True Grit+1","floor":45},{"not_picked":["Anger","Twin Strike+1"],"picked":"Heavy Blade","floor":46}],"player_experience":640174,"relics_obtained":[{"floor":6.0,"key":"Tiny Chest"},{"floor":9.0,"key":"Sundial"},{"floor":11.0,"key":"FossilizedHelix"},{"floor":14.0,"key":"Oddly Smooth Stone"},{"floor":24.0,"key":"Happy Flower"},{"floor":26.0,"key":"Strawberry"},{"floor":28.0,"key":"Ornamental Fan"},{"floor":40,"key":"Darkstone Periapt"},{"floor":43,"key":"Bronze Scales"}],"event_choices":[{"damage_healed":0.0,"max_hp_gain":5.0,"max_hp_loss":0.0,"gold_gain":0.0,"event_name":"Big Fish","player_choice":"Donut","floor":2.0,"gold_loss":0.0,"damage_taken":0.0},{"damage_healed":21.0,"max_hp_gain":0.0,"max_hp_loss":0.0,"gold_gain":0.0,"event_name":"The Cleric","player_choice":"Healed","floor":8.0,"gold_loss":35.0,"damage_taken":0.0},{"damage_healed":0.0,"max_hp_gain":0.0,"max_hp_loss":0.0,"gold_gain":0.0,"event_name":"Liars Game","player_choice":"Ignored","floor":12.0,"gold_loss":0.0,"damage_taken":0.0},{"damage_healed":0.0,"max_hp_gain":0.0,"max_hp_loss":0.0,"gold_gain":0.0,"event_name":"Drug Dealer","player_choice":"Inject Mutagens","floor":20.0,"gold_loss":0.0,"damage_taken":0.0,"relics_obtained":["MutagenicStrength"]},{"damage_healed":0,"gold_gain":0,"player_choice":"Ignored","damage_taken":0,"max_hp_gain":0,"max_hp_loss":0,"event_name":"Tomb of Lord Red Mask","floor":37,"gold_loss":0},{"damage_healed":0,"gold_gain":0,"player_choice":"Memory 1","damage_taken":0,"max_hp_gain":0,"max_hp_loss":0,"event_name":"SensoryStone","floor":38,"gold_loss":0}],"is_beta":false,"boss_relics":[{"not_picked":["Runic Cube","Runic Dome"],"picked":"Cursed Key"},{"not_picked":["Philosopher\u0027s Stone","Lizard Tail"],"picked":"Eternal Feather"}],"items_purged_floors":[42],"is_endless":false,"potions_floor_spawned":[1,5,7,11,14,16,18,19,31,33,36,47],"ascension_level":5}