{"gold_per_floor":[118,138,213,228,239,239,259,259,259,259,275,289,289],"floor_reached":13,"playtime":635,"items_purged":[],"score":79,"play_id":"d8e4fbaa-efa2-4951-a5df-f53955ebc4e2","local_time":"20180920153101","is_ascension_mode":false,"campfire_choices":[{"data":"Zap","floor":6,"key":"SMITH"},{"data":"Steam","floor":8,"key":"SMITH"},{"data":"Dualcast","floor":10,"key":"SMITH"}],"neow_cost":"NONE","seed_source_timestamp":78221058277158,"circlet_count":0,"master_deck":["Strike_B","Strike_B","Strike_B","Strike_B","Defend_B","Defend_B","Defend_B","Defend_B","Zap+1","Dualcast+1","Amplify","Gash","Steam+1","Static Discharge","Conserve Battery+1"],"relics":["Cracked Core","Toxic Egg 2"],"potions_floor_usage":[],"damage_taken":[{"damage":0,"enemies":"Cultist","floor":1,"turns":4},{"damage":1,"enemies":"Jaw Worm","floor":2,"turns":3},{"damage":5,"enemies":"2 Louse","floor":4,"turns":3},{"damage":19,"enemies":"Gremlin Gang","floor":5,"turns":5},{"damage":5,"enemies":"Looter","floor":7,"turns":4},{"damage":3,"enemies":"Exordium Wildlife","floor":11,"turns":4},{"damage":13,"enemies":"2 Fungi Beasts","floor":12,"turns":3},{"damage":21,"enemies":"The Mushroom Lair","floor":13,"turns":3}],"seed_played":"9060620385505467525","potions_obtained":[{"floor":1,"key":"GamblersBrew"},{"floor":7,"key":"Regen Potion"},{"floor":12,"key":"AttackPotion"}],"is_trial":false,"path_per_floor":["M","M","?","M","M","R","M","R","T","R","M","M"],"character_chosen":"DEFECT","items_purchased":[],"campfire_rested":0,"item_purchase_floors":[],"current_hp_per_floor":[75,74,63,58,39,39,34,34,34,34,31,18,0],"gold":289,"neow_bonus":"ONE_RANDOM_RARE_CARD","is_prod":false,"is_daily":false,"chose_seed":false,"campfire_upgraded":3,"win_rate":0.0,"timestamp":1537475461,"path_taken":["M","?","?","M","M","R","M","R","T","R","?","M","?"],"build_version":"2018-09-06","purchased_purges":0,"victory":false,"max_hp_per_floor":[75,75,75,75,75,75,75,75,75,75,75,75,75],"card_choices":[{"not_picked":["Capacitor","Hologram"],"picked":"Gash","floor":1},{"not_picked":["Reprogram","Skim","Coolheaded"],"picked":"SKIP","floor":2},{"not_picked":["Consume","Rip and Tear","Compile Driver"],"picked":"SKIP","floor":4},{"not_picked":["Melter","Turbo"],"picked":"Steam","floor":5},{"not_picked":["Amplify","Redo","Cold Snap"],"picked":"SKIP","floor":7},{"not_picked":["Compile Driver","Streamline"],"picked":"Static Discharge","floor":11},{"not_picked":["Rebound","Darkness+1"],"picked":"Conserve Battery+1","floor":12}],"player_experience":319947,"relics_obtained":[{"floor":9,"key":"Toxic Egg 2"}],"event_choices":[{"event_name":"World of Goop","player_choice":"Gather Gold","floor":3,"damage_taken":0},{"event_name":"Mushrooms","player_choice":"Fought Mushrooms","floor":13,"damage_taken":0}],"is_beta":false,"boss_relics":[],"items_purged_floors":[],"is_endless":false,"potions_floor_spawned":[1,7,12],"killed_by":"The Mushroom Lair","ascension_level":0}