{"gold_per_floor":[115,48,68,87,11,11,25,43,43,43,76,76,76,95,95,197,197,209,308,325,343,50,50,85,100,100,100,116,129,129,140,140,235,235,248,262,308,308,308],"floor_reached":39,"playtime":2555,"items_purged":[],"score":676,"play_id":"2912491c-dad3-4b51-9cf4-a30ec0c3a543","local_time":"20191028234008","is_ascension_mode":true,"campfire_choices":[{"data":"Zap","floor":6,"key":"SMITH"},{"data":"Doom and Gloom","floor":10,"key":"SMITH"},{"data":"Coolheaded","floor":12,"key":"SMITH"},{"data":"Dualcast","floor":15,"key":"SMITH"},{"floor":23,"key":"REST"},{"floor":27,"key":"REST"},{"data":"Steam","floor":30,"key":"SMITH"},{"floor":32,"key":"REST"}],"neow_cost":"NONE","seed_source_timestamp":27577388483800,"circlet_count":0,"master_deck":["AscendersBane","Strike_B","Strike_B","Strike_B","Strike_B","Defend_B","Defend_B","Defend_B","Defend_B","Zap+1","Dualcast+1","Steam+1","Rebound","Cold Snap","Sweeping Beam","Doom and Gloom+1","Coolheaded+1","Stack+1","Leap","Electrodynamics","Ball Lightning","Leap+1","Seek+1","Steam+1","Conserve Battery+1","Stack+1","Redo+1","Steam Power+1","White Noise+1","Glacier+1","White Noise+1","Rainbow+1","Coolheaded+1","Redo+1","Force Field+1"],"relics":["Cracked Core","NeowsBlessing","Mango","Toxic Egg 2","Inserter","Gremlin Horn","Du-Vu Doll","Mummified Hand","Sozu","Pocketwatch"],"potions_floor_usage":[8,13,25,29,33,35],"damage_taken":[{"damage":0,"enemies":"Cultist","floor":1,"turns":1},{"damage":0,"enemies":"Small Slimes","floor":3,"turns":1},{"damage":0,"enemies":"2 Louse","floor":4,"turns":1},{"damage":4,"enemies":"Blue Slaver","floor":7,"turns":3},{"damage":1,"enemies":"Gremlin Gang","floor":8,"turns":3},{"damage":19,"enemies":"Gremlin Nob","floor":11,"turns":4},{"damage":0,"enemies":"Exordium Thugs","floor":13,"turns":1},{"damage":0,"enemies":"Lots of Slimes","floor":14,"turns":1},{"damage":9,"enemies":"Slime Boss","floor":16,"turns":8},{"damage":15,"enemies":"3 Byrds","floor":18,"turns":4},{"damage":24,"enemies":"Chosen","floor":20,"turns":5},{"damage":15,"enemies":"Centurion and Healer","floor":21,"turns":8},{"damage":15,"enemies":"Slavers","floor":24,"turns":3},{"damage":7,"enemies":"Snecko","floor":25,"turns":5},{"damage":0,"enemies":"Cultist and Chosen","floor":28,"turns":6},{"damage":0,"enemies":"Snake Plant","floor":29,"turns":5},{"damage":9,"enemies":"3 Cultists","floor":31,"turns":5},{"damage":70,"enemies":"Champ","floor":33,"turns":18},{"damage":22,"enemies":"3 Darklings","floor":35,"turns":5},{"damage":0,"enemies":"Orb Walker","floor":36,"turns":4},{"damage":32,"enemies":"2 Orb Walkers","floor":37,"turns":6},{"damage":17,"enemies":"4 Shapes","floor":39,"turns":1}],"seed_played":"4623730864029171927","potions_obtained":[{"floor":3,"key":"Explosive Potion"},{"floor":4,"key":"SmokeBomb"},{"floor":20,"key":"Ancient Potion"},{"floor":25,"key":"Block Potion"},{"floor":29,"key":"Weak Potion"},{"floor":33,"key":"Energy Potion"}],"is_trial":false,"path_per_floor":["M","$","M","M","$","R","M","M","T","R","E","R","M","M","R","B",null,"M","?","M","M","$","R","E","M","T","R","M","M","R","M","R","B",null,"M","M","?","?","M"],"character_chosen":"DEFECT","items_purchased":["Rebound","Cold Snap","Coolheaded","Stack","Redo+1","Gremlin Horn"],"campfire_rested":3,"item_purchase_floors":[2,2,5,5,22,22],"current_hp_per_floor":[68,68,68,68,68,68,64,63,77,77,58,58,58,58,58,49,79,64,64,40,25,25,51,36,29,29,55,55,55,55,46,72,2,67,45,45,13,13,0],"gold":308,"neow_bonus":"THREE_ENEMY_KILL","is_prod":false,"is_daily":false,"chose_seed":false,"campfire_upgraded":5,"win_rate":0,"timestamp":1572324008,"path_taken":["M","$","M","?","$","R","?","M","T","R","E","R","?","M","R","BOSS","M","?","M","M","$","R","E","M","T","R","M","M","R","M","R","BOSS","M","M","?","?","M"],"build_version":"2019-07-17","purchased_purges":0,"victory":false,"max_hp_per_floor":[75,75,75,75,75,75,75,75,89,89,89,89,89,89,89,89,89,89,89,89,89,89,89,89,89,89,89,89,89,89,89,89,89,89,89,89,89,89,89],"card_choices":[{"not_picked":["Compile Driver","Gash"],"picked":"Steam","floor":1},{"not_picked":["Coolheaded","Chaos"],"picked":"Sweeping Beam","floor":3},{"not_picked":["Rebound","Heatsinks"],"picked":"Doom and Gloom","floor":4},{"not_picked":["Beam Cell","Heatsinks"],"picked":"Leap","floor":7},{"not_picked":["Stack","Lockon"],"picked":"Electrodynamics","floor":8},{"not_picked":["Conserve Battery","Stack"],"picked":"Ball Lightning","floor":11},{"not_picked":["Compile Driver","Streamline"],"picked":"Leap+1","floor":14},{"not_picked":["Core Surge","Creative AI"],"picked":"Seek+1","floor":16},{"not_picked":["Beam Cell+1","Streamline"],"picked":"Steam+1","floor":18},{"not_picked":["Turbo+1","Leap+1"],"picked":"Conserve Battery+1","floor":20},{"not_picked":["Hologram+1","Turbo+1"],"picked":"Stack+1","floor":21},{"not_picked":["Ball Lightning","Scrape"],"picked":"Steam Power+1","floor":24},{"not_picked":["Self Repair","Stack+1","All For One"],"picked":"SKIP","floor":25},{"not_picked":["Doom and Gloom","Redo+1"],"picked":"White Noise+1","floor":28},{"not_picked":["Gash","Stack+1"],"picked":"Glacier+1","floor":29},{"not_picked":["Beam Cell","Recycle+1"],"picked":"White Noise+1","floor":31},{"not_picked":["Amplify+1","Electrodynamics"],"picked":"Rainbow+1","floor":33},{"not_picked":["Go for the Eyes","Stack+1"],"picked":"Coolheaded+1","floor":35},{"not_picked":["Conserve Battery+1","Steam+1"],"picked":"Redo+1","floor":36},{"not_picked":["Turbo+1","Steam+1"],"picked":"Force Field+1","floor":37}],"player_experience":944893,"relics_obtained":[{"floor":9,"key":"Mango"},{"floor":11,"key":"Toxic Egg 2"},{"floor":24,"key":"Du-Vu Doll"},{"floor":26,"key":"Mummified Hand"},{"floor":37,"key":"Pocketwatch"}],"event_choices":[{"damage_healed":0,"gold_gain":99,"player_choice":"Stole From Cult","damage_taken":0,"max_hp_gain":0,"max_hp_loss":0,"event_name":"Nest","floor":19,"gold_loss":0},{"damage_healed":0,"gold_gain":0,"player_choice":"Fight","damage_taken":0,"max_hp_gain":0,"max_hp_loss":0,"event_name":"Mysterious Sphere","floor":37,"gold_loss":0},{"damage_healed":0,"gold_gain":0,"player_choice":"Upgraded","damage_taken":0,"max_hp_gain":0,"max_hp_loss":0,"event_name":"Upgrade Shrine","floor":38,"gold_loss":0,"cards_upgraded":["Stack"]}],"is_beta":false,"boss_relics":[{"not_picked":["Fusion Hammer","Runic Pyramid"],"picked":"Inserter"},{"not_picked":["Snecko Eye","Black Star"],"picked":"Sozu"}],"items_purged_floors":[],"is_endless":false,"potions_floor_spawned":[3,4,7,13,20,25,29,33],"killed_by":"4 Shapes","ascension_level":12}