{"gold_per_floor":[409,37,49,64,83,83,108,108,108,75,93,126,126,194,194,295,295,265,43,0,0,0,0,0,0,0,0,0,0,0,0,0,0],"floor_reached":33,"playtime":1586,"items_purged":["Normality","Strike_R"],"score":398,"play_id":"366bfe8a-dd8c-4cea-8e3c-196d1a14b431","local_time":"20190119000906","is_ascension_mode":true,"campfire_choices":[{"data":"True Grit","floor":6,"key":"SMITH"},{"data":"Immolate","floor":8,"key":"SMITH"},{"data":"Body Slam","floor":13,"key":"SMITH"},{"floor":15,"key":"REST"},{"data":"Flame Barrier","floor":23,"key":"SMITH"},{"data":"Ghostly","floor":27,"key":"SMITH"},{"data":"Ghostly","floor":29,"key":"SMITH"},{"floor":32,"key":"REST"}],"neow_cost":"CURSE","seed_source_timestamp":365734252718908,"circlet_count":0,"master_deck":["Strike_R+1","Strike_R+1","Strike_R+1","Strike_R+1","Defend_R+1","Defend_R+1","Defend_R+1","Defend_R+1","Bash+1","True Grit+1","Pommel Strike","Cleave","Immolate+1","Metallicize","Body Slam+1","Double Tap","Pommel Strike+1","Shrug It Off","Flame Barrier+1","Ghostly+1","Ghostly+1","Ghostly","Ghostly","Ghostly","Impervious"],"relics":["Burning Blood","Old Coin","Calipers","Letter Opener","Blue Candle","FossilizedHelix","Singing Bowl","Ectoplasm","Frozen Egg 2","Bag of Preparation","Whetstone"],"potions_floor_usage":[7,16,33],"damage_taken":[{"damage":10,"enemies":"2 Louse","floor":1,"turns":3},{"damage":12,"enemies":"Jaw Worm","floor":3,"turns":6},{"damage":0,"enemies":"Small Slimes","floor":4,"turns":3},{"damage":5,"enemies":"Looter","floor":5,"turns":5},{"damage":52,"enemies":"Lagavulin","floor":7,"turns":7},{"damage":8,"enemies":"Blue Slaver","floor":11,"turns":3},{"damage":13,"enemies":"Gremlin Nob","floor":12,"turns":4},{"damage":37,"enemies":"The Guardian","floor":16,"turns":13},{"damage":11,"enemies":"2 Thieves","floor":18,"turns":2},{"damage":35,"enemies":"Slavers","floor":24,"turns":5},{"damage":23,"enemies":"Book of Stabbing","floor":30,"turns":7},{"damage":36,"enemies":"Champ","floor":33,"turns":16}],"seed_played":"-866228557757193420","potions_obtained":[{"floor":3,"key":"LiquidBronze"},{"floor":12,"key":"SkillPotion"},{"floor":16,"key":"Poison Potion"},{"floor":30,"key":"Explosive Potion"}],"is_trial":false,"path_per_floor":["M","$","M","M","M","R","E","R","T","?","M","E","R","T","R","B",null,"M","$","?","?","?","R","E","?","T","R","?","R","E","$","R","B"],"character_chosen":"IRONCLAD","items_purchased":["Calipers","Shrug It Off","Flame Barrier"],"campfire_rested":2,"item_purchase_floors":[2,19,19],"current_hp_per_floor":[68,68,62,68,69,69,23,23,23,23,21,14,14,14,38,7,62,57,57,57,57,57,57,30,30,30,30,30,30,13,13,25,0],"gold":0,"neow_bonus":"ONE_RARE_RELIC","is_prod":false,"is_daily":false,"chose_seed":false,"campfire_upgraded":6,"win_rate":0,"timestamp":1547878146,"path_taken":["M","$","M","M","M","R","E","R","T","?","M","E","R","?","R","BOSS","M","$","?","?","?","R","E","?","T","R","?","R","E","?","R","BOSS"],"build_version":"2019-01-17v2","purchased_purges":2,"victory":false,"max_hp_per_floor":[80,80,80,80,80,80,80,80,80,80,80,80,80,80,80,80,80,80,80,80,80,80,80,82,41,41,41,41,41,41,41,41,41],"card_choices":[{"not_picked":["Rampage","Iron Wave"],"picked":"True Grit","floor":1},{"not_picked":["Havoc","Thunderclap","Sword Boomerang"],"picked":"SKIP","floor":3},{"not_picked":["Whirlwind","Armaments"],"picked":"Pommel Strike","floor":4},{"not_picked":["Clash","Armaments"],"picked":"Cleave","floor":5},{"not_picked":["Bloodletting","Whirlwind"],"picked":"Immolate","floor":7},{"not_picked":["Reckless Charge","Clash"],"picked":"Metallicize","floor":11},{"not_picked":["Uppercut","Feed"],"picked":"Body Slam","floor":12},{"not_picked":["Bludgeon","Feed"],"picked":"Double Tap","floor":16},{"not_picked":["Dropkick","Hemokinesis"],"picked":"Pommel Strike","floor":18},{"not_picked":["Infernal Blade","Sword Boomerang+1","Dropkick"],"picked":"Singing Bowl","floor":24},{"not_picked":["Twin Strike","Clash"],"picked":"Impervious","floor":30}],"player_experience":667667,"relics_obtained":[{"floor":7,"key":"Letter Opener"},{"floor":9,"key":"Blue Candle"},{"floor":12,"key":"FossilizedHelix"},{"floor":14,"key":"Singing Bowl"},{"floor":24,"key":"Frozen Egg 2"},{"floor":26,"key":"Bag of Preparation"},{"floor":30,"key":"Whetstone"}],"event_choices":[{"damage_healed":0,"gold_gain":0,"player_choice":"Left Gold","damage_taken":0,"max_hp_gain":0,"max_hp_loss":0,"event_name":"World of Goop","floor":10,"gold_loss":33},{"damage_healed":0,"gold_gain":0,"player_choice":"Paid Fearfully","damage_taken":0,"max_hp_gain":0,"max_hp_loss":0,"event_name":"Masked Bandits","floor":20,"gold_loss":43},{"damage_healed":0,"gold_gain":0,"player_choice":"Ignored","damage_taken":0,"max_hp_gain":0,"max_hp_loss":0,"event_name":"Beggar","floor":21,"gold_loss":0},{"damage_healed":0,"gold_gain":0,"player_choice":"Ignored","damage_taken":0,"max_hp_gain":0,"max_hp_loss":0,"event_name":"Cursed Tome","floor":22,"gold_loss":0},{"damage_healed":0,"gold_gain":0,"player_choice":"Became a Ghost","damage_taken":0,"max_hp_gain":0,"max_hp_loss":41,"event_name":"Ghosts","floor":25,"gold_loss":0,"cards_obtained":["Ghostly","Ghostly","Ghostly","Ghostly","Ghostly"]},{"damage_healed":0,"gold_gain":0,"player_choice":"Simplicity","damage_taken":0,"max_hp_gain":0,"max_hp_loss":0,"event_name":"Back to Basics","floor":28,"gold_loss":0,"cards_upgraded":["Strike_R","Strike_R","Strike_R","Strike_R","Defend_R","Defend_R","Defend_R","Defend_R"]}],"is_beta":false,"boss_relics":[{"not_picked":["Mark of Pain","Velvet Choker"],"picked":"Ectoplasm"}],"items_purged_floors":[2,19],"is_endless":false,"potions_floor_spawned":[3,12,16,30],"killed_by":"Champ","ascension_level":6}