{"gold_per_floor":[109,126,126,51,51,85,110,110,160,175,125,146,146,164,164,295,295,313,334,221,136,86,121,121],"floor_reached":24,"playtime":1436,"items_purged":["Strike_B","Strike_B","Turbo+1","Double Energy+1"],"score":227,"play_id":"b41b3f6c-302f-4a36-b3d2-25fafa7b7bf8","local_time":"20181004161555","is_ascension_mode":true,"campfire_choices":[{"data":"Dualcast","floor":8,"key":"SMITH"},{"floor":15,"key":"REST"}],"neow_cost":"NONE","seed_source_timestamp":1289748745424887,"circlet_count":0,"master_deck":["Strike_B","Defend_B","Defend_B+1","Zap+1","Dualcast+1","Darkness","Defragment","Streamline","Gash","Undo","Buffer","Fission+1","Lockon+1","Static Discharge","Conserve Battery+1"],"relics":["Cracked Core","War Paint","Golden Idol","The Courier","Smiling Mask","Mercury Hourglass","Astrolabe","Ornamental Fan","Pear"],"potions_floor_usage":[12,23],"damage_taken":[{"damage":0,"enemies":"Cultist","floor":1,"turns":3},{"damage":1,"enemies":"Jaw Worm","floor":2,"turns":3},{"damage":23,"enemies":"3 Sentries","floor":6,"turns":8},{"damage":0,"enemies":"2 Louse","floor":7,"turns":2},{"damage":2,"enemies":"Blue Slaver","floor":10,"turns":2},{"damage":0,"enemies":"Looter","floor":12,"turns":2},{"damage":6,"enemies":"Large Slime","floor":14,"turns":3},{"damage":17,"enemies":"Hexaghost","floor":16,"turns":9},{"damage":5,"enemies":"Shell Parasite","floor":18,"turns":6},{"damage":18,"enemies":"3 Byrds","floor":19,"turns":5},{"damage":41,"enemies":"Slavers","floor":23,"turns":5},{"damage":21,"enemies":"Snake Plant","floor":24,"turns":3}],"seed_played":"-4803632925297319321","potions_obtained":[{"floor":1,"key":"Energy Potion"},{"floor":6,"key":"Energy Potion"},{"floor":10,"key":"Fire Potion"},{"floor":14,"key":"Regen Potion"},{"floor":23,"key":"Energy Potion"}],"is_trial":false,"path_per_floor":["M","M","?","$","?","E","M","R","T","M","$","M","T","M","R","B",null,"M","M","$","?","$","E"],"character_chosen":"DEFECT","items_purchased":["Static Discharge"],"campfire_rested":1,"item_purchase_floors":[20],"current_hp_per_floor":[75,74,56,56,56,33,33,33,33,31,31,31,31,25,45,28,69,64,46,46,46,46,15,0],"gold":121,"neow_bonus":"REMOVE_CARD","is_prod":false,"is_daily":false,"chose_seed":false,"campfire_upgraded":1,"win_rate":0,"timestamp":1538687755,"path_taken":["M","M","?","$","?","E","M","R","T","M","$","M","?","M","R","BOSS","M","M","$","?","?","E","M"],"build_version":"2018-09-27","purchased_purges":4,"victory":false,"max_hp_per_floor":[75,75,75,75,69,69,69,69,69,69,69,69,69,69,69,69,69,69,69,69,69,69,79,79],"card_choices":[{"not_picked":["Ball Lightning","Conserve Battery"],"picked":"Darkness","floor":1},{"not_picked":["Cold Snap","Coolheaded","Turbo"],"picked":"SKIP","floor":2},{"not_picked":["Conserve Battery","Tempest"],"picked":"Defragment","floor":6},{"not_picked":["Coolheaded","Compile Driver"],"picked":"Streamline","floor":7},{"not_picked":["Hyperbeam","Fusion"],"picked":"Gash","floor":10},{"not_picked":["Steam Power","Hologram"],"picked":"Undo","floor":12},{"not_picked":["Fusion","Sweeping Beam"],"picked":"Steam","floor":14},{"not_picked":["All For One","Meteor Strike"],"picked":"Buffer","floor":16},{"not_picked":["Aggregate","Compile Driver"],"picked":"Lockon+1","floor":18},{"not_picked":["Barrage","Ball Lightning","Hologram"],"picked":"SKIP","floor":19},{"not_picked":["Rebound","Creative AI"],"picked":"Conserve Battery+1","floor":23}],"player_experience":363287,"relics_obtained":[{"floor":6,"key":"The Courier"},{"floor":9,"key":"Smiling Mask"},{"floor":13,"key":"Mercury Hourglass"},{"floor":23,"key":"Pear"}],"event_choices":[{"event_name":"Scrap Ooze","player_choice":"success","floor":3,"damage_taken":18},{"event_name":"Golden Idol","player_choice":"Lose Max HP","floor":5,"damage_taken":0},{"event_name":"Addict","player_choice":"Obtained Relic","floor":21,"damage_taken":0}],"is_beta":false,"boss_relics":[{"not_picked":["White Beast Statue","Calling Bell"],"picked":"Astrolabe"}],"items_purged_floors":[4,11,20,22],"is_endless":false,"potions_floor_spawned":[1,6,10,14,16,23],"killed_by":"Snake Plant","ascension_level":1}