{"gold_per_floor":[19,80,80,95,109,109,135,135,162,142,160,174,274,288,288,392,392,402,412,412],"floor_reached":20,"playtime":1555,"items_purged":[],"score":263,"play_id":"70c7408e-4047-44ca-bbb2-c6c3bcfa0c19","local_time":"20190215223636","is_ascension_mode":true,"campfire_choices":[{"data":"True Grit","floor":6,"key":"SMITH"},{"data":"Barricade","floor":8,"key":"SMITH"},{"data":"Body Slam","floor":15,"key":"SMITH"}],"neow_cost":"NO_GOLD","seed_source_timestamp":165756021441597,"circlet_count":0,"master_deck":["Strike_R","Strike_R","Strike_R","Strike_R","Defend_R","Defend_R","Defend_R","Bash","Barricade+1","Feed","Battle Trance","Shrug It Off","True Grit+1","Twin Strike","Body Slam+1","Rampage","Juggernaut","Inflame+1","Body Slam+1"],"relics":["Burning Blood","Ancient Tea Set","Juzu Bracelet","Red Skull","Eternal Feather"],"potions_floor_usage":[10,12,16,16,18],"damage_taken":[{"damage":11,"enemies":"Small Slimes","floor":1,"turns":4},{"damage":0,"enemies":"2 Louse","floor":4,"turns":3},{"damage":0,"enemies":"Cultist","floor":5,"turns":3},{"damage":34,"enemies":"Gremlin Nob","floor":7,"turns":5},{"damage":3,"enemies":"Lots of Slimes","floor":11,"turns":7},{"damage":0,"enemies":"Red Slaver","floor":12,"turns":4},{"damage":0,"enemies":"3 Louse","floor":14,"turns":4},{"damage":40,"enemies":"Hexaghost","floor":16,"turns":13},{"damage":25,"enemies":"Spheric Guardian","floor":18,"turns":7},{"damage":40,"enemies":"Shell Parasite","floor":19,"turns":8},{"damage":32,"enemies":"Cultist and Chosen","floor":20,"turns":5}],"seed_played":"-1621220210486165850","potions_obtained":[{"floor":10,"key":"Fruit Juice"},{"floor":11,"key":"Poison Potion"},{"floor":12,"key":"SteroidPotion"},{"floor":14,"key":"Block Potion"},{"floor":16,"key":"Fire Potion"},{"floor":18,"key":"Dexterity Potion"}],"is_trial":false,"path_per_floor":["M","?","?","M","M","R","E","R","T","?","M","M","?","M","R","B",null,"M","M","M"],"character_chosen":"IRONCLAD","items_purchased":[],"campfire_rested":0,"item_purchase_floors":[],"current_hp_per_floor":[70,70,67,76,82,82,54,54,54,59,65,74,74,80,80,46,84,65,31,0],"gold":412,"neow_bonus":"TRANSFORM_TWO_CARDS","is_prod":false,"is_daily":false,"chose_seed":false,"campfire_upgraded":3,"win_rate":0,"timestamp":1550291796,"path_taken":["M","?","?","M","M","R","E","R","T","?","M","M","?","M","R","BOSS","M","M","M"],"build_version":"2019-01-23","purchased_purges":0,"victory":false,"max_hp_per_floor":[83,83,83,86,86,86,86,86,86,91,94,97,97,97,97,97,97,97,97,97],"card_choices":[{"not_picked":["Armaments","Perfected Strike"],"picked":"Battle Trance","floor":1},{"not_picked":["Pommel Strike","Second Wind"],"picked":"Shrug It Off","floor":4},{"not_picked":["Sword Boomerang","Infernal Blade"],"picked":"True Grit","floor":5},{"not_picked":["Inflame","Warcry"],"picked":"Twin Strike","floor":7},{"not_picked":["Metallicize","Pommel Strike"],"picked":"Body Slam","floor":11},{"not_picked":["Perfected Strike","Sword Boomerang","Heavy Blade"],"picked":"SKIP","floor":12},{"not_picked":["Heavy Blade","Twin Strike"],"picked":"Rampage","floor":14},{"not_picked":["Fiend Fire","Immolate"],"picked":"Juggernaut","floor":16},{"not_picked":["Havoc","Warcry"],"picked":"Inflame+1","floor":18},{"not_picked":["Clash","Havoc+1"],"picked":"Body Slam+1","floor":19}],"player_experience":708562,"relics_obtained":[{"floor":7,"key":"Juzu Bracelet"},{"floor":9,"key":"Red Skull"}],"event_choices":[{"damage_healed":0,"gold_gain":61,"player_choice":"Gained Gold","damage_taken":0,"max_hp_gain":0,"max_hp_loss":0,"event_name":"Golden Wing","floor":2,"gold_loss":0},{"damage_healed":0,"gold_gain":0,"player_choice":"Success","damage_taken":3,"relics_obtained":["Ancient Tea Set"],"max_hp_gain":0,"max_hp_loss":0,"event_name":"Scrap Ooze","floor":3,"gold_loss":0},{"damage_healed":0,"gold_gain":0,"player_choice":"Bought 1 Potion","damage_taken":0,"max_hp_gain":0,"max_hp_loss":0,"event_name":"The Woman in Blue","floor":10,"gold_loss":0},{"damage_healed":0,"gold_gain":100,"player_choice":"Pray","damage_taken":0,"max_hp_gain":0,"max_hp_loss":0,"event_name":"Golden Shrine","floor":13,"gold_loss":0}],"is_beta":false,"boss_relics":[{"not_picked":["Orrery","Calling Bell"],"picked":"Eternal Feather"}],"items_purged_floors":[],"is_endless":false,"potions_floor_spawned":[11,12,14,16,18],"killed_by":"Cultist and Chosen","ascension_level":7}