{"gold_per_floor":[110,10,21,21,35,35,67,84,84,84,96,131,116,133,133,229,229,240,240,260,114,132,132,142,197,245,278,289,289,307,317,317,417,417,437,452,78,89,102,136,136,136],"floor_reached":42,"playtime":3409,"items_purged":["Strike_B","Strike_B","Defend_B"],"score":562,"play_id":"2bf1fdc3-32f7-4b73-b362-11869784b805","local_time":"20181101182933","is_ascension_mode":true,"campfire_choices":[{"data":"Zap","floor":6.0,"key":"SMITH"},{"data":"Dualcast","floor":10.0,"key":"SMITH"},{"floor":15.0,"key":"REST"},{"data":"Rainbow","floor":23.0,"key":"SMITH"},{"floor":29,"key":"REST"},{"data":"Echo Form","floor":32,"key":"SMITH"},{"data":"Buffer","floor":41,"key":"SMITH"}],"neow_cost":"NONE","seed_source_timestamp":0,"circlet_count":0,"master_deck":["Strike_B","Strike_B","Defend_B","Defend_B+1","Defend_B","Zap+1","Dualcast+1","Rainbow+1","Undo+1","Redo","Leap","BootSequence","Sunder","Conserve Battery+1","Darkness+1","Ball Lightning","Chaos+1","Buffer+1","Self Repair+1","Redo+1","White Noise+1","Reinforced Body+1","Double Energy+1","Fusion+1","Echo Form+1","Creative AI","Leap+1","Auto Shields+1"],"special_seed":0,"relics":["Cracked Core","Matryoshka","Toxic Egg 2","Darkstone Periapt","Ice Cream","Sozu","Tiny Chest","War Paint","Orichalcum","Meat on the Bone","Lizard Tail","Mummified Hand","Potion Belt"],"potions_floor_usage":[30,40,42],"damage_taken":[{"damage":0.0,"enemies":"2 Louse","floor":1.0,"turns":2.0},{"damage":0.0,"enemies":"Small Slimes","floor":3.0,"turns":4.0},{"damage":0.0,"enemies":"Cultist","floor":5.0,"turns":3.0},{"damage":35.0,"enemies":"Gremlin Nob","floor":7.0,"turns":5.0},{"damage":0.0,"enemies":"Blue Slaver","floor":8.0,"turns":4.0},{"damage":0.0,"enemies":"3 Louse","floor":11.0,"turns":3.0},{"damage":0.0,"enemies":"3 Sentries","floor":12.0,"turns":5.0},{"damage":0.0,"enemies":"Exordium Thugs","floor":13.0,"turns":4.0},{"damage":11.0,"enemies":"Looter","floor":14.0,"turns":3.0},{"damage":1.0,"enemies":"The Guardian","floor":16.0,"turns":8.0},{"damage":6.0,"enemies":"3 Byrds","floor":18.0,"turns":5.0},{"damage":1.0,"enemies":"Spheric Guardian","floor":20.0,"turns":3.0},{"damage":4.0,"enemies":"Centurion and Healer","floor":22.0,"turns":5.0},{"damage":5,"enemies":"Shelled Parasite and Fungi","floor":24,"turns":7},{"damage":26,"enemies":"Slavers","floor":25,"turns":5},{"damage":37,"enemies":"Gremlin Leader","floor":27,"turns":7},{"damage":0,"enemies":"Snecko","floor":28,"turns":6},{"damage":26,"enemies":"3 Cultists","floor":30,"turns":7},{"damage":4,"enemies":"Snake Plant","floor":31,"turns":3},{"damage":35,"enemies":"Automaton","floor":33,"turns":9},{"damage":52,"enemies":"3 Shapes","floor":35,"turns":4},{"damage":1,"enemies":"Orb Walker","floor":36,"turns":4},{"damage":18,"enemies":"3 Darklings","floor":38,"turns":6},{"damage":18,"enemies":"4 Shapes","floor":39,"turns":7},{"damage":68,"enemies":"Reptomancer","floor":40,"turns":7},{"damage":57,"enemies":"Sphere and 2 Shapes","floor":42,"turns":5}],"seed_played":"6392007091844401820","potions_obtained":[{"floor":1.0,"key":"Weak Potion"},{"floor":3.0,"key":"Regen Potion"},{"floor":12.0,"key":"SpeedPotion"}],"is_trial":false,"path_per_floor":["M","$","M","$","M","R","E","M","T","R","M","E","M","M","R","B",null,"M","?","M","$","M","R","M","E","T","E","M","R","M","M","R","B",null,"M","M","$","M","M","E","R"],"character_chosen":"DEFECT","items_purchased":["Redo","Redo+1","Mummified Hand"],"campfire_rested":2,"item_purchase_floors":[2,21,37],"current_hp_per_floor":[75,75,75,75,75,75,40,40,40,40,40,40,40,29,51,50,75,69,69,68,68,74,74,75,59,59,32,54,75,59,65,65,52,75,45,44,44,48,62,54,54,0],"gold":136,"neow_bonus":"ONE_RANDOM_RARE_CARD","is_prod":false,"is_daily":false,"chose_seed":false,"campfire_upgraded":5,"win_rate":0,"timestamp":1541114973,"path_taken":["M","$","M","$","M","R","E","M","T","R","M","E","M","M","R","BOSS","M","?","M","$","M","R","M","E","T","E","M","R","M","M","R","BOSS","M","M","$","M","M","E","R","M"],"build_version":"2018-10-25v2","purchased_purges":3,"victory":false,"max_hp_per_floor":[75,75,75,75,75,75,75,75,75,75,75,75,75,75,75,75,75,75,75,75,75,75,75,75,75,75,75,75,75,75,75,75,75,75,75,75,75,75,75,75,75,75],"card_choices":[{"not_picked":["Hello World","Sweeping Beam"],"picked":"Undo","floor":1.0},{"not_picked":["Hologram","Barrage"],"picked":"Leap","floor":3.0},{"not_picked":["Turbo","Lockon"],"picked":"BootSequence","floor":5.0},{"not_picked":["Chill","Genetic Algorithm","Hello World"],"picked":"SKIP","floor":7.0},{"not_picked":["Leap","Compile Driver"],"picked":"Sunder","floor":8.0},{"not_picked":["Force Field+1","Double Energy+1"],"picked":"Conserve Battery+1","floor":11.0},{"not_picked":["Skim+1","Defragment"],"picked":"Darkness+1","floor":12.0},{"not_picked":["Gash","Redo+1"],"picked":"Ball Lightning","floor":13.0},{"not_picked":["Sweeping Beam","Undo+1"],"picked":"Chaos+1","floor":14.0},{"not_picked":["Amplify+1","Machine Learning"],"picked":"Buffer","floor":16.0},{"not_picked":["Go for the Eyes","Static Discharge+1","Turbo+1"],"picked":"SKIP","floor":18.0},{"not_picked":["Double Energy+1","Streamline"],"picked":"Self Repair+1","floor":20.0},{"not_picked":["Conserve Battery+1","Skim+1","Turbo+1"],"picked":"SKIP","floor":22.0},{"not_picked":["Steam+1","Rebound"],"picked":"White Noise+1","floor":24},{"not_picked":["Recycle+1","Storm"],"picked":"Reinforced Body+1","floor":25},{"not_picked":["Steam+1","Barrage"],"picked":"Double Energy+1","floor":27},{"not_picked":["Force Field+1","Hello World+1"],"picked":"Fusion+1","floor":28},{"not_picked":["Barrage+1","Gash","Leap+1"],"picked":"SKIP","floor":30},{"not_picked":["Turbo+1","BootSequence+1"],"picked":"Echo Form","floor":31},{"not_picked":["Reboot+1","Buffer"],"picked":"Creative AI","floor":33},{"not_picked":["Capacitor","Stack+1","Cold Snap"],"picked":"SKIP","floor":35},{"not_picked":["Coolheaded+1","Force Field+1"],"picked":"Leap+1","floor":36},{"not_picked":["Sunder+1","Beam Cell","Turbo+1"],"picked":"SKIP","floor":38},{"not_picked":["Hologram+1","Conserve Battery+1"],"picked":"Auto Shields+1","floor":39},{"not_picked":["Hello World+1","Storm+1","Skim+1"],"picked":"SKIP","floor":40}],"player_experience":474137,"relics_obtained":[{"floor":7.0,"key":"Matryoshka"},{"floor":9.0,"key":"Toxic Egg 2"},{"floor":9.0,"key":"Darkstone Periapt"},{"floor":12.0,"key":"Ice Cream"},{"floor":25,"key":"Tiny Chest"},{"floor":26,"key":"War Paint"},{"floor":26,"key":"Orichalcum"},{"floor":27,"key":"Meat on the Bone"},{"floor":40,"key":"Potion Belt"}],"event_choices":[{"damage_healed":0.0,"max_hp_gain":0.0,"max_hp_loss":0.0,"gold_gain":0.0,"event_name":"Ghosts","player_choice":"Ignored","floor":19.0,"gold_loss":0.0,"damage_taken":0.0}],"is_beta":false,"boss_relics":[{"not_picked":["White Beast Statue","Calling Bell"],"picked":"Sozu"},{"not_picked":["Fusion Hammer","Pandora\u0027s Box"],"picked":"Lizard Tail"}],"items_purged_floors":[2,21,37],"is_endless":false,"potions_floor_spawned":[1,3,12,16,20,22,24,28,31,33,35,36,39],"killed_by":"Sphere and 2 Shapes","ascension_level":2}