{"gold_per_floor":[365,253,265,83,33,33,133,150,197,212,212,222,202,228,228,328,328,328],"floor_reached":18,"playtime":896,"items_purged":["Strike_R"],"score":203,"play_id":"aa778356-85e5-4c73-95b4-357a1e518fed","local_time":"20181205231412","is_ascension_mode":true,"campfire_choices":[{"data":"Rupture","floor":6,"key":"SMITH"},{"data":"Uppercut","floor":11,"key":"SMITH"},{"floor":15,"key":"REST"}],"neow_cost":"TEN_PERCENT_HP_LOSS","seed_source_timestamp":1158036722129843,"circlet_count":0,"master_deck":["Strike_R","Strike_R","Strike_R","Defend_R","Defend_R","Defend_R","Defend_R","Bash","Uppercut+1","Infernal Blade","Rupture+1","Brutality","Shrug It Off","Clash","Heavy Blade","Disarm","Impervious"],"relics":["Burning Blood","Red Skull","Centennial Puzzle","Sozu"],"potions_floor_usage":[10,16],"damage_taken":[{"damage":6,"enemies":"Cultist","floor":1,"turns":3},{"damage":2,"enemies":"Jaw Worm","floor":3,"turns":3},{"damage":8,"enemies":"2 Louse","floor":8,"turns":3},{"damage":4,"enemies":"Red Slaver","floor":10,"turns":5},{"damage":12,"enemies":"Blue Slaver","floor":12,"turns":4},{"damage":10,"enemies":"Exordium Thugs","floor":13,"turns":4},{"damage":39,"enemies":"Gremlin Nob","floor":14,"turns":5},{"damage":34,"enemies":"Slime Boss","floor":16,"turns":7},{"damage":7,"enemies":"3 Byrds","floor":18,"turns":2}],"seed_played":"-2527266536444287711","potions_obtained":[{"floor":8,"key":"SkillPotion"},{"floor":12,"key":"Strength Potion"},{"floor":14,"key":"Energy Potion"}],"is_trial":false,"path_per_floor":["M","$","M","$","?","R","?","M","T","M","R","M","M","E","R","B",null,"M"],"character_chosen":"IRONCLAD","items_purchased":["Infernal Blade","Brutality","Shrug It Off"],"campfire_rested":1,"item_purchase_floors":[2,4,4],"current_hp_per_floor":[72,72,72,72,72,72,72,70,70,72,72,66,62,29,50,22,60,53],"gold":328,"neow_bonus":"TWO_FIFTY_GOLD","is_prod":false,"is_daily":false,"chose_seed":false,"campfire_upgraded":2,"win_rate":0,"timestamp":1544073252,"path_taken":["M","$","M","?","?","R","?","?","T","M","R","M","M","E","R","BOSS","M"],"build_version":"2018-11-15","purchased_purges":1,"victory":false,"max_hp_per_floor":[72,72,72,72,72,72,72,72,72,72,72,72,72,72,72,72,72,72],"card_choices":[{"not_picked":["Anger","Pummel"],"picked":"Uppercut","floor":1},{"not_picked":["Power Through","Perfected Strike"],"picked":"Rupture","floor":3},{"not_picked":["Blood for Blood","Searing Blow","Armaments"],"picked":"SKIP","floor":8},{"not_picked":["Perfected Strike","Twin Strike"],"picked":"Clash","floor":10},{"not_picked":["Flex","Pummel"],"picked":"Heavy Blade","floor":12},{"not_picked":["Perfected Strike","Second Wind"],"picked":"Disarm","floor":13},{"not_picked":["Heavy Blade","Clothesline","Reckless Charge"],"picked":"SKIP","floor":14},{"not_picked":["Barricade","Dark Embrace"],"picked":"Impervious","floor":16}],"player_experience":633571,"relics_obtained":[{"floor":9,"key":"Red Skull"},{"floor":14,"key":"Centennial Puzzle"}],"event_choices":[{"cards_removed":["Strike_R"],"damage_healed":0,"gold_gain":0,"player_choice":"Card Removal","damage_taken":0,"max_hp_gain":0,"max_hp_loss":0,"event_name":"The Cleric","floor":5,"gold_loss":50},{"damage_healed":0,"gold_gain":100,"player_choice":"Pray","damage_taken":0,"max_hp_gain":0,"max_hp_loss":0,"event_name":"Golden Shrine","floor":7,"gold_loss":0}],"is_beta":false,"boss_relics":[{"not_picked":["Runic Cube","Ectoplasm"],"picked":"Sozu"}],"items_purged_floors":[2],"is_endless":false,"potions_floor_spawned":[8,12,14],"killed_by":"3 Byrds","ascension_level":5}