{"gold_per_floor":[113,40,40,56,76,107,107,119,144,144,171,25,25,36,36,134,134,151,151,168,185,205,205,231,231,255,255,271,298,298,105,105,209,209,222,240,250,300,99,99,249,82,132,144,194,194,244,294],"floor_reached":48,"playtime":5927,"items_purged":["Parasite","Phantasmal Killer","Strike_G"],"score":655,"play_id":"53ea6495-f5ad-422e-99a1-f38acd023f3d","local_time":"20190212173012","is_ascension_mode":true,"campfire_choices":[{"data":"A Thousand Cuts","floor":7.0,"key":"SMITH"},{"data":"Backflip","floor":13.0,"key":"SMITH"},{"data":"Blade Dance","floor":15.0,"key":"SMITH"},{"floor":23,"key":"REST"},{"data":"Finisher","floor":25,"key":"SMITH"},{"floor":32,"key":"REST"},{"floor":40,"key":"REST"},{"data":"Apotheosis","floor":46,"key":"SMITH"}],"neow_cost":"NONE","seed_source_timestamp":0,"circlet_count":0,"master_deck":["Defend_G","Defend_G","Defend_G","Defend_G+1","Defend_G+1","Strike_G","Strike_G","Survivor","Neutralize","Slice","Infinite Blades","Finisher+1","A Thousand Cuts+1","Poisoned Stab","Blade Dance+1","Backflip+1","Dagger Spray","Blade Dance","Glass Knife","Expertise+1","Dodge and Roll+1","Cloak And Dagger+1","Accuracy","Accuracy","Blade Dance","Leg Sweep","Adrenaline","Dagger Throw+1","Deflect+1","Panacea","Accuracy","Apotheosis+1"],"special_seed":0,"relics":["Ring of the Serpent","Lantern","Centennial Puzzle","Pen Nib","Boot","Sozu","War Paint","Bag of Marbles","Art of War","SsserpentHead","StoneCalendar","Ancient Tea Set"],"potions_floor_usage":[],"damage_taken":[{"damage":3.0,"enemies":"Jaw Worm","floor":1.0,"turns":7.0},{"damage":6.0,"enemies":"Cultist","floor":4.0,"turns":4.0},{"damage":1.0,"enemies":"2 Louse","floor":5.0,"turns":3.0},{"damage":17.0,"enemies":"3 Sentries","floor":6.0,"turns":7.0},{"damage":3.0,"enemies":"Blue Slaver","floor":8.0,"turns":5.0},{"damage":0.0,"enemies":"Large Slime","floor":14.0,"turns":2.0},{"damage":23.0,"enemies":"The Guardian","floor":16.0,"turns":8.0},{"damage":4,"enemies":"3 Byrds","floor":18,"turns":2},{"damage":0,"enemies":"Spheric Guardian","floor":20,"turns":3},{"damage":0,"enemies":"Centurion and Healer","floor":21,"turns":4},{"damage":15,"enemies":"Snake Plant","floor":22,"turns":3},{"damage":12,"enemies":"Slavers","floor":24,"turns":3},{"damage":0,"enemies":"Colosseum Slavers","floor":27,"turns":1},{"damage":0,"enemies":"Snecko","floor":28,"turns":2},{"damage":20,"enemies":"Book of Stabbing","floor":29,"turns":4},{"damage":31,"enemies":"Automaton","floor":33,"turns":10},{"damage":5,"enemies":"Orb Walker","floor":35,"turns":3},{"damage":14,"enemies":"3 Darklings","floor":36,"turns":2},{"damage":7,"enemies":"Maw","floor":37,"turns":6},{"damage":13,"enemies":"Mind Bloom Boss Battle","floor":41,"turns":6},{"damage":4,"enemies":"4 Shapes","floor":44,"turns":5},{"damage":63,"enemies":"Transient","floor":48,"turns":5}],"seed_played":"1078658374293515729","potions_obtained":[{"floor":1.0,"key":"Explosive Potion"},{"floor":4.0,"key":"Strength Potion"},{"floor":6.0,"key":"PowerPotion"}],"is_trial":false,"path_per_floor":["M","$","?","M","M","E","R","M","T","?","T","$","R","M","R","B",null,"M","?","M","M","M","R","E","R","T","?","M","E","?","$","R","B",null,"M","M","M","?","$","R","?","$","T","M","?","R","?","M"],"character_chosen":"THE_SILENT","items_purchased":["Infinite Blades","Backflip","Dagger Spray","Blade Dance","Leg Sweep","Accuracy","Apotheosis"],"campfire_rested":3,"item_purchase_floors":[2,12,12,31,31,39,42],"current_hp_per_floor":[67,67,67,61,60,43,43,40,40,59,59,59,59,59,59,36,65,61,61,61,61,46,68,56,56,56,56,56,36,36,36,58,27,62,57,43,36,36,36,58,45,45,45,41,41,41,41,0],"gold":294,"neow_bonus":"TEN_PERCENT_HP_BONUS","is_prod":false,"is_daily":false,"chose_seed":false,"campfire_upgraded":5,"win_rate":0,"timestamp":1550014212,"path_taken":["M","$","?","M","?","E","R","?","T","?","?","$","R","M","R","BOSS","M","?","M","M","?","R","E","R","T","?","M","E","?","$","R","BOSS","M","M","M","?","$","R","?","$","T","M","?","R","?","?"],"build_version":"2019-01-23","purchased_purges":3,"victory":false,"max_hp_per_floor":[77,77,77,77,77,77,77,77,77,77,77,74,74,74,74,74,74,74,74,74,74,74,74,74,74,74,74,74,74,74,74,74,74,74,74,74,74,74,74,74,74,74,74,74,74,74,74,74],"card_choices":[{"not_picked":["Accuracy","Backflip"],"picked":"Slice","floor":1.0},{"not_picked":["Skewer","Poisoned Stab"],"picked":"Finisher","floor":4.0},{"not_picked":["Flying Knee","Acrobatics"],"picked":"A Thousand Cuts","floor":5.0},{"not_picked":["Bouncing Flask","Endless Agony"],"picked":"Poisoned Stab","floor":6.0},{"not_picked":["Backstab","Dagger Spray"],"picked":"Blade Dance","floor":8.0},{"not_picked":["Deadly Poison","Poisoned Stab"],"picked":"Blade Dance","floor":14.0},{"not_picked":["Burst","Grand Finale"],"picked":"Glass Knife","floor":16.0},{"not_picked":["Deflect","Cloak And Dagger"],"picked":"Expertise+1","floor":18},{"not_picked":["Poisoned Stab","Dagger Spray"],"picked":"Dodge and Roll+1","floor":20},{"not_picked":["Concentrate","Eviscerate+1"],"picked":"Cloak And Dagger+1","floor":21},{"not_picked":["Deadly Poison","Blur","Flechettes+1"],"picked":"SKIP","floor":22},{"not_picked":["Dagger Throw+1","Backflip+1"],"picked":"Accuracy","floor":24},{"not_picked":["Bane","Sucker Punch","Heel Hook"],"picked":"SKIP","floor":28},{"not_picked":["Phantasmal Killer","Poisoned Stab"],"picked":"Accuracy","floor":29},{"not_picked":["Unload","Corpse Explosion"],"picked":"Adrenaline","floor":33},{"not_picked":["Slice","Masterful Stab+1"],"picked":"Dagger Throw+1","floor":35},{"not_picked":["Dagger Throw","Dagger Spray+1","Dodge and Roll+1"],"picked":"SKIP","floor":36},{"not_picked":["Poisoned Stab","Crippling Poison"],"picked":"Deflect+1","floor":37},{"not_picked":["Thinking Ahead","Swift Strike"],"picked":"Panacea","floor":38},{"not_picked":["Quick Slash","Poisoned Stab","PiercingWail+1"],"picked":"SKIP","floor":44}],"player_experience":700532,"relics_obtained":[{"floor":6.0,"key":"Centennial Puzzle"},{"floor":9.0,"key":"Pen Nib"},{"floor":11.0,"key":"Boot"},{"floor":24,"key":"War Paint"},{"floor":26,"key":"Bag of Marbles"},{"floor":29,"key":"Art of War"},{"floor":41,"key":"StoneCalendar"},{"floor":43,"key":"Ancient Tea Set"}],"event_choices":[{"damage_healed":0.0,"max_hp_gain":0.0,"max_hp_loss":0.0,"gold_gain":0.0,"event_name":"WeMeetAgain","player_choice":"Gave Potion","floor":3.0,"gold_loss":0.0,"damage_taken":0.0,"relics_obtained":["Lantern"]},{"damage_healed":19.0,"max_hp_gain":0.0,"max_hp_loss":0.0,"gold_gain":0.0,"event_name":"Mushrooms","player_choice":"Healed and dodged fight","floor":10.0,"gold_loss":0.0,"damage_taken":0.0,"cards_obtained":["Parasite"]},{"damage_healed":0,"gold_gain":0,"cards_transformed":["Strike_G"],"player_choice":"Transformed","damage_taken":0,"max_hp_gain":0,"max_hp_loss":0,"event_name":"Transmorgrifier","floor":19,"gold_loss":0,"cards_obtained":["Phantasmal Killer"]},{"damage_healed":0,"gold_gain":0,"player_choice":"Fight","damage_taken":0,"max_hp_gain":0,"max_hp_loss":0,"event_name":"Colosseum","floor":27,"gold_loss":0},{"damage_healed":0,"gold_gain":0,"player_choice":"Fled From Nobs","damage_taken":0,"max_hp_gain":0,"max_hp_loss":0,"event_name":"Colosseum","floor":27,"gold_loss":0},{"damage_healed":0,"gold_gain":0,"player_choice":"Trade","damage_taken":0,"relics_obtained":["SsserpentHead"],"max_hp_gain":0,"max_hp_loss":0,"event_name":"FaceTrader","floor":30,"gold_loss":0},{"damage_healed":0,"gold_gain":0,"player_choice":"Memory 1","damage_taken":0,"max_hp_gain":0,"max_hp_loss":0,"event_name":"SensoryStone","floor":38,"gold_loss":0},{"damage_healed":0,"gold_gain":0,"player_choice":"Fight","damage_taken":0,"max_hp_gain":0,"max_hp_loss":0,"event_name":"MindBloom","floor":41,"gold_loss":0},{"damage_healed":0,"gold_gain":0,"player_choice":"Ignored","damage_taken":0,"max_hp_gain":0,"max_hp_loss":0,"event_name":"Mysterious Sphere","floor":45,"gold_loss":0},{"cards_removed":["Strike_G"],"damage_healed":0,"gold_gain":0,"player_choice":"Removed Attack","damage_taken":0,"max_hp_gain":0,"max_hp_loss":0,"event_name":"Falling","floor":47,"gold_loss":0}],"is_beta":false,"boss_relics":[{"not_picked":["Orrery","Cursed Key"],"picked":"Sozu"},{"not_picked":["Calling Bell","Coffee Dripper"],"picked":"Ring of the Serpent"}],"items_purged_floors":[12,31,39],"is_endless":false,"potions_floor_spawned":[1,4,6,20,22,27,35],"killed_by":"Transient","ascension_level":8}