{"gold_per_floor":[117,3,3,18,18,46,46,46,46,46,64,64,89,103,103,199,199,213,213,87,87,87,87,115,135,158,191,201,201,212,222,222,325,325,340,351,363,46,46,71,71,91,91,91,102,127,127,0,0,0],"floor_reached":50,"playtime":2781,"items_purged":["Strike_G"],"score":897,"play_id":"951ee11a-941c-4523-b466-2ac15e176f99","local_time":"20191016210325","is_ascension_mode":true,"campfire_choices":[{"floor":8,"key":"REST"},{"data":"A Thousand Cuts","floor":10,"key":"SMITH"},{"floor":12,"key":"REST"},{"data":"Cloak And Dagger","floor":15,"key":"SMITH"},{"data":"Storm of Steel","floor":23,"key":"SMITH"},{"data":"Infinite Blades","floor":29,"key":"SMITH"},{"data":"Accuracy","floor":32,"key":"SMITH"},{"floor":41,"key":"REST"},{"floor":44,"key":"REST"},{"floor":49,"key":"REST"}],"neow_cost":"NONE","seed_source_timestamp":174391836629800,"circlet_count":0,"master_deck":["AscendersBane","Strike_G","Strike_G+1","Strike_G","Defend_G","Defend_G","Defend_G","Survivor","Neutralize+1","Masterful Stab+1","Slice","Accuracy+1","Predator","A Thousand Cuts+1","Cloak And Dagger+1","Infinite Blades+1","Storm of Steel+1","Backstab+1","Flechettes","Backflip","Slice","Cloak And Dagger+1","Blade Dance","After Image","Footwork","Blade Dance","After Image","Footwork","Accuracy+1","Dash+1","Calculated Gamble"],"relics":["Ring of the Snake","Ancient Tea Set","Whetstone","Bag of Preparation","WristBlade","Darkstone Periapt","Lantern","Bag of Marbles","Anchor","Cursed Key","Ornamental Fan","Molten Egg 2","Omamori","Red Mask"],"potions_floor_usage":[13,27,33,33,46,50,50],"damage_taken":[{"damage":8,"enemies":"Small Slimes","floor":1,"turns":6},{"damage":0,"enemies":"Cultist","floor":4,"turns":3},{"damage":46,"enemies":"Lagavulin","floor":6,"turns":8},{"damage":0,"enemies":"2 Louse","floor":11,"turns":2},{"damage":4,"enemies":"3 Sentries","floor":13,"turns":6},{"damage":9,"enemies":"Large Slime","floor":14,"turns":6},{"damage":0,"enemies":"Slime Boss","floor":16,"turns":7},{"damage":3,"enemies":"Chosen","floor":18,"turns":5},{"damage":5,"enemies":"Gremlin Leader","floor":24,"turns":4},{"damage":0,"enemies":"3 Byrds","floor":25,"turns":4},{"damage":4,"enemies":"Slavers","floor":27,"turns":5},{"damage":0,"enemies":"Sentry and Sphere","floor":28,"turns":2},{"damage":0,"enemies":"Cultist and Chosen","floor":30,"turns":2},{"damage":4,"enemies":"Centurion and Healer","floor":31,"turns":3},{"damage":26,"enemies":"Champ","floor":33,"turns":6},{"damage":0,"enemies":"3 Darklings","floor":35,"turns":2},{"damage":0,"enemies":"Orb Walker","floor":36,"turns":1},{"damage":1,"enemies":"Sphere and 2 Shapes","floor":37,"turns":3},{"damage":44,"enemies":"Giant Head","floor":40,"turns":7},{"damage":0,"enemies":"4 Shapes","floor":42,"turns":2},{"damage":0,"enemies":"Transient","floor":45,"turns":5},{"damage":33,"enemies":"Reptomancer","floor":46,"turns":5},{"damage":59,"enemies":"Awakened One","floor":50,"turns":3}],"seed_played":"1233360473991895873","potions_obtained":[{"floor":1,"key":"Explosive Potion"},{"floor":13,"key":"Swift Potion"},{"floor":16,"key":"Block Potion"},{"floor":24,"key":"Block Potion"},{"floor":31,"key":"SpeedPotion"},{"floor":36,"key":"Strength Potion"},{"floor":40,"key":"LiquidBronze"},{"floor":45,"key":"Energy Potion"}],"is_trial":false,"path_per_floor":["M","$","?","M","?","E","?","R","T","R","M","R","E","M","R","B",null,"M","?","$","T","?","R","E","M","T","E","M","R","M","M","R","B",null,"M","M","M","$","?","E","R","M","T","R","M","E","?","?","R","B"],"character_chosen":"THE_SILENT","items_purchased":["Slice","Accuracy","Backflip","Footwork","Ornamental Fan"],"campfire_rested":5,"item_purchase_floors":[2,2,20,38,38],"current_hp_per_floor":[62,62,62,62,62,16,16,39,39,39,39,62,58,49,49,49,70,67,67,67,67,67,67,62,62,62,58,58,58,58,54,54,28,65,65,65,64,64,64,20,43,43,43,66,66,33,33,33,56,0],"gold":0,"neow_bonus":"TEN_PERCENT_HP_BONUS","is_prod":false,"is_daily":false,"chose_seed":false,"campfire_upgraded":5,"win_rate":0,"timestamp":1571277805,"path_taken":["M","$","?","?","?","E","?","R","T","R","?","R","E","M","R","BOSS","M","?","$","?","?","R","E","M","T","E","?","R","M","M","R","BOSS","M","M","M","$","?","E","R","M","T","R","?","E","?","?","R","BOSS"],"build_version":"2019-07-17","purchased_purges":1,"victory":false,"max_hp_per_floor":[77,77,77,77,77,77,77,77,77,77,77,77,77,77,77,77,77,77,77,77,77,77,77,77,77,77,77,77,77,77,77,77,77,77,77,77,77,77,77,77,77,77,77,77,77,77,77,77,77,77],"card_choices":[{"not_picked":["Escape Plan","Dodge and Roll"],"picked":"Masterful Stab","floor":1},{"not_picked":["Dagger Spray","Deflect"],"picked":"Predator","floor":4},{"not_picked":["Quick Slash","Dagger Throw"],"picked":"A Thousand Cuts","floor":6},{"not_picked":["Outmaneuver","Deflect"],"picked":"Cloak And Dagger","floor":11},{"not_picked":["Setup","Sucker Punch","Flying Knee"],"picked":"SKIP","floor":13},{"not_picked":["Crippling Poison","Slice"],"picked":"Infinite Blades","floor":14},{"not_picked":["Envenom","Burst"],"picked":"Storm of Steel","floor":16},{"not_picked":["PiercingWail","Prepared"],"picked":"Backstab+1","floor":18},{"not_picked":["Storm of Steel","Acrobatics"],"picked":"Slice","floor":24},{"not_picked":["Dagger Spray","Blur+1","Bouncing Flask"],"picked":"SKIP","floor":25},{"not_picked":["Eviscerate","Slice"],"picked":"Cloak And Dagger+1","floor":27},{"not_picked":["Deflect","Setup","Bane"],"picked":"SKIP","floor":28},{"not_picked":["Deflect+1","Calculated Gamble"],"picked":"Blade Dance","floor":30},{"not_picked":["Deflect+1","Deadly Poison+1","Night Terror"],"picked":"SKIP","floor":31},{"not_picked":["Unload","Glass Knife"],"picked":"After Image","floor":33},{"not_picked":["Acrobatics","PiercingWail+1"],"picked":"Footwork","floor":35},{"not_picked":["Underhanded Strike","Concentrate+1"],"picked":"Blade Dance","floor":36},{"not_picked":["Dagger Throw+1","PiercingWail+1"],"picked":"After Image","floor":37},{"not_picked":["Poisoned Stab+1","Blur+1"],"picked":"Accuracy+1","floor":40},{"not_picked":["Bouncing Flask+1","Choke+1"],"picked":"Dash+1","floor":42},{"not_picked":["Prepared","Poisoned Stab+1","Envenom"],"picked":"SKIP","floor":45},{"not_picked":["Slice+1","Choke+1"],"picked":"Calculated Gamble","floor":46}],"player_experience":861533,"relics_obtained":[{"floor":6,"key":"Ancient Tea Set"},{"floor":9,"key":"Whetstone"},{"floor":13,"key":"Bag of Preparation"},{"floor":21,"key":"Darkstone Periapt"},{"floor":24,"key":"Lantern"},{"floor":26,"key":"Bag of Marbles"},{"floor":27,"key":"Anchor"},{"floor":40,"key":"Molten Egg 2"},{"floor":46,"key":"Omamori"}],"event_choices":[{"cards_removed":["Strike_G"],"damage_healed":0,"gold_gain":0,"player_choice":"Purged","damage_taken":0,"max_hp_gain":0,"max_hp_loss":0,"event_name":"Purifier","floor":3,"gold_loss":0},{"damage_healed":0,"gold_gain":0,"player_choice":"Grow","damage_taken":0,"max_hp_gain":0,"max_hp_loss":0,"event_name":"Living Wall","floor":5,"gold_loss":0,"cards_upgraded":["Masterful Stab"]},{"damage_healed":0,"gold_gain":0,"cards_transformed":["Defend_G"],"player_choice":"Transformed","damage_taken":0,"max_hp_gain":0,"max_hp_loss":0,"event_name":"Transmorgrifier","floor":7,"gold_loss":0,"cards_obtained":["Tactician"]},{"damage_healed":0,"gold_gain":0,"cards_transformed":["Tactician"],"player_choice":"Transformed","damage_taken":0,"max_hp_gain":0,"max_hp_loss":0,"event_name":"Transmorgrifier","floor":19,"gold_loss":0,"cards_obtained":["Flechettes"]},{"cards_removed":["Defend_G"],"damage_healed":0,"gold_gain":0,"player_choice":"Purged","damage_taken":0,"max_hp_gain":0,"max_hp_loss":0,"event_name":"Purifier","floor":22,"gold_loss":0},{"damage_healed":0,"gold_gain":0,"player_choice":"Ignored","damage_taken":0,"max_hp_gain":0,"max_hp_loss":0,"event_name":"SecretPortal","floor":39,"gold_loss":0},{"damage_healed":0,"gold_gain":0,"player_choice":"Ignored","damage_taken":0,"max_hp_gain":0,"max_hp_loss":0,"event_name":"Mysterious Sphere","floor":47,"gold_loss":0},{"damage_healed":0,"gold_gain":0,"player_choice":"Paid","damage_taken":0,"relics_obtained":["Red Mask"],"max_hp_gain":0,"max_hp_loss":0,"event_name":"Tomb of Lord Red Mask","floor":48,"gold_loss":127}],"is_beta":false,"boss_relics":[{"not_picked":["Black Star","Astrolabe"],"picked":"WristBlade"},{"not_picked":["Runic Dome","Snecko Eye"],"picked":"Cursed Key"}],"items_purged_floors":[20],"is_endless":false,"potions_floor_spawned":[1,13,16,24,25,31,36,40,42,45],"killed_by":"Awakened One","ascension_level":10}