{"gold_per_floor":[19,19,19,35,35,35,110,110,185,216,216,235,141,153,153,254,254,266,266,285,124,136,170,170,189,189,207,224,224,254,254,254,254],"floor_reached":33,"playtime":1545,"items_purged":[],"score":341,"play_id":"401b79ea-f26b-48b9-8f5d-7b17e6f62ed2","local_time":"20181030205553","is_ascension_mode":true,"campfire_choices":[{"floor":6,"key":"DIG"},{"floor":8,"key":"DIG"},{"floor":15,"key":"REST"},{"floor":24,"key":"DIG"},{"floor":32,"key":"DIG"}],"neow_cost":"NO_GOLD","seed_source_timestamp":584499675450715,"circlet_count":0,"master_deck":["Strike_R","Strike_R+1","Strike_R","Strike_R+1","Strike_R","Defend_R","Defend_R","Defend_R+1","Defend_R","Bash","Clash+1","Spot Weakness","Perfected Strike","Twin Strike","Jack Of All Trades+1","Shrug It Off+1","Double Tap+1","Clash+1","RitualDagger","Disarm+1","Madness+1","Rampage","Shrug It Off+1","Heavy Blade+1","Carnage","Shrug It Off+1","Body Slam","Decay"],"relics":["Burning Blood","Shovel","Gremlin Horn","Vajra","Peace Pipe","Sundial","Toxic Egg 2","Coffee Dripper","The Courier","Ginger","Whetstone","MutagenicStrength","Bag of Preparation","Dream Catcher"],"potions_floor_usage":[16,23,28,28,30],"damage_taken":[{"damage":4,"enemies":"2 Louse","floor":1,"turns":4},{"damage":0,"enemies":"Small Slimes","floor":4,"turns":3},{"damage":34,"enemies":"Lagavulin","floor":10,"turns":6},{"damage":2,"enemies":"Jaw Worm","floor":12,"turns":2},{"damage":11,"enemies":"Blue Slaver","floor":14,"turns":3},{"damage":30,"enemies":"Slime Boss","floor":16,"turns":9},{"damage":2,"enemies":"Chosen","floor":18,"turns":3},{"damage":23,"enemies":"2 Thieves","floor":20,"turns":3},{"damage":12,"enemies":"3 Cultists","floor":22,"turns":4},{"damage":20,"enemies":"Book of Stabbing","floor":23,"turns":4},{"damage":10,"enemies":"Snake Plant","floor":25,"turns":2},{"damage":1,"enemies":"Centurion and Healer","floor":27,"turns":4},{"damage":13,"enemies":"Snecko","floor":28,"turns":4},{"damage":0,"enemies":"Gremlin Leader","floor":30,"turns":4},{"damage":60,"enemies":"Collector","floor":33,"turns":6}],"seed_played":"6406375535623620451","potions_obtained":[{"floor":12,"key":"Weak Potion"},{"floor":14,"key":"Energy Potion"},{"floor":18,"key":"Dexterity Potion"},{"floor":23,"key":"LiquidBronze"},{"floor":25,"key":"LiquidBronze"},{"floor":28,"key":"Fire Potion"},{"floor":30,"key":"GamblersBrew"}],"is_trial":false,"path_per_floor":["M","?","$","M","T","R","?","R","T","E","?","M","$","M","R","B",null,"M","?","M","$","M","E","R","M","T","M","M","?","E","?","R"],"character_chosen":"IRONCLAD","items_purchased":["Jack Of All Trades+1","Madness+1","Rampage"],"campfire_rested":1,"item_purchase_floors":[13,21,21],"current_hp_per_floor":[80,85,85,85,85,85,77,77,77,49,32,36,36,31,56,32,85,85,79,62,62,56,42,42,38,38,43,36,36,42,42,42,0],"gold":254,"neow_bonus":"ONE_RARE_RELIC","is_prod":false,"is_daily":false,"chose_seed":false,"campfire_upgraded":0,"win_rate":0,"timestamp":1540950953,"path_taken":["M","?","$","M","?","R","?","R","T","E","?","M","$","M","R","BOSS","M","?","?","$","M","E","R","M","T","M","M","?","E","?","R","BOSS"],"build_version":"2018-10-25v2","purchased_purges":0,"victory":false,"max_hp_per_floor":[80,85,85,85,85,85,85,85,85,85,85,85,85,85,85,85,85,85,85,85,85,85,85,85,85,85,85,85,85,85,85,85,85],"card_choices":[{"not_picked":["Disarm","Anger"],"picked":"Clash","floor":1},{"not_picked":["Havoc","Thunderclap"],"picked":"Spot Weakness","floor":4},{"not_picked":["Evolve","Headbutt"],"picked":"Perfected Strike","floor":10},{"not_picked":["True Grit+1","Shockwave+1"],"picked":"Twin Strike","floor":12},{"not_picked":["Cleave","Warcry+1"],"picked":"Shrug It Off+1","floor":14},{"not_picked":["Feed","Impervious+1"],"picked":"Double Tap+1","floor":16},{"not_picked":["Anger","True Grit+1"],"picked":"Clash+1","floor":18},{"not_picked":["Corruption+1","Havoc+1"],"picked":"Disarm+1","floor":20},{"not_picked":["Pommel Strike+1","Havoc+1"],"picked":"Shrug It Off+1","floor":22},{"not_picked":["Rupture","Disarm+1"],"picked":"Heavy Blade+1","floor":23},{"not_picked":["Wild Strike","Metallicize"],"picked":"Carnage","floor":25},{"not_picked":["Armaments+1","Fire Breathing"],"picked":"Shrug It Off+1","floor":27},{"not_picked":["Feel No Pain","Searing Blow"],"picked":"Body Slam","floor":28},{"not_picked":["Dropkick","Searing Blow","Double Tap+1"],"picked":"SKIP","floor":30}],"player_experience":464532,"relics_obtained":[{"floor":5,"key":"Gremlin Horn"},{"floor":6,"key":"Vajra"},{"floor":8,"key":"Peace Pipe"},{"floor":9,"key":"Sundial"},{"floor":10,"key":"Toxic Egg 2"},{"floor":23,"key":"The Courier"},{"floor":24,"key":"Ginger"},{"floor":26,"key":"Whetstone"},{"floor":30,"key":"Bag of Preparation"},{"floor":32,"key":"Dream Catcher"}],"event_choices":[{"damage_healed":0,"gold_gain":0,"player_choice":"Donut","damage_taken":0,"max_hp_gain":5,"max_hp_loss":0,"event_name":"Big Fish","floor":2,"gold_loss":0},{"damage_healed":0,"gold_gain":75,"player_choice":"Touch","damage_taken":8,"max_hp_gain":0,"max_hp_loss":0,"event_name":"FaceTrader","floor":7,"gold_loss":0},{"damage_healed":0,"gold_gain":0,"player_choice":"Entered Light","damage_taken":17,"max_hp_gain":0,"max_hp_loss":0,"event_name":"Shining Light","floor":11,"gold_loss":0,"cards_upgraded":["Defend_R","Strike_R"]},{"damage_healed":0,"gold_gain":0,"player_choice":"Joined the Cult","damage_taken":6,"max_hp_gain":0,"max_hp_loss":0,"event_name":"Nest","floor":19,"gold_loss":0,"cards_obtained":["RitualDagger"]},{"damage_healed":0,"gold_gain":0,"player_choice":"Inject Mutagens","damage_taken":0,"relics_obtained":["MutagenicStrength"],"max_hp_gain":0,"max_hp_loss":0,"event_name":"Drug Dealer","floor":29,"gold_loss":0},{"damage_healed":0,"gold_gain":0,"player_choice":"Smashed Altar","damage_taken":0,"max_hp_gain":0,"max_hp_loss":0,"event_name":"Forgotten Altar","floor":31,"gold_loss":0,"cards_obtained":["Decay"]}],"is_beta":false,"boss_relics":[{"not_picked":["Mark of Pain","Runic Dome"],"picked":"Coffee Dripper"}],"items_purged_floors":[],"is_endless":false,"potions_floor_spawned":[12,14,18,23,25,28,30],"killed_by":"Collector","ascension_level":2}