{"gold_per_floor":[117,128,128,145,156,183,183,10,10,10,21,33,48,26,26,122,122,139,139,139,154,0,0,0,31,31,82,101,101,119,131,131,131],"floor_reached":33,"playtime":1445,"items_purged":["Strike_B"],"score":309,"play_id":"19f855dd-7fb9-4332-b126-cb5612bf199f","local_time":"20180930153001","is_ascension_mode":true,"campfire_choices":[{"data":"Zap","floor":7,"key":"SMITH"},{"data":"Madness","floor":10,"key":"SMITH"},{"floor":15,"key":"REST"},{"data":"Sunder","floor":23,"key":"SMITH"},{"data":"Ball Lightning","floor":29,"key":"SMITH"},{"floor":32,"key":"REST"}],"neow_cost":"NONE","seed_source_timestamp":941381924698834,"circlet_count":0,"master_deck":["Strike_B","Strike_B","Strike_B+1","Defend_B","Defend_B","Defend_B","Defend_B","Zap+1","Dualcast","Sweeping Beam+1","Sunder+1","BootSequence","Madness+1","Ball Lightning+1","Leap","Core Surge","Loop","RitualDagger","Clumsy","BootSequence","Streamline"],"relics":["Cracked Core","Bottled Flame","Mercury Hourglass","Cursed Key","Vajra","MutagenicStrength","Dodecahedron","Orichalcum"],"potions_floor_usage":[6,16,21,33,33,33],"damage_taken":[{"damage":0,"enemies":"Small Slimes","floor":1,"turns":3},{"damage":0,"enemies":"2 Louse","floor":2,"turns":2},{"damage":0,"enemies":"Cultist","floor":4,"turns":2},{"damage":0,"enemies":"Lots of Slimes","floor":5,"turns":2},{"damage":21,"enemies":"Lagavulin","floor":6,"turns":5},{"damage":0,"enemies":"Looter","floor":11,"turns":3},{"damage":7,"enemies":"Exordium Thugs","floor":12,"turns":3},{"damage":2,"enemies":"Large Slime","floor":13,"turns":4},{"damage":15,"enemies":"Slime Boss","floor":16,"turns":7},{"damage":0,"enemies":"2 Thieves","floor":18,"turns":3},{"damage":0,"enemies":"Spheric Guardian","floor":21,"turns":3},{"damage":0,"enemies":"Slavers","floor":25,"turns":2},{"damage":15,"enemies":"Centurion and Healer","floor":28,"turns":4},{"damage":20,"enemies":"Sentry and Sphere","floor":30,"turns":4},{"damage":12,"enemies":"Snake Plant","floor":31,"turns":3},{"damage":54,"enemies":"Collector","floor":33,"turns":6}],"seed_played":"-5523852404924318186","potions_obtained":[{"floor":1,"key":"Poison Potion"},{"floor":4,"key":"PowerPotion"},{"floor":6,"key":"Block Potion"},{"floor":12,"key":"Dexterity Potion"},{"floor":16,"key":"GamblersBrew"},{"floor":25,"key":"Weak Potion"}],"is_trial":false,"path_per_floor":["M","M","?","M","M","E","R","$","T","R","M","M","M","?","R","B",null,"M","?","?","M","$","R","?","E","T","T","M","R","M","M","R"],"character_chosen":"DEFECT","items_purchased":["Madness","Vajra"],"campfire_rested":2,"item_purchase_floors":[8,22],"current_hp_per_floor":[75,75,60,60,60,39,39,39,39,39,39,32,30,30,52,37,75,75,69,55,55,55,55,55,55,55,55,40,40,20,8,32,0],"gold":131,"neow_bonus":"THREE_CARDS","is_prod":false,"is_daily":false,"chose_seed":false,"campfire_upgraded":4,"win_rate":0,"timestamp":1538339401,"path_taken":["M","M","?","?","M","E","R","$","T","R","M","M","?","?","R","BOSS","M","?","?","M","$","R","?","E","T","?","M","R","?","M","R","BOSS"],"build_version":"2018-09-27","purchased_purges":1,"victory":false,"max_hp_per_floor":[75,75,75,75,75,75,75,75,75,75,75,75,75,75,75,75,75,75,75,80,80,80,80,80,80,80,80,80,80,80,80,80,80],"card_choices":[{"not_picked":["FTL","Lockon"],"picked":"Sweeping Beam","floor":0},{"not_picked":["Self Repair","Heatsinks"],"picked":"Sunder","floor":1},{"not_picked":["Turbo","Skim","Coolheaded"],"picked":"SKIP","floor":2},{"not_picked":["Cold Snap","Redo","Scrape"],"picked":"SKIP","floor":4},{"not_picked":["Barrage","Redo","Compile Driver"],"picked":"SKIP","floor":5},{"not_picked":["Steam Power","Stack"],"picked":"BootSequence","floor":6},{"not_picked":["Steam Power","Redo","Chill"],"picked":"SKIP","floor":11},{"not_picked":["Cold Snap","Meteor Strike"],"picked":"Ball Lightning","floor":12},{"not_picked":["Go for the Eyes","Gash"],"picked":"Leap","floor":13},{"not_picked":["Amplify","Multi-Cast"],"picked":"Core Surge","floor":16},{"not_picked":["Consume+1","Reprogram"],"picked":"Loop","floor":18},{"not_picked":["Double Energy","Melter","Blizzard+1"],"picked":"SKIP","floor":21},{"not_picked":["Barrage","Core Surge","Coolheaded+1"],"picked":"SKIP","floor":25},{"not_picked":["Static Discharge","Glacier+1"],"picked":"BootSequence","floor":28},{"not_picked":["Rebound","Cold Snap"],"picked":"Streamline","floor":30},{"not_picked":["Stack","Barrage","Glacier"],"picked":"SKIP","floor":31}],"player_experience":338779,"relics_obtained":[{"floor":6,"key":"Bottled Flame"},{"floor":9,"key":"Mercury Hourglass"},{"floor":25,"key":"Dodecahedron"},{"floor":27,"key":"Orichalcum"}],"event_choices":[{"event_name":"Shining Light","player_choice":"Entered Light","floor":3,"damage_taken":0},{"event_name":"World of Goop","player_choice":"Left","floor":14,"damage_taken":0},{"event_name":"Nest","player_choice":"Joined the Cult","floor":19,"damage_taken":0},{"event_name":"Forgotten Altar","player_choice":"Shed Blood","floor":20,"damage_taken":0},{"event_name":"Drug Dealer","player_choice":"Inject Mutagens","floor":24,"damage_taken":0}],"is_beta":false,"boss_relics":[{"not_picked":["White Beast Statue","Runic Dome"],"picked":"Cursed Key"}],"items_purged_floors":[8],"is_endless":false,"potions_floor_spawned":[1,4,6,12,13,16,25,31],"killed_by":"Collector","ascension_level":1}