{"gold_per_floor":[116,136,19,19,19,49,49,80,80,80,92,92,123,140,140,241,241,252,265,283,149,149,149,161,161,184,184,162,186,203,203,203,302,302,318,334,334,334,345,345,345,345,345,345,101,101,115,115,115,115],"floor_reached":51,"playtime":3476,"items_purged":[],"score":985,"play_id":"819b204b-72d2-4a9f-a327-ed7ccd1f1ef3","local_time":"20190217235813","is_ascension_mode":true,"campfire_choices":[{"data":"Cloak And Dagger","floor":7,"key":"SMITH"},{"data":"Cloak And Dagger","floor":10,"key":"SMITH"},{"data":"Leg Sweep","floor":15,"key":"SMITH"},{"data":"Cloak And Dagger","floor":23,"key":"SMITH"},{"data":"Leg Sweep","floor":27,"key":"SMITH"},{"data":"Backflip","floor":32,"key":"SMITH"},{"data":"Backflip","floor":40,"key":"SMITH"},{"data":"Glass Knife","floor":42,"key":"SMITH"},{"data":"Blade Dance","floor":44,"key":"SMITH"},{"floor":49,"key":"REST"}],"neow_cost":"NONE","seed_source_timestamp":105804321254984,"circlet_count":0,"master_deck":["Defend_G+1","Defend_G+1","Defend_G+1","Defend_G+1","Defend_G+1","Strike_G+1","Strike_G+1","Strike_G+1","Survivor","Neutralize","Slice","Bouncing Flask","Noxious Fumes","Cloak And Dagger+1","Cloak And Dagger+1","Backflip+1","Cloak And Dagger+1","Leg Sweep+1","Blade Dance+1","Glass Knife+1","Bane","Blade Dance","Leg Sweep+1","Deflect","Backflip+1","Dagger Spray","Burst","Flechettes","Deep Breath","Finisher","Dagger Throw","Madness","Madness","Expertise"],"relics":["Ring of the Serpent","Lantern","Kunai","Matryoshka","PreservedInsect","Blue Candle","Oddly Smooth Stone","Busted Crown","Mercury Hourglass","Centennial Puzzle","Omamori","Prayer Wheel","Happy Flower"],"potions_floor_usage":[6,16,20,33,33,39,50,50],"damage_taken":[{"damage":0,"enemies":"Small Slimes","floor":1,"turns":3},{"damage":0,"enemies":"Jaw Worm","floor":2,"turns":5},{"damage":16,"enemies":"Lagavulin","floor":6,"turns":5},{"damage":3,"enemies":"3 Sentries","floor":8,"turns":9},{"damage":0,"enemies":"Cultist","floor":11,"turns":3},{"damage":0,"enemies":"Gremlin Nob","floor":13,"turns":3},{"damage":0,"enemies":"Exordium Wildlife","floor":14,"turns":4},{"damage":0,"enemies":"Hexaghost","floor":16,"turns":10},{"damage":4,"enemies":"Shell Parasite","floor":18,"turns":5},{"damage":0,"enemies":"3 Byrds","floor":19,"turns":6},{"damage":0,"enemies":"Sentry and Sphere","floor":20,"turns":7},{"damage":0,"enemies":"Centurion and Healer","floor":24,"turns":8},{"damage":2,"enemies":"Cultist and Chosen","floor":30,"turns":5},{"damage":53,"enemies":"Champ","floor":33,"turns":13},{"damage":0,"enemies":"3 Shapes","floor":35,"turns":5},{"damage":0,"enemies":"3 Darklings","floor":36,"turns":7},{"damage":2,"enemies":"Jaw Worm Horde","floor":39,"turns":5},{"damage":0,"enemies":"Maw","floor":47,"turns":7},{"damage":28,"enemies":"Awakened One","floor":50,"turns":19}],"seed_played":"-7211917621620205014","potions_obtained":[{"floor":1,"key":"Fire Potion"},{"floor":6,"key":"Poison Potion"},{"floor":12,"key":"Energy Potion"},{"floor":12,"key":"EssenceOfSteel"},{"floor":16,"key":"GhostInAJar"},{"floor":24,"key":"Explosive Potion"},{"floor":35,"key":"SkillPotion"},{"floor":47,"key":"FearPotion"}],"is_trial":false,"path_per_floor":["M","M","$","?","?","E","R","E","T","R","M","?","E","M","R","B",null,"M","M","M","$","?","R","M","?","T","R","$","T","M","?","R","B",null,"M","M","?","?","M","R","?","R","T","R","$","?","M","?","R","B",null],"character_chosen":"THE_SILENT","items_purchased":["Noxious Fumes","Cloak And Dagger","Leg Sweep","Deflect","Dagger Spray","Finisher","Dagger Throw","Happy Flower"],"campfire_rested":1,"item_purchase_floors":[3,3,21,21,28,45,45,45],"current_hp_per_floor":[63,63,63,63,63,47,47,44,44,44,44,44,44,44,44,44,64,60,60,60,60,60,60,60,60,60,60,60,60,58,58,58,5,54,54,54,54,54,52,52,52,52,52,52,52,43,43,43,64,36],"gold":115,"neow_bonus":"RANDOM_COMMON_RELIC","is_prod":false,"is_daily":false,"chose_seed":false,"campfire_upgraded":9,"win_rate":0,"timestamp":1550469493,"path_taken":["M","M","$","?","?","E","R","E","T","R","M","?","E","?","R","BOSS","M","M","M","$","?","R","M","?","T","R","$","?","M","?","R","BOSS","M","M","?","?","M","R","?","R","T","R","$","?","?","?","R","BOSS"],"build_version":"2019-01-23","purchased_purges":0,"victory":true,"max_hp_per_floor":[70,70,70,70,70,70,70,70,70,70,70,70,70,70,70,70,70,70,70,70,70,70,70,70,70,70,70,70,70,70,70,70,70,70,70,70,70,70,70,70,70,70,70,70,70,70,70,70,70,70],"card_choices":[{"not_picked":["Dagger Throw","Finisher"],"picked":"Slice","floor":1},{"not_picked":["Outmaneuver","Doppelganger"],"picked":"Bouncing Flask","floor":2},{"not_picked":["Dodge and Roll","Escape Plan"],"picked":"Cloak And Dagger","floor":6},{"not_picked":["Calculated Gamble","Flechettes"],"picked":"Backflip","floor":8},{"not_picked":["Prepared","Infinite Blades"],"picked":"Cloak And Dagger","floor":11},{"not_picked":["PiercingWail","Predator"],"picked":"Leg Sweep","floor":13},{"not_picked":["Poisoned Stab","Venomology"],"picked":"Blade Dance","floor":14},{"not_picked":["Unload","Tools of the Trade"],"picked":"Glass Knife","floor":16},{"not_picked":["Prepared"],"picked":"SKIP","floor":18},{"not_picked":[],"picked":"Bane","floor":19},{"not_picked":[],"picked":"Blade Dance","floor":20},{"not_picked":["Choke"],"picked":"SKIP","floor":24},{"not_picked":["Calculated Gamble"],"picked":"SKIP","floor":30},{"not_picked":[],"picked":"Burst","floor":33},{"not_picked":["Deadly Poison"],"picked":"SKIP","floor":35},{"not_picked":[],"picked":"Flechettes","floor":36},{"not_picked":[],"picked":"Deep Breath","floor":38},{"not_picked":["Dagger Throw"],"picked":"SKIP","floor":39},{"not_picked":[],"picked":"Expertise","floor":47},{"not_picked":["Flying Knee+1"],"picked":"SKIP","floor":47}],"player_experience":714386,"relics_obtained":[{"floor":6,"key":"Kunai"},{"floor":8,"key":"Matryoshka"},{"floor":9,"key":"PreservedInsect"},{"floor":9,"key":"Blue Candle"},{"floor":13,"key":"Oddly Smooth Stone"},{"floor":26,"key":"Mercury Hourglass"},{"floor":26,"key":"Centennial Puzzle"},{"floor":29,"key":"Omamori"},{"floor":43,"key":"Prayer Wheel"}],"event_choices":[{"cards_removed":["Strike_G"],"damage_healed":0,"gold_gain":0,"player_choice":"Forget","damage_taken":0,"max_hp_gain":0,"max_hp_loss":0,"event_name":"Living Wall","floor":4,"gold_loss":0},{"damage_healed":0,"gold_gain":0,"player_choice":"Leave","damage_taken":0,"max_hp_gain":0,"max_hp_loss":0,"event_name":"The Cleric","floor":5,"gold_loss":0},{"damage_healed":0,"gold_gain":0,"player_choice":"Got Potions","damage_taken":0,"max_hp_gain":0,"max_hp_loss":0,"event_name":"Lab","floor":12,"gold_loss":0},{"damage_healed":0,"gold_gain":0,"player_choice":"Read","damage_taken":0,"max_hp_gain":0,"max_hp_loss":0,"event_name":"The Library","floor":22,"gold_loss":0,"cards_obtained":["Backflip"]},{"damage_healed":0,"gold_gain":0,"player_choice":"Ignored","damage_taken":0,"max_hp_gain":0,"max_hp_loss":0,"event_name":"Vampires","floor":25,"gold_loss":0},{"damage_healed":0,"gold_gain":0,"player_choice":"Simplicity","damage_taken":0,"max_hp_gain":0,"max_hp_loss":0,"event_name":"Back to Basics","floor":31,"gold_loss":0,"cards_upgraded":["Defend_G","Defend_G","Defend_G","Defend_G","Defend_G","Strike_G","Strike_G","Strike_G","Strike_G"]},{"cards_removed":["Strike_G"],"damage_healed":0,"gold_gain":0,"player_choice":"Removed Attack","damage_taken":0,"max_hp_gain":0,"max_hp_loss":0,"event_name":"Falling","floor":37,"gold_loss":0},{"damage_healed":0,"gold_gain":0,"player_choice":"Memory 1","damage_taken":0,"max_hp_gain":0,"max_hp_loss":0,"event_name":"SensoryStone","floor":38,"gold_loss":0},{"damage_healed":0,"gold_gain":0,"player_choice":"Ignored","damage_taken":0,"max_hp_gain":0,"max_hp_loss":0,"event_name":"Tomb of Lord Red Mask","floor":41,"gold_loss":0},{"damage_healed":0,"gold_gain":0,"player_choice":"Embrace Madness","damage_taken":9,"max_hp_gain":0,"max_hp_loss":0,"event_name":"Winding Halls","floor":46,"gold_loss":0,"cards_obtained":["Madness","Madness"]},{"damage_healed":0,"gold_gain":0,"player_choice":"Ignored","damage_taken":0,"max_hp_gain":0,"max_hp_loss":0,"event_name":"Mysterious Sphere","floor":48,"gold_loss":0}],"is_beta":false,"boss_relics":[{"not_picked":["White Beast Statue","Astrolabe"],"picked":"Busted Crown"},{"not_picked":["Snecko Eye","Empty Cage"],"picked":"Ring of the Serpent"}],"items_purged_floors":[],"is_endless":false,"potions_floor_spawned":[1,6,14,16,19,24,35,47],"ascension_level":8}