{"gold_per_floor":[11,29,29,47,122,122,153,169,216,216,278,278,312,312,312,410,410,428,527,527,203,213,213,130,157,157,183,199,199,199,209,209,209],"floor_reached":33,"playtime":1415,"items_purged":["Strike_R"],"score":470,"play_id":"f15f99ab-e37e-488b-87a0-26e41c0c45d5","local_time":"20181202222302","is_ascension_mode":true,"campfire_choices":[{"data":"Havoc","floor":6,"key":"SMITH"},{"data":"Carnage","floor":10,"key":"SMITH"},{"data":"Sever Soul","floor":12,"key":"SMITH"},{"floor":15,"key":"REST"},{"data":"Havoc","floor":23,"key":"SMITH"},{"data":"Infernal Blade","floor":29,"key":"SMITH"},{"floor":32,"key":"REST"}],"neow_cost":"NO_GOLD","seed_source_timestamp":895250192682104,"circlet_count":0,"master_deck":["Strike_R","Strike_R+1","Strike_R","Strike_R+1","Defend_R","Defend_R","Defend_R","Defend_R","Bash","Havoc+1","Wild Strike","Carnage+1","Sever Soul+1","Infernal Blade+1","Shrug It Off","Shrug It Off","Offering","Power Through","Shrug It Off","Havoc+1","Second Wind+1","Impatience","Cleave","Evolve","Thunderclap+1","Battle Trance","True Grit+1"],"relics":["Burning Blood","Nunchaku","Question Card","PreservedInsect","Tiny Chest","Happy Flower","Sozu","MutagenicStrength","Bag of Marbles","Prayer Wheel","Juzu Bracelet","Blood Vial"],"potions_floor_usage":[16,18],"damage_taken":[{"damage":6,"enemies":"Cultist","floor":1,"turns":3},{"damage":7,"enemies":"Jaw Worm","floor":2,"turns":2},{"damage":0,"enemies":"2 Louse","floor":4,"turns":2},{"damage":30,"enemies":"Lagavulin","floor":7,"turns":5},{"damage":6,"enemies":"2 Fungi Beasts","floor":8,"turns":3},{"damage":16,"enemies":"Gremlin Nob","floor":11,"turns":3},{"damage":12,"enemies":"Lagavulin","floor":13,"turns":3},{"damage":0,"enemies":"Slime Boss","floor":16,"turns":4},{"damage":12,"enemies":"3 Byrds","floor":18,"turns":4},{"damage":6,"enemies":"Chosen","floor":22,"turns":2},{"damage":6,"enemies":"Gremlin Leader","floor":25,"turns":5},{"damage":25,"enemies":"Slavers","floor":27,"turns":3},{"damage":7,"enemies":"Shelled Parasite and Fungi","floor":28,"turns":3},{"damage":17,"enemies":"Sentry and Sphere","floor":31,"turns":4},{"damage":50,"enemies":"Automaton","floor":33,"turns":6}],"seed_played":"1867394095222289897","potions_obtained":[{"floor":1,"key":"GamblersBrew"},{"floor":7,"key":"Fire Potion"},{"floor":13,"key":"Dexterity Potion"},{"floor":16,"key":"Regen Potion"}],"is_trial":false,"path_per_floor":["M","M","$","M","?","R","E","M","T","R","E","R","E","?","R","B",null,"M","?","?","$","M","R","$","E","T","E","M","R","?","M","R","B"],"character_chosen":"IRONCLAD","items_purchased":["Shrug It Off","Bag of Marbles","Havoc","Impatience"],"campfire_rested":2,"item_purchase_floors":[21,21,21,24],"current_hp_per_floor":[80,79,79,80,69,69,45,45,45,45,35,35,29,13,37,43,71,65,65,65,65,65,65,65,65,65,46,47,47,32,23,48,0],"gold":209,"neow_bonus":"ONE_RARE_RELIC","is_prod":false,"is_daily":false,"chose_seed":false,"campfire_upgraded":5,"win_rate":0,"timestamp":1543810982,"path_taken":["M","?","$","M","?","R","E","M","T","R","E","R","E","?","R","BOSS","M","?","?","$","M","R","$","E","T","E","M","R","?","M","R","BOSS"],"build_version":"2018-11-15","purchased_purges":1,"victory":false,"max_hp_per_floor":[80,80,80,80,80,80,80,80,80,80,80,80,80,80,80,80,80,80,80,80,80,80,80,80,80,80,80,80,80,85,85,85,85],"card_choices":[{"not_picked":["Dropkick","Body Slam"],"picked":"Havoc","floor":1},{"not_picked":["Dual Wield","Inflame"],"picked":"Wild Strike","floor":2},{"not_picked":["Armaments","Clash"],"picked":"Carnage","floor":4},{"not_picked":["Clothesline","Limit Break"],"picked":"Sever Soul","floor":7},{"not_picked":["Wild Strike","Body Slam","Sword Boomerang"],"picked":"Infernal Blade","floor":8},{"not_picked":["Heavy Blade","Body Slam","Iron Wave"],"picked":"Shrug It Off","floor":11},{"not_picked":["Corruption","Heavy Blade","Flame Barrier"],"picked":"Shrug It Off","floor":13},{"not_picked":["Brutality","Feed","Berserk"],"picked":"Offering","floor":16},{"not_picked":["Infernal Blade","Clothesline","Anger"],"picked":"Power Through","floor":18},{"not_picked":["Twin Strike","Havoc","Wild Strike"],"picked":"Second Wind+1","floor":22},{"not_picked":["Dropkick","Twin Strike","Thunderclap"],"picked":"Cleave","floor":25},{"not_picked":["Cleave+1","Bludgeon","Sever Soul+1"],"picked":"Evolve","floor":27},{"not_picked":["Anger+1","Clothesline","Wild Strike"],"picked":"Thunderclap+1","floor":28},{"not_picked":["Cleave","Heavy Blade","Armaments","Rampage+1"],"picked":"SKIP","floor":28},{"not_picked":["Armaments","Dropkick","Flex"],"picked":"Battle Trance","floor":31},{"not_picked":["Hemokinesis","Metallicize","Impervious"],"picked":"True Grit+1","floor":31}],"player_experience":629218,"relics_obtained":[{"floor":7,"key":"Question Card"},{"floor":9,"key":"PreservedInsect"},{"floor":11,"key":"Tiny Chest"},{"floor":13,"key":"Happy Flower"},{"floor":25,"key":"Prayer Wheel"},{"floor":26,"key":"Juzu Bracelet"},{"floor":27,"key":"Blood Vial"}],"event_choices":[{"damage_healed":0,"gold_gain":75,"player_choice":"Gather Gold","damage_taken":11,"max_hp_gain":0,"max_hp_loss":0,"event_name":"World of Goop","floor":5,"gold_loss":0},{"damage_healed":0,"gold_gain":0,"player_choice":"Entered Light","damage_taken":16,"max_hp_gain":0,"max_hp_loss":0,"event_name":"Shining Light","floor":14,"gold_loss":0,"cards_upgraded":["Strike_R","Strike_R"]},{"damage_healed":0,"gold_gain":99,"player_choice":"Stole From Cult","damage_taken":0,"max_hp_gain":0,"max_hp_loss":0,"event_name":"Nest","floor":19,"gold_loss":0},{"damage_healed":0,"gold_gain":0,"player_choice":"Inject Mutagens","damage_taken":0,"relics_obtained":["MutagenicStrength"],"max_hp_gain":0,"max_hp_loss":0,"event_name":"Drug Dealer","floor":20,"gold_loss":0},{"damage_healed":0,"gold_gain":0,"player_choice":"Shed Blood","damage_taken":20,"max_hp_gain":5,"max_hp_loss":0,"event_name":"Forgotten Altar","floor":30,"gold_loss":0}],"is_beta":false,"boss_relics":[{"not_picked":["Runic Cube","Astrolabe"],"picked":"Sozu"}],"items_purged_floors":[21],"is_endless":false,"potions_floor_spawned":[1,7,13,16,18,22,27],"killed_by":"Automaton","ascension_level":5}