{"gold_per_floor":[112,36,56,74,85,85,110,129,129,129,129,156,156,172,172,172],"floor_reached":16,"playtime":943,"items_purged":[],"score":157,"play_id":"1237e35a-550e-48e3-b12a-1acdfa337f14","local_time":"20191006005417","is_ascension_mode":true,"campfire_choices":[{"data":"Zap","floor":6,"key":"SMITH"},{"data":"Sunder","floor":11,"key":"SMITH"},{"floor":13,"key":"REST"},{"data":"Redo","floor":15,"key":"SMITH"}],"neow_cost":"PERCENT_DAMAGE","seed_source_timestamp":169167337015900,"circlet_count":0,"master_deck":["Strike_B","Strike_B","Strike_B","Strike_B","Defend_B","Defend_B","Defend_B","Defend_B","Zap+1","Dualcast","Capacitor","Reinforced Body","Sunder+1","Barrage","Leap","Parasite","Leap","Redo+1"],"relics":["Cracked Core","Ginger","Singing Bowl","Ornamental Fan","WingedGreaves"],"potions_floor_usage":[5,8,16,16],"damage_taken":[{"damage":7,"enemies":"Jaw Worm","floor":1,"turns":3},{"damage":0,"enemies":"2 Louse","floor":3,"turns":3},{"damage":0,"enemies":"Small Slimes","floor":4,"turns":3},{"damage":1,"enemies":"3 Louse","floor":5,"turns":3},{"damage":28,"enemies":"Gremlin Nob","floor":7,"turns":4},{"damage":1,"enemies":"Gremlin Gang","floor":8,"turns":4},{"damage":31,"enemies":"3 Sentries","floor":12,"turns":6},{"damage":2,"enemies":"Exordium Wildlife","floor":14,"turns":4},{"damage":25,"enemies":"The Guardian","floor":16,"turns":14}],"seed_played":"-6578888888121334253","potions_obtained":[{"floor":4,"key":"Block Potion"},{"floor":5,"key":"Energy Potion"},{"floor":7,"key":"Weak Potion"},{"floor":8,"key":"Strength Potion"}],"is_trial":false,"path_per_floor":["M","$","M","M","M","R","E","M","T","?","R","E","R","M","R","B"],"character_chosen":"DEFECT","items_purchased":["Reinforced Body"],"campfire_rested":1,"item_purchase_floors":[2],"current_hp_per_floor":[43,43,43,43,42,42,14,15,15,34,34,3,26,24,24,0],"gold":172,"neow_bonus":"ONE_RARE_RELIC","is_prod":false,"is_daily":false,"chose_seed":false,"campfire_upgraded":3,"win_rate":0,"timestamp":1570341257,"path_taken":["M","$","M","M","M","R","E","M","T","?","R","E","R","M","R","BOSS"],"build_version":"2019-07-17","purchased_purges":0,"victory":false,"max_hp_per_floor":[75,75,75,75,75,75,75,77,77,77,77,77,77,77,77,77],"card_choices":[{"not_picked":["Sweeping Beam","Loop"],"picked":"Capacitor","floor":1},{"not_picked":["Fusion","Force Field"],"picked":"Sunder","floor":3},{"not_picked":["Sweeping Beam","Chill","Scrape"],"picked":"SKIP","floor":4},{"not_picked":["Compile Driver","Rip and Tear"],"picked":"Barrage","floor":5},{"not_picked":["Steam","Compile Driver"],"picked":"Leap","floor":7},{"not_picked":["Lockon","Sunder","Chill"],"picked":"Singing Bowl","floor":8},{"not_picked":["Sweeping Beam","Streamline"],"picked":"Leap","floor":12},{"not_picked":["Steam","Hyperbeam"],"picked":"Redo","floor":14}],"player_experience":793296,"relics_obtained":[{"floor":7,"key":"Singing Bowl"},{"floor":9,"key":"Ornamental Fan"},{"floor":12,"key":"WingedGreaves"}],"event_choices":[{"damage_healed":19,"gold_gain":0,"player_choice":"Healed and dodged fight","damage_taken":0,"max_hp_gain":0,"max_hp_loss":0,"event_name":"Mushrooms","floor":10,"gold_loss":0,"cards_obtained":["Parasite"]}],"is_beta":false,"boss_relics":[],"items_purged_floors":[],"is_endless":false,"potions_floor_spawned":[4,5,7,8],"killed_by":"The Guardian","ascension_level":8}