{"gold_per_floor":[109,127,143,60,38,38,71,101,127,127,145,159,159],"floor_reached":13,"playtime":909,"items_purged":[],"score":106,"play_id":"d44f31a8-cd0b-4581-ac33-ef3e945b5875","local_time":"20181220211934","is_ascension_mode":true,"campfire_choices":[{"data":"Fusion","floor":6,"key":"SMITH"},{"floor":10,"key":"REST"}],"neow_cost":"NONE","seed_source_timestamp":759223643371711,"circlet_count":0,"master_deck":["Strike_B","Strike_B","Strike_B","Strike_B","Defend_B","Defend_B","Defend_B","Defend_B","Zap","Dualcast","Leap","Glacier","Fusion+1","Leap","Finesse","Self Repair","Stack","Cold Snap","Fusion"],"relics":["Cracked Core","Vajra","Odd Mushroom","Oddly Smooth Stone"],"potions_floor_usage":[7,8],"damage_taken":[{"damage":2,"enemies":"Jaw Worm","floor":1,"turns":4},{"damage":2,"enemies":"Small Slimes","floor":2,"turns":5},{"damage":0,"enemies":"2 Louse","floor":3,"turns":3},{"damage":36,"enemies":"Gremlin Nob","floor":7,"turns":4},{"damage":15,"enemies":"The Mushroom Lair","floor":8,"turns":5},{"damage":20,"enemies":"Lots of Slimes","floor":11,"turns":3},{"damage":4,"enemies":"Red Slaver","floor":12,"turns":3},{"damage":29,"enemies":"Lagavulin","floor":13,"turns":13}],"seed_played":"-3383068800546865659","potions_obtained":[{"floor":1,"key":"GamblersBrew"},{"floor":3,"key":"Explosive Potion"},{"floor":7,"key":"Energy Potion"},{"floor":11,"key":"FearPotion"}],"is_trial":false,"path_per_floor":["M","M","M","$","?","R","E","?","T","R","M","M","E"],"character_chosen":"DEFECT","items_purchased":["Finesse"],"campfire_rested":1,"item_purchase_floors":[4],"current_hp_per_floor":[73,71,71,71,71,71,35,20,20,42,22,25,0],"gold":159,"neow_bonus":"THREE_CARDS","is_prod":false,"is_daily":false,"chose_seed":false,"campfire_upgraded":1,"win_rate":0,"timestamp":1545362374,"path_taken":["M","M","M","$","?","R","E","?","T","R","M","M","E"],"build_version":"2018-12-06","purchased_purges":0,"victory":false,"max_hp_per_floor":[75,75,75,75,75,75,75,75,75,75,75,75,75],"card_choices":[{"not_picked":["Recycle","Compile Driver"],"picked":"Leap","floor":0},{"not_picked":["Sweeping Beam","BootSequence"],"picked":"Glacier","floor":1},{"not_picked":["Rip and Tear","Compile Driver"],"picked":"Fusion","floor":2},{"not_picked":["Redo","Coolheaded"],"picked":"Leap","floor":3},{"not_picked":["Fission","Hologram"],"picked":"Self Repair","floor":7},{"not_picked":["Gash","Streamline"],"picked":"Stack","floor":8},{"not_picked":["Chill","Gash"],"picked":"Cold Snap","floor":11},{"not_picked":["Cold Snap","Redo"],"picked":"Fusion","floor":12}],"player_experience":652264,"relics_obtained":[{"floor":7,"key":"Vajra"},{"floor":8,"key":"Odd Mushroom"},{"floor":9,"key":"Oddly Smooth Stone"}],"event_choices":[{"damage_healed":0,"gold_gain":0,"player_choice":"Left Gold","damage_taken":0,"max_hp_gain":0,"max_hp_loss":0,"event_name":"World of Goop","floor":5,"gold_loss":22},{"damage_healed":0,"gold_gain":0,"player_choice":"Fought Mushrooms","damage_taken":0,"max_hp_gain":0,"max_hp_loss":0,"event_name":"Mushrooms","floor":8,"gold_loss":0}],"is_beta":false,"boss_relics":[],"items_purged_floors":[],"is_endless":false,"potions_floor_spawned":[1,3,7,11],"killed_by":"Lagavulin","ascension_level":5}