{"gold_per_floor":[16,16,36,36,50,50,75,93,93,126,126,126,24,24,24,24],"floor_reached":16,"playtime":832,"items_purged":["Defend_R"],"score":119,"play_id":"9bb75803-eb4a-4123-9b27-4dad34818202","local_time":"20181003185957","is_ascension_mode":true,"campfire_choices":[{"data":"Defend_R","floor":6,"key":"SMITH"},{"data":"Strike_R","floor":11,"key":"PURGE"},{"floor":15,"key":"REST"}],"neow_cost":"NO_GOLD","seed_source_timestamp":1213804375246370,"circlet_count":0,"master_deck":["Strike_R","Strike_R","Defend_R+1","Defend_R","Defend_R","Bash+1","Flex","Clothesline","Carnage","Shrug It Off","Heavy Blade"],"relics":["Burning Blood","Ancient Tea Set","Mummified Hand","Peace Pipe","WingedGreaves","Boot"],"potions_floor_usage":[7,10,16],"damage_taken":[{"damage":5,"enemies":"2 Louse","floor":1,"turns":4},{"damage":1,"enemies":"Cultist","floor":3,"turns":3},{"damage":7,"enemies":"Jaw Worm","floor":5,"turns":3},{"damage":20,"enemies":"Gremlin Nob","floor":7,"turns":4},{"damage":14,"enemies":"Exordium Wildlife","floor":8,"turns":4},{"damage":26,"enemies":"Lagavulin","floor":10,"turns":8},{"damage":52,"enemies":"The Guardian","floor":16,"turns":13}],"seed_played":"542809211874375918","potions_obtained":[{"floor":5,"key":"Ancient Potion"},{"floor":7,"key":"Dexterity Potion"},{"floor":8,"key":"SteroidPotion"}],"is_trial":false,"path_per_floor":["M","?","M","$","M","R","E","M","T","E","R","T","$","?","R"],"character_chosen":"IRONCLAD","items_purchased":["Heavy Blade"],"campfire_rested":1,"item_purchase_floors":[13],"current_hp_per_floor":[80,80,80,80,79,79,65,57,57,37,37,37,37,25,49,0],"gold":24,"neow_bonus":"REMOVE_TWO","is_prod":false,"is_daily":false,"chose_seed":false,"campfire_upgraded":1,"win_rate":0,"timestamp":1538611197,"path_taken":["M","?","M","$","M","R","E","M","T","E","R","?","$","?","R","BOSS"],"build_version":"2018-09-27","purchased_purges":1,"victory":false,"max_hp_per_floor":[80,80,80,80,80,80,80,80,80,80,80,80,80,80,80,80],"card_choices":[{"not_picked":["Intimidate","Anger"],"picked":"Flex","floor":1},{"not_picked":["Shrug It Off","Twin Strike"],"picked":"Clothesline","floor":3},{"not_picked":["Blood for Blood","Flex","Corruption"],"picked":"SKIP","floor":5},{"not_picked":["Evolve","Feel No Pain"],"picked":"Carnage","floor":7},{"not_picked":["Seeing Red","Power Through","Sword Boomerang"],"picked":"SKIP","floor":8},{"not_picked":["Headbutt","Heavy Blade"],"picked":"Shrug It Off","floor":10}],"player_experience":359709,"relics_obtained":[{"floor":7,"key":"Ancient Tea Set"},{"floor":9,"key":"Mummified Hand"},{"floor":10,"key":"Peace Pipe"},{"floor":12,"key":"WingedGreaves"}],"event_choices":[{"event_name":"Upgrade Shrine","player_choice":"Upgraded","floor":2,"damage_taken":0},{"event_name":"Scrap Ooze","player_choice":"success","floor":14,"damage_taken":12}],"is_beta":false,"boss_relics":[],"items_purged_floors":[13],"is_endless":false,"potions_floor_spawned":[5,7,8],"killed_by":"The Guardian","ascension_level":2}