{"gold_per_floor":[12,26,26,40,40,78,78,78,78,78,122,87,87,101,101,227,290,283,283,283,283,188,221,242,242,242,242,257,276,297,333,333,459,459,484,499,522,522,543,543,561,561],"floor_reached":42,"playtime":3303,"items_purged":[],"score":518,"play_id":"1226a1dd-6cdc-482c-85b5-c9efe8c3c420","local_time":"20181104204809","is_ascension_mode":true,"campfire_choices":[{"floor":7,"key":"REST"},{"floor":10,"key":"REST"},{"floor":13,"key":"REST"},{"data":"Defragment","floor":15,"key":"SMITH"},{"data":"Dualcast","floor":25,"key":"SMITH"},{"data":"Leap","floor":27,"key":"SMITH"},{"floor":32,"key":"REST"},{"floor":40,"key":"REST"}],"neow_cost":"NO_GOLD","seed_source_timestamp":1017875705933222,"circlet_count":0,"master_deck":["Defend_B","Defend_B","Defend_B","Defend_B","Zap+1","Dualcast+1","Fission+1","Leap+1","Coolheaded","Injury","Machine Learning","Steam+1","Defragment+1","Ball Lightning","Electrodynamics","Reinforced Body+1","Auto Shields+1","Bite","Bite","Bite","Bite","Bite","Glacier+1","Redo+1","Conserve Battery+1","Cold Snap+1","Cold Snap+1","Redo+1","Rainbow+1","Doom and Gloom","Tempest+1","Echo Form","Undo+1"],"relics":["Cracked Core","Golden Idol","Strawberry","Bottled Lightning","Toxic Egg 2","Tiny House","Shuriken","Turnip","Question Card","Unceasing Top","Sozu"],"potions_floor_usage":[16,18,23,29,33,41,42],"damage_taken":[{"damage":4,"enemies":"Jaw Worm","floor":1,"turns":3},{"damage":0,"enemies":"2 Louse","floor":2,"turns":4},{"damage":0,"enemies":"Small Slimes","floor":4,"turns":5},{"damage":52,"enemies":"Lagavulin","floor":6,"turns":11},{"damage":26,"enemies":"Gremlin Nob","floor":11,"turns":5},{"damage":7,"enemies":"Blue Slaver","floor":14,"turns":4},{"damage":31,"enemies":"Slime Boss","floor":16,"turns":10},{"damage":7,"enemies":"2 Thieves","floor":18,"turns":4},{"damage":20,"enemies":"Book of Stabbing","floor":23,"turns":7},{"damage":0,"enemies":"Shell Parasite","floor":24,"turns":9},{"damage":0,"enemies":"Cultist and Chosen","floor":28,"turns":7},{"damage":1,"enemies":"Shelled Parasite and Fungi","floor":29,"turns":10},{"damage":5,"enemies":"Chosen and Byrds","floor":30,"turns":8},{"damage":25,"enemies":"Slavers","floor":31,"turns":4},{"damage":32,"enemies":"Collector","floor":33,"turns":16},{"damage":0,"enemies":"3 Shapes","floor":35,"turns":5},{"damage":0,"enemies":"Orb Walker","floor":36,"turns":4},{"damage":26,"enemies":"Transient","floor":37,"turns":5},{"damage":17,"enemies":"3 Darklings","floor":39,"turns":3},{"damage":24,"enemies":"Spire Growth","floor":41,"turns":5},{"damage":45,"enemies":"Transient","floor":42,"turns":5}],"seed_played":"3730120000526517703","potions_obtained":[{"floor":4,"key":"Energy Potion"},{"floor":6,"key":"Strength Potion"},{"floor":11,"key":"Strength Potion"},{"floor":17,"key":"Block Potion"},{"floor":28,"key":"Explosive Potion"},{"floor":29,"key":"LiquidBronze"},{"floor":30,"key":"LiquidBronze"},{"floor":33,"key":"SpeedPotion"}],"is_trial":false,"path_per_floor":["M","M","$","M","?","E","R","?","T","R","E","$","R","M","R","B",null,"M","?","T","?","$","E","M","R","T","R","M","M","M","E","R","B",null,"M","M","M","?","M","R","M","M"],"character_chosen":"DEFECT","items_purchased":["Defragment","Glacier+1","Redo+1"],"campfire_rested":5,"item_purchase_floors":[12,22,22],"current_hp_per_floor":[71,71,71,71,71,26,50,50,50,74,48,48,72,65,65,34,87,80,80,80,60,60,42,60,60,60,60,60,60,60,39,57,49,60,60,60,34,34,19,37,15,0],"gold":561,"neow_bonus":"THREE_RARE_CARDS","is_prod":false,"is_daily":false,"chose_seed":false,"campfire_upgraded":3,"win_rate":0,"timestamp":1541386089,"path_taken":["M","M","$","M","?","E","R","?","T","R","E","?","R","M","R","BOSS","M","?","?","?","?","E","M","R","T","R","M","M","M","E","R","BOSS","M","M","M","?","?","R","M","M"],"build_version":"2018-11-01","purchased_purges":0,"victory":false,"max_hp_per_floor":[75,75,75,75,75,82,82,82,82,82,82,82,82,82,82,82,87,87,87,87,60,60,60,60,60,60,60,60,60,60,60,60,60,60,60,60,60,60,60,60,60,60],"card_choices":[{"not_picked":["Buffer","Thunder Strike"],"picked":"Fission","floor":0},{"not_picked":["Gash","Hologram"],"picked":"Leap","floor":1},{"not_picked":["Redo","Undo"],"picked":"Coolheaded","floor":2},{"not_picked":["Consume","Go for the Eyes","Beam Cell"],"picked":"SKIP","floor":4},{"not_picked":["Beam Cell","Steam"],"picked":"Machine Learning","floor":6},{"not_picked":["Thunder Strike","Stack"],"picked":"Steam","floor":11},{"not_picked":["Stack+1","Rebound"],"picked":"Ball Lightning","floor":14},{"not_picked":["All For One","Buffer"],"picked":"Electrodynamics","floor":16},{"not_picked":["Cold Snap","Barrage"],"picked":"Reinforced Body+1","floor":17},{"not_picked":["Heatsinks","Coolheaded+1","Steam Power+1"],"picked":"SKIP","floor":18},{"not_picked":["Ball Lightning+1","Leap+1"],"picked":"Conserve Battery+1","floor":23},{"not_picked":["Go for the Eyes+1","Meteor Strike","Conserve Battery+1"],"picked":"SKIP","floor":24},{"not_picked":["Skim+1","Stack+1","Leap+1"],"picked":"Cold Snap","floor":28},{"not_picked":["Conserve Battery+1","Sweeping Beam","Gash"],"picked":"Cold Snap+1","floor":29},{"not_picked":["Coolheaded+1","Reinforced Body+1","Turbo+1","Aggregate+1"],"picked":"SKIP","floor":30},{"not_picked":["Electrodynamics","Recycle+1","Leap+1"],"picked":"Redo+1","floor":31},{"not_picked":["Hyperbeam","Fission+1","Core Surge"],"picked":"Rainbow+1","floor":33},{"not_picked":["Storm+1","Gash+1","Cold Snap"],"picked":"Doom and Gloom","floor":35},{"not_picked":["Cold Snap","Undo+1","Hologram+1"],"picked":"Tempest+1","floor":36},{"not_picked":["Rebound+1","Conserve Battery+1","Scrape+1","Streamline+1"],"picked":"SKIP","floor":37},{"not_picked":["Go for the Eyes","Hologram+1","Coolheaded+1"],"picked":"Echo Form","floor":39},{"not_picked":["Compile Driver","Stack+1","Coolheaded+1"],"picked":"Undo+1","floor":41}],"player_experience":496463,"relics_obtained":[{"floor":6,"key":"Strawberry"},{"floor":9,"key":"Bottled Lightning"},{"floor":11,"key":"Toxic Egg 2"},{"floor":20,"key":"Shuriken"},{"floor":23,"key":"Turnip"},{"floor":26,"key":"Question Card"},{"floor":31,"key":"Unceasing Top"}],"event_choices":[{"damage_healed":0,"gold_gain":0,"player_choice":"Take Wound","damage_taken":0,"relics_obtained":["Golden Idol"],"max_hp_gain":0,"max_hp_loss":0,"event_name":"Golden Idol","floor":5,"gold_loss":0,"cards_obtained":["Injury"]},{"damage_healed":0,"gold_gain":0,"player_choice":"Grow","damage_taken":0,"max_hp_gain":0,"max_hp_loss":0,"event_name":"Living Wall","floor":8,"gold_loss":0,"cards_upgraded":["Zap"]},{"damage_healed":0,"gold_gain":0,"player_choice":"Read","damage_taken":0,"max_hp_gain":0,"max_hp_loss":0,"event_name":"The Library","floor":19,"gold_loss":0,"cards_obtained":["Auto Shields"]},{"damage_healed":0,"gold_gain":0,"player_choice":"Became a vampire","damage_taken":0,"max_hp_gain":0,"max_hp_loss":27,"event_name":"Vampires","floor":21,"gold_loss":0,"cards_obtained":["Bite","Bite","Bite","Bite","Bite"]},{"damage_healed":0,"gold_gain":0,"player_choice":"Forge","damage_taken":0,"max_hp_gain":0,"max_hp_loss":0,"event_name":"Accursed Blacksmith","floor":38,"gold_loss":0,"cards_upgraded":["Cold Snap"]}],"is_beta":false,"boss_relics":[{"not_picked":["Calling Bell","Runic Pyramid"],"picked":"Tiny House"},{"not_picked":["Lizard Tail","Orrery"],"picked":"Sozu"}],"items_purged_floors":[],"is_endless":false,"potions_floor_spawned":[4,6,11,28,29,30,33,35,41],"killed_by":"Transient","ascension_level":2}