{"gold_per_floor":[109,109,120,220,234,265,265,280,304,315,332,342,356,356,356,452,452,468,468,567,33,33,33,33],"floor_reached":24,"playtime":1681,"items_purged":[],"score":267,"play_id":"ac66ce8e-5d43-45d0-8136-1263e2d8d1fc","local_time":"20190120002003","is_ascension_mode":true,"campfire_choices":[{"floor":7,"key":"REST"},{"data":"Glacier","floor":15,"key":"SMITH"},{"data":"Conserve Battery","floor":23,"key":"SMITH"}],"neow_cost":"NONE","seed_source_timestamp":11758080229657,"circlet_count":0,"master_deck":["Strike_B","Strike_B","Strike_B","Strike_B","Defend_B","Defend_B","Defend_B","Defend_B","Zap","Dualcast","Self Repair","Conserve Battery+1","Stack","Rebound","Glacier+1","Streamline","Redo","Core Surge","J.A.X.","Leap","Melter","Meteor Strike"],"relics":["Cracked Core","NeowsBlessing","GremlinMask","Orichalcum","Happy Flower","Inserter","FossilizedHelix","Molten Egg 2"],"potions_floor_usage":[6,8,24,24],"damage_taken":[{"damage":0,"enemies":"2 Louse","floor":1,"turns":1},{"damage":0,"enemies":"Cultist","floor":3,"turns":1},{"damage":0,"enemies":"Small Slimes","floor":5,"turns":1},{"damage":64,"enemies":"Lagavulin","floor":6,"turns":9},{"damage":32,"enemies":"Gremlin Gang","floor":8,"turns":7},{"damage":0,"enemies":"Large Slime","floor":10,"turns":5},{"damage":0,"enemies":"3 Louse","floor":11,"turns":6},{"damage":0,"enemies":"Looter","floor":12,"turns":4},{"damage":3,"enemies":"Exordium Wildlife","floor":13,"turns":5},{"damage":56,"enemies":"Slime Boss","floor":16,"turns":18},{"damage":17,"enemies":"Spheric Guardian","floor":18,"turns":12},{"damage":66,"enemies":"Gremlin Leader","floor":24,"turns":8}],"seed_played":"970299654638984577","potions_obtained":[{"floor":1,"key":"EssenceOfSteel"},{"floor":5,"key":"Explosive Potion"},{"floor":11,"key":"SteroidPotion"},{"floor":12,"key":"Energy Potion"},{"floor":16,"key":"Explosive Potion"}],"is_trial":false,"path_per_floor":["M","?","M","?","M","E","R","M","T","M","M","M","M","?","R","B",null,"M","?","?","$","T","R","E"],"character_chosen":"DEFECT","items_purchased":["Leap","FossilizedHelix","Melter","Meteor Strike"],"campfire_rested":1,"item_purchase_floors":[21,21,21,21],"current_hp_per_floor":[68,68,68,68,68,11,33,8,8,15,22,29,33,58,58,9,59,49,49,49,49,49,49,0],"gold":33,"neow_bonus":"THREE_ENEMY_KILL","is_prod":false,"is_daily":false,"chose_seed":false,"campfire_upgraded":2,"win_rate":0,"timestamp":1547965203,"path_taken":["M","?","?","?","M","E","R","M","T","M","M","?","M","?","R","BOSS","M","?","?","$","?","R","E"],"build_version":"2019-01-17v2","purchased_purges":0,"victory":false,"max_hp_per_floor":[75,75,75,75,75,75,75,75,75,75,75,75,75,75,75,75,75,75,75,75,75,75,75,75],"card_choices":[{"not_picked":["FTL","Double Energy"],"picked":"Self Repair","floor":1},{"not_picked":["Gash","Storm","Steam"],"picked":"SKIP","floor":3},{"not_picked":["Sweeping Beam","Reprogram"],"picked":"Conserve Battery","floor":5},{"not_picked":["Consume","Recycle"],"picked":"Stack","floor":6},{"not_picked":["Coolheaded","Reprogram"],"picked":"Rebound","floor":8},{"not_picked":["Go for the Eyes","Tempest"],"picked":"Glacier","floor":10},{"not_picked":["Sweeping Beam","BootSequence"],"picked":"Streamline","floor":11},{"not_picked":["Barrage","Go for the Eyes"],"picked":"Redo","floor":12},{"not_picked":["Streamline","Go for the Eyes","Blizzard"],"picked":"SKIP","floor":13},{"not_picked":["Biased Cognition","Seek"],"picked":"Core Surge","floor":16},{"not_picked":["Go for the Eyes","Double Energy","Hologram"],"picked":"SKIP","floor":18}],"player_experience":678080,"relics_obtained":[{"floor":6,"key":"Orichalcum"},{"floor":9,"key":"Happy Flower"},{"floor":22,"key":"Molten Egg 2"}],"event_choices":[{"damage_healed":0,"gold_gain":0,"player_choice":"Trade","damage_taken":0,"relics_obtained":["GremlinMask"],"max_hp_gain":0,"max_hp_loss":0,"event_name":"FaceTrader","floor":2,"gold_loss":0},{"damage_healed":0,"gold_gain":100,"player_choice":"Gold","damage_taken":0,"max_hp_gain":0,"max_hp_loss":0,"event_name":"Wheel of Change","floor":4,"gold_loss":0},{"damage_healed":25,"gold_gain":0,"player_choice":"Banana","damage_taken":0,"max_hp_gain":0,"max_hp_loss":0,"event_name":"Big Fish","floor":14,"gold_loss":0},{"damage_healed":0,"gold_gain":0,"player_choice":"Obtain J.A.X.","damage_taken":0,"max_hp_gain":0,"max_hp_loss":0,"event_name":"Drug Dealer","floor":19,"gold_loss":0,"cards_obtained":["J.A.X."]},{"damage_healed":0,"gold_gain":99,"player_choice":"Stole From Cult","damage_taken":0,"max_hp_gain":0,"max_hp_loss":0,"event_name":"Nest","floor":20,"gold_loss":0}],"is_beta":false,"boss_relics":[{"not_picked":["White Beast Statue","Snecko Eye"],"picked":"Inserter"}],"items_purged_floors":[],"is_endless":false,"potions_floor_spawned":[1,5,11,12,16,18],"killed_by":"Gremlin Leader","ascension_level":7}