{"gold_per_floor":[110,128,148,37,53,53,70,70,70,82,82,42,42,61,61,157,157,170,186,11,110,121,121,121,70,70,70,70,85,102,121,121,225,225,238,258,63,63],"floor_reached":38,"playtime":3214,"items_purged":["Strike_G","Strike_G"],"score":593,"play_id":"e0aa0412-786c-4d5f-b2ef-1f4d193d6bcf","local_time":"20191019140100","is_ascension_mode":true,"campfire_choices":[{"data":"Burst","floor":6,"key":"SMITH"},{"data":"Noxious Fumes","floor":8,"key":"SMITH"},{"data":"Masterful Stab","floor":13,"key":"SMITH"},{"floor":15,"key":"REST"},{"data":"Footwork","floor":24,"key":"SMITH"},{"data":"Bouncing Flask","floor":28,"key":"SMITH"},{"floor":32,"key":"REST"}],"neow_cost":"NONE","seed_source_timestamp":407808472537100,"circlet_count":0,"master_deck":["AscendersBane","Strike_G","Strike_G","Strike_G+1","Defend_G","Defend_G","Defend_G+1","Defend_G","Survivor","Neutralize","Dagger Spray","Masterful Stab+1","Noxious Fumes+1","Infinite Blades","Burst+1","Calculated Gamble","Bouncing Flask+1","Bane","Corpse Explosion","Footwork+1","Deflect","Crippling Poison","Well Laid Plans","Cloak And Dagger","Envenom","Noxious Fumes+1"],"relics":["Ring of the Serpent","Omamori","Blue Candle","Sozu","Frozen Eye"],"potions_floor_usage":[5,16,29,31,31,33,38],"damage_taken":[{"damage":1,"enemies":"Small Slimes","floor":1,"turns":4},{"damage":0,"enemies":"Jaw Worm","floor":2,"turns":5},{"damage":0,"enemies":"Cultist","floor":3,"turns":3},{"damage":1,"enemies":"Exordium Thugs","floor":5,"turns":4},{"damage":3,"enemies":"Blue Slaver","floor":7,"turns":4},{"damage":7,"enemies":"3 Louse","floor":10,"turns":3},{"damage":2,"enemies":"Large Slime","floor":14,"turns":5},{"damage":25,"enemies":"Slime Boss","floor":16,"turns":9},{"damage":15,"enemies":"Shell Parasite","floor":18,"turns":6},{"damage":6,"enemies":"3 Byrds","floor":19,"turns":3},{"damage":6,"enemies":"Centurion and Healer","floor":22,"turns":6},{"damage":27,"enemies":"Snecko","floor":29,"turns":5},{"damage":3,"enemies":"Chosen and Byrds","floor":30,"turns":5},{"damage":5,"enemies":"Shelled Parasite and Fungi","floor":31,"turns":6},{"damage":23,"enemies":"Collector","floor":33,"turns":10},{"damage":17,"enemies":"Orb Walker","floor":35,"turns":5},{"damage":12,"enemies":"3 Darklings","floor":36,"turns":4},{"damage":41,"enemies":"Transient","floor":38,"turns":3}],"seed_played":"-6478643387869959670","potions_obtained":[{"floor":3,"key":"PowerPotion"},{"floor":5,"key":"Fruit Juice"},{"floor":14,"key":"EssenceOfSteel"},{"floor":16,"key":"Ancient Potion"},{"floor":22,"key":"EssenceOfSteel"},{"floor":30,"key":"Swift Potion"},{"floor":33,"key":"Fire Potion"}],"is_trial":false,"path_per_floor":["M","M","M","$","M","R","M","R","T","M","?","?","R","M","R","B",null,"M","M","$","?","M","?","R","$","T","$","R","M","M","M","R","B",null,"M","M","$","M"],"character_chosen":"THE_SILENT","items_purchased":["Infinite Blades","Footwork","Deflect","Frozen Eye"],"campfire_rested":2,"item_purchase_floors":[4,20,25,37],"current_hp_per_floor":[62,62,62,62,66,66,63,63,63,56,41,41,41,39,61,36,65,50,44,44,44,38,38,38,38,38,38,38,11,8,3,25,2,57,40,28,28,0],"gold":63,"neow_bonus":"REMOVE_CARD","is_prod":false,"is_daily":false,"chose_seed":false,"campfire_upgraded":5,"win_rate":0,"timestamp":1571511660,"path_taken":["M","M","M","$","M","R","M","R","T","M","?","?","R","M","R","BOSS","M","M","$","?","M","?","R","$","T","?","R","M","M","M","R","BOSS","M","M","$","?"],"build_version":"2019-07-17","purchased_purges":2,"victory":false,"max_hp_per_floor":[70,70,70,70,75,75,75,75,75,75,75,75,75,75,75,75,75,75,75,75,75,75,75,75,75,75,75,75,75,75,75,75,75,75,75,75,75,75],"card_choices":[{"not_picked":["Outmaneuver","Slice"],"picked":"Dagger Spray","floor":1},{"not_picked":["Accuracy","Deadly Poison"],"picked":"Masterful Stab","floor":2},{"not_picked":["Deadly Poison","Distraction"],"picked":"Noxious Fumes","floor":3},{"not_picked":["Blur","Tactician"],"picked":"Burst","floor":5},{"not_picked":["Slice","Reflex"],"picked":"Calculated Gamble","floor":7},{"not_picked":["Dagger Throw","Distraction"],"picked":"Bouncing Flask","floor":10},{"not_picked":["Dagger Spray","Acrobatics"],"picked":"Bane","floor":14},{"not_picked":["Envenom","Storm of Steel"],"picked":"Corpse Explosion","floor":16},{"not_picked":["Quick Slash","Blade Dance","Finisher"],"picked":"SKIP","floor":18},{"not_picked":["All Out Attack","Endless Agony","Prepared"],"picked":"SKIP","floor":19},{"not_picked":["Calculated Gamble","Flying Knee","Bane"],"picked":"SKIP","floor":22},{"not_picked":["Acrobatics","Prepared+1"],"picked":"Crippling Poison","floor":29},{"not_picked":["Infinite Blades","Dagger Throw+1"],"picked":"Well Laid Plans","floor":30},{"not_picked":["Bouncing Flask","Dagger Throw"],"picked":"Cloak And Dagger","floor":31},{"not_picked":["Unload","Corpse Explosion"],"picked":"Envenom","floor":33},{"not_picked":["Riddle With Holes","Dagger Throw"],"picked":"Noxious Fumes+1","floor":35},{"not_picked":["Prepared","Poisoned Stab+1","Acrobatics"],"picked":"SKIP","floor":36}],"player_experience":890748,"relics_obtained":[{"floor":9,"key":"Omamori"},{"floor":26,"key":"Blue Candle"}],"event_choices":[{"damage_healed":0,"gold_gain":0,"player_choice":"Entered Light","damage_taken":15,"max_hp_gain":0,"max_hp_loss":0,"event_name":"Shining Light","floor":11,"gold_loss":0,"cards_upgraded":["Defend_G","Strike_G"]},{"damage_healed":0,"gold_gain":0,"player_choice":"Left Gold","damage_taken":0,"max_hp_gain":0,"max_hp_loss":0,"event_name":"World of Goop","floor":12,"gold_loss":40},{"damage_healed":0,"gold_gain":99,"player_choice":"Stole From Cult","damage_taken":0,"max_hp_gain":0,"max_hp_loss":0,"event_name":"Nest","floor":21,"gold_loss":0},{"damage_healed":0,"gold_gain":0,"player_choice":"Ignored","damage_taken":0,"max_hp_gain":0,"max_hp_loss":0,"event_name":"Cursed Tome","floor":23,"gold_loss":0}],"is_beta":false,"boss_relics":[{"not_picked":["Calling Bell","Black Star"],"picked":"Ring of the Serpent"},{"not_picked":["Coffee Dripper","Snecko Eye"],"picked":"Sozu"}],"items_purged_floors":[4,20],"is_endless":false,"potions_floor_spawned":[3,5,14,16,22,30,33,35,36],"killed_by":"Transient","ascension_level":10}