{"gold_per_floor":[15,33,49,63,74,74,100,111,111,111,141,155,155,155,155,260,260,260,260,260,260,260,260,260,260,260,260,260,260,260,260,260,260],"floor_reached":33,"playtime":2055,"items_purged":[],"score":432,"play_id":"c48b0a67-1f00-479f-9654-d5d998e0944a","local_time":"20191027212948","is_ascension_mode":true,"campfire_choices":[{"data":"Thunderclap","floor":6,"key":"SMITH"},{"data":"Entrench","floor":10,"key":"SMITH"},{"floor":13,"key":"REST"},{"data":"True Grit","floor":15,"key":"SMITH"},{"data":"Double Tap","floor":23,"key":"SMITH"},{"floor":25,"key":"REST"},{"data":"Anger","floor":28,"key":"SMITH"},{"data":"Body Slam","floor":30,"key":"SMITH"},{"data":"Impervious","floor":32,"key":"SMITH"}],"neow_cost":"NO_GOLD","seed_source_timestamp":25742002383800,"circlet_count":0,"master_deck":["AscendersBane","Strike_R+1","Strike_R+1","Strike_R+1","Strike_R+1","Strike_R+1","Defend_R+1","Defend_R+1","Defend_R+1","Defend_R+1","Bash","Double Tap+1","Battle Trance","True Grit+1","Thunderclap+1","Shrug It Off","Twin Strike","Clothesline","Entrench+1","Anger+1","Shrug It Off","Impervious+1","Iron Wave","Second Wind+1","Disarm","Intimidate+1","Body Slam+1","Cleave"],"relics":["Burning Blood","Anchor","Matryoshka","Mummified Hand","Ectoplasm","Bronze Scales","Bottled Lightning","Juzu Bracelet"],"potions_floor_usage":[5,7,16,16],"damage_taken":[{"damage":7,"enemies":"2 Louse","floor":1,"turns":3},{"damage":7,"enemies":"Small Slimes","floor":2,"turns":4},{"damage":0,"enemies":"Cultist","floor":3,"turns":3},{"damage":12,"enemies":"Lots of Slimes","floor":4,"turns":2},{"damage":8,"enemies":"3 Louse","floor":5,"turns":3},{"damage":12,"enemies":"Gremlin Nob","floor":7,"turns":3},{"damage":25,"enemies":"Gremlin Gang","floor":8,"turns":5},{"damage":22,"enemies":"3 Sentries","floor":11,"turns":8},{"damage":1,"enemies":"Looter","floor":12,"turns":3},{"damage":64,"enemies":"Slime Boss","floor":16,"turns":12},{"damage":21,"enemies":"Spheric Guardian","floor":18,"turns":6},{"damage":6,"enemies":"Shell Parasite","floor":22,"turns":5},{"damage":34,"enemies":"3 Cultists","floor":24,"turns":7},{"damage":9,"enemies":"Book of Stabbing","floor":27,"turns":6},{"damage":6,"enemies":"Snake Plant","floor":29,"turns":3},{"damage":2,"enemies":"Centurion and Healer","floor":31,"turns":6},{"damage":68,"enemies":"Collector","floor":33,"turns":6}],"seed_played":"-9013927066899582386","potions_obtained":[{"floor":2,"key":"Poison Potion"},{"floor":3,"key":"AttackPotion"},{"floor":11,"key":"Swift Potion"},{"floor":12,"key":"BloodPotion"},{"floor":24,"key":"FairyPotion"},{"floor":27,"key":"SmokeBomb"}],"is_trial":false,"path_per_floor":["M","M","M","M","M","R","E","M","T","R","E","M","R","?","R","B",null,"M","$","?","?","M","R","M","R","T","E","R","M","R","M","R","B"],"character_chosen":"IRONCLAD","items_purchased":[],"campfire_rested":2,"item_purchase_floors":[],"current_hp_per_floor":[71,70,76,70,68,68,62,43,43,43,27,32,56,56,56,18,65,50,50,50,50,50,50,22,46,46,43,43,43,43,47,47,0],"gold":260,"neow_bonus":"THREE_RARE_CARDS","is_prod":false,"is_daily":false,"chose_seed":false,"campfire_upgraded":7,"win_rate":0,"timestamp":1572229788,"path_taken":["M","M","M","M","M","R","E","M","T","R","E","M","R","?","R","BOSS","M","$","?","?","M","R","M","R","T","E","R","M","R","M","R","BOSS"],"build_version":"2019-07-17","purchased_purges":0,"victory":false,"max_hp_per_floor":[80,80,80,80,80,80,80,80,80,80,80,80,80,80,80,80,80,80,80,80,80,80,80,80,80,80,80,80,80,80,80,80,80],"card_choices":[{"not_picked":["Impervious","Berserk"],"picked":"Double Tap","floor":0},{"not_picked":["Clothesline","Warcry"],"picked":"Battle Trance","floor":1},{"not_picked":["Flex","Perfected Strike"],"picked":"True Grit","floor":2},{"not_picked":["Blood for Blood","Body Slam"],"picked":"Thunderclap","floor":3},{"not_picked":["Berserk","Havoc"],"picked":"Shrug It Off","floor":4},{"not_picked":["Armaments","Headbutt"],"picked":"Twin Strike","floor":5},{"not_picked":["Entrench","Dark Embrace"],"picked":"Clothesline","floor":7},{"not_picked":["Twin Strike","Clothesline"],"picked":"Entrench","floor":8},{"not_picked":["Thunderclap","Evolve"],"picked":"Anger","floor":11},{"not_picked":["Iron Wave","Evolve"],"picked":"Shrug It Off","floor":12},{"not_picked":["Berserk","Feed"],"picked":"Impervious","floor":16},{"not_picked":["Wild Strike","Perfected Strike"],"picked":"Iron Wave","floor":18},{"not_picked":["Pummel","Headbutt"],"picked":"Second Wind+1","floor":22},{"not_picked":["Wild Strike+1","Perfected Strike"],"picked":"Disarm","floor":24},{"not_picked":["Havoc","Flex+1"],"picked":"Intimidate+1","floor":27},{"not_picked":["Thunderclap","Flex"],"picked":"Body Slam","floor":29},{"not_picked":["Shrug It Off","True Grit"],"picked":"Cleave","floor":31}],"player_experience":936889,"relics_obtained":[{"floor":7,"key":"Anchor"},{"floor":9,"key":"Matryoshka"},{"floor":11,"key":"Mummified Hand"},{"floor":26,"key":"Bronze Scales"},{"floor":26,"key":"Bottled Lightning"},{"floor":27,"key":"Juzu Bracelet"}],"event_choices":[{"damage_healed":0,"gold_gain":0,"player_choice":"Ignored","damage_taken":0,"max_hp_gain":0,"max_hp_loss":0,"event_name":"Liars Game","floor":14,"gold_loss":0},{"damage_healed":0,"gold_gain":0,"player_choice":"Ignored","damage_taken":0,"max_hp_gain":0,"max_hp_loss":0,"event_name":"Beggar","floor":20,"gold_loss":0},{"damage_healed":0,"gold_gain":0,"player_choice":"Simplicity","damage_taken":0,"max_hp_gain":0,"max_hp_loss":0,"event_name":"Back to Basics","floor":21,"gold_loss":0,"cards_upgraded":["Strike_R","Strike_R","Strike_R","Strike_R","Strike_R","Defend_R","Defend_R","Defend_R","Defend_R"]}],"is_beta":false,"boss_relics":[{"not_picked":["Velvet Choker","Tiny House"],"picked":"Ectoplasm"}],"items_purged_floors":[],"is_endless":false,"potions_floor_spawned":[2,3,11,12,24,27,29],"killed_by":"Collector","ascension_level":11}