{"gold_per_floor":[111,124,136,16,34,34,34,34,58,58,72,85,85,106,106,231,231,247,71,71,90,15,15],"floor_reached":23,"playtime":1468,"items_purged":["Strike_B","Defend_B"],"score":247,"play_id":"dd63c4fa-4c58-475a-b001-368a91e28d6d","local_time":"20190829125243","is_ascension_mode":true,"campfire_choices":[{"data":"Conserve Battery","floor":6.0,"key":"SMITH"},{"data":"Zap","floor":8.0,"key":"SMITH"},{"data":"White Noise","floor":10.0,"key":"SMITH"},{"floor":15.0,"key":"REST"}],"neow_cost":"NONE","seed_source_timestamp":0,"circlet_count":0,"master_deck":["Strike_B","Strike_B+1","Defend_B","Defend_B","Defend_B","Zap+1","Dualcast","Meteor Strike","White Noise+1","Conserve Battery+1","Sweeping Beam+1","Coolheaded","Turbo","Undo","Conserve Battery","Electrodynamics","Sunder","Reinforced Body","Streamline","Stack"],"special_seed":0,"relics":["Cracked Core","Golden Idol","Whetstone","Cursed Key"],"potions_floor_usage":[18,23],"damage_taken":[{"damage":1.0,"enemies":"Cultist","floor":1.0,"turns":3.0},{"damage":9.0,"enemies":"2 Louse","floor":2.0,"turns":2.0},{"damage":14.0,"enemies":"Small Slimes","floor":3.0,"turns":3.0},{"damage":3.0,"enemies":"Blue Slaver","floor":5.0,"turns":4.0},{"damage":25.0,"enemies":"Exordium Thugs","floor":11.0,"turns":5.0},{"damage":6.0,"enemies":"Looter","floor":12.0,"turns":2.0},{"damage":1.0,"enemies":"Blue Slaver","floor":14.0,"turns":3.0},{"damage":18.0,"enemies":"Slime Boss","floor":16.0,"turns":13.0},{"damage":0,"enemies":"Shell Parasite","floor":18,"turns":5},{"damage":8,"enemies":"3 Byrds","floor":21,"turns":3},{"damage":69,"enemies":"Gremlin Leader","floor":23,"turns":7}],"seed_played":"7306703258482803602","potions_obtained":[{"floor":1.0,"key":"FairyPotion"},{"floor":3.0,"key":"Energy Potion"},{"floor":11.0,"key":"EssenceOfSteel"},{"floor":16.0,"key":"Swift Potion"},{"floor":21,"key":"Block Potion"}],"is_trial":false,"path_per_floor":["M","M","M","$","M","R","?","R","T","R","M","M","?","M","R","B",null,"M","$","?","M","$","E"],"character_chosen":"DEFECT","items_purchased":["Sweeping Beam","Sunder","Streamline","Stack"],"campfire_rested":1,"item_purchase_floors":[4,19,22,22],"current_hp_per_floor":[67,58,44,44,41,41,41,41,41,41,16,10,10,9,29,11,55,55,55,55,47,47,0],"gold":15,"neow_bonus":"ONE_RANDOM_RARE_CARD","is_prod":false,"is_daily":false,"chose_seed":false,"campfire_upgraded":3,"win_rate":0,"timestamp":1567101163,"path_taken":["M","M","M","$","?","R","?","R","T","R","M","M","?","M","R","BOSS","M","$","?","M","?","E"],"build_version":"2019-07-17","purchased_purges":2,"victory":false,"max_hp_per_floor":[75,75,75,75,75,75,69,69,69,69,69,69,69,69,69,69,69,69,69,69,69,69,69],"card_choices":[{"not_picked":["Gash","Self Repair"],"picked":"White Noise","floor":1.0},{"not_picked":["Leap","Stack"],"picked":"Conserve Battery","floor":2.0},{"not_picked":["Chill","Steam","Amplify"],"picked":"SKIP","floor":3.0},{"not_picked":["Darkness","Static Discharge"],"picked":"Coolheaded","floor":5.0},{"not_picked":["Hologram","Conserve Battery"],"picked":"Turbo","floor":11.0},{"not_picked":["Conserve Battery","Beam Cell"],"picked":"Undo","floor":12.0},{"not_picked":["BootSequence","Glacier"],"picked":"Conserve Battery","floor":14.0},{"not_picked":["All For One","Seek"],"picked":"Electrodynamics","floor":16.0},{"not_picked":["Beam Cell","Lockon","Gash"],"picked":"SKIP","floor":18},{"not_picked":["Fusion","Force Field"],"picked":"Reinforced Body","floor":21}],"player_experience":751269,"relics_obtained":[{"floor":9.0,"key":"Whetstone"}],"event_choices":[{"damage_healed":0.0,"max_hp_gain":0.0,"max_hp_loss":6.0,"gold_gain":0.0,"event_name":"Golden Idol","player_choice":"Lose Max HP","floor":7.0,"gold_loss":0.0,"damage_taken":0.0,"relics_obtained":["Golden Idol"]},{"damage_healed":0.0,"max_hp_gain":0.0,"max_hp_loss":0.0,"gold_gain":0.0,"event_name":"Shining Light","player_choice":"Ignored","floor":13.0,"gold_loss":0.0,"damage_taken":0.0},{"cards_removed":["Strike_B"],"damage_healed":0,"gold_gain":0,"player_choice":"Purged","damage_taken":0,"max_hp_gain":0,"max_hp_loss":0,"event_name":"Purifier","floor":20,"gold_loss":0}],"is_beta":false,"boss_relics":[{"not_picked":["Black Star","Velvet Choker"],"picked":"Cursed Key"}],"items_purged_floors":[4,19],"is_endless":false,"potions_floor_spawned":[1,3,11,16,21],"killed_by":"Gremlin Leader","ascension_level":7}