{"gold_per_floor":[16,36,36,48,48,76,76,1,1,1,1,21,21,35,35,131,131,148,110,129,129,148,178,178,178,201,33,33,33,47,62,62,162,162,176,176,176,69,87,87,87,100,147,157,174,85,85,95,95,95],"floor_reached":51,"playtime":3087,"items_purged":["Strike_B","Defend_B"],"score":667,"play_id":"db529e27-51f9-4368-94b0-cde5c3932038","local_time":"20180928003834","is_ascension_mode":false,"campfire_choices":[{"data":"Defend_B","floor":7,"key":"SMITH"},{"data":"Defend_B","floor":10,"key":"SMITH"},{"floor":13,"key":"REST"},{"data":"Leap","floor":15,"key":"SMITH"},{"floor":24,"key":"REST"},{"floor":32,"key":"REST"},{"data":"Dualcast","floor":40,"key":"SMITH"},{"floor":49,"key":"REST"}],"neow_cost":"NO_GOLD","seed_source_timestamp":713426835565762,"circlet_count":0,"master_deck":["Strike_B","Strike_B","Strike_B","Defend_B+1","Defend_B+1","Defend_B","Zap+1","Dualcast+1","Gash","Sweeping Beam+1","Leap+1","Core Surge+1","Loop","Streamline+1","Sunder+1","Echo Form+1","Gash+1","Jack Of All Trades+1","Conserve Battery+1","Dramatic Entrance+1"],"relics":["Cracked Core","Pocketwatch","Ornamental Fan","Du-Vu Doll","Molten Egg 2","Runic Pyramid","Nilry\u0027s Codex","Art of War","Toxic Egg 2","Boot","Lizard Tail","Sundial","Strawberry"],"potions_floor_usage":[14,16,44,50,50],"damage_taken":[{"damage":0,"enemies":"Cultist","floor":1,"turns":4},{"damage":0,"enemies":"Small Slimes","floor":2,"turns":2},{"damage":1,"enemies":"Jaw Worm","floor":4,"turns":4},{"damage":30,"enemies":"Gremlin Nob","floor":6,"turns":4},{"damage":2,"enemies":"Blue Slaver","floor":12,"turns":3},{"damage":0,"enemies":"Exordium Wildlife","floor":14,"turns":2},{"damage":31,"enemies":"Slime Boss","floor":16,"turns":11},{"damage":0,"enemies":"Spheric Guardian","floor":18,"turns":4},{"damage":4,"enemies":"3 Byrds","floor":20,"turns":4},{"damage":13,"enemies":"Cultist and Chosen","floor":22,"turns":6},{"damage":18,"enemies":"Gremlin Leader","floor":23,"turns":7},{"damage":14,"enemies":"Centurion and Healer","floor":30,"turns":4},{"damage":9,"enemies":"Snake Plant","floor":31,"turns":4},{"damage":24,"enemies":"Collector","floor":33,"turns":10},{"damage":11,"enemies":"3 Shapes","floor":35,"turns":4},{"damage":9,"enemies":"Orb Walker","floor":39,"turns":3},{"damage":20,"enemies":"4 Shapes","floor":42,"turns":4},{"damage":8,"enemies":"Transient","floor":44,"turns":5},{"damage":2,"enemies":"Reptomancer","floor":45,"turns":5},{"damage":9,"enemies":"Sphere and 2 Shapes","floor":48,"turns":4},{"damage":107,"enemies":"Donu and Deca","floor":50,"turns":10}],"seed_played":"-5086370606992920485","potions_obtained":[{"floor":1,"key":"Ancient Potion"},{"floor":4,"key":"Ancient Potion"},{"floor":6,"key":"Explosive Potion"},{"floor":30,"key":"PowerPotion"},{"floor":31,"key":"FearPotion"},{"floor":48,"key":"SteroidPotion"}],"is_trial":false,"path_per_floor":["M","M","T","M","?","E","R","$","T","R","$","M","R","M","R","B",null,"M","$","M","?","M","E","R","T","T","$","?","$","M","M","R","B",null,"M","$","?","$","M","R","T","M","T","M","M","$","?","M","R","B"],"character_chosen":"DEFECT","items_purchased":["Loop","Self Repair","Jack Of All Trades+1","Dramatic Entrance+1"],"campfire_rested":4,"item_purchase_floors":[19,27,38,46],"current_hp_per_floor":[75,75,75,74,59,29,29,29,29,29,29,27,49,49,49,18,75,75,75,71,55,42,24,46,46,46,46,32,32,25,16,40,23,80,76,76,76,76,67,67,67,54,61,53,51,51,51,42,68,5],"gold":95,"neow_bonus":"ONE_RARE_RELIC","is_prod":false,"is_daily":false,"chose_seed":false,"campfire_upgraded":4,"win_rate":0.0,"timestamp":1538113114,"path_taken":["M","M","?","M","?","E","R","?","T","R","$","M","R","?","R","BOSS","M","$","M","?","?","E","R","?","T","?","?","$","?","M","R","BOSS","M","$","?","?","?","R","?","M","T","M","M","$","?","M","R","BOSS"],"build_version":"2018-09-27","purchased_purges":2,"victory":true,"max_hp_per_floor":[75,75,75,75,75,75,75,75,75,75,75,75,75,75,75,75,75,75,75,75,75,75,75,75,75,75,75,80,80,80,80,80,80,80,80,80,80,80,80,80,80,80,87,87,87,87,87,87,87,87],"card_choices":[{"not_picked":["Scrape","Double Energy"],"picked":"Gash","floor":1},{"not_picked":["Force Field","Stack","Barrage"],"picked":"SKIP","floor":2},{"not_picked":["Reinforced Body","Redo"],"picked":"Sweeping Beam","floor":4},{"not_picked":["Tempest","Barrage","Go for the Eyes"],"picked":"SKIP","floor":6},{"not_picked":["Steam","Fusion","Amplify"],"picked":"SKIP","floor":12},{"not_picked":["Barrage+1","Turbo"],"picked":"Leap","floor":14},{"not_picked":["Biased Cognition","Fission"],"picked":"Core Surge+1","floor":16},{"not_picked":["Hologram","Rebound+1","Leap"],"picked":"SKIP","floor":18},{"not_picked":["Coolheaded","Aggregate+1","Compile Driver+1"],"picked":"SKIP","floor":20},{"not_picked":["Scrape+1","Static Discharge"],"picked":"Streamline+1","floor":22},{"not_picked":["Coolheaded","Cold Snap+1","Leap+1"],"picked":"SKIP","floor":23},{"not_picked":["Heatsinks","Stack+1","Fusion+1"],"picked":"SKIP","floor":30},{"not_picked":["Go for the Eyes+1","Fusion+1"],"picked":"Sunder+1","floor":31},{"not_picked":["Reboot+1","Rainbow+1"],"picked":"Echo Form","floor":33},{"not_picked":["Cold Snap+1","Go for the Eyes+1"],"picked":"Gash+1","floor":35},{"not_picked":["Sweeping Beam+1","Stack+1","Leap+1"],"picked":"SKIP","floor":39},{"not_picked":["Hologram+1","Fusion+1","Storm+1"],"picked":"SKIP","floor":42},{"not_picked":["Leap+1","Rebound+1","Hyperbeam+1"],"picked":"SKIP","floor":44},{"not_picked":["Stack+1","Redo+1"],"picked":"Conserve Battery+1","floor":45},{"not_picked":["Conserve Battery+1","Leap+1","Streamline+1"],"picked":"SKIP","floor":48}],"player_experience":332533,"relics_obtained":[{"floor":3,"key":"Ornamental Fan"},{"floor":6,"key":"Du-Vu Doll"},{"floor":9,"key":"Molten Egg 2"},{"floor":21,"key":"Nilry\u0027s Codex"},{"floor":23,"key":"Art of War"},{"floor":25,"key":"Toxic Egg 2"},{"floor":26,"key":"Boot"},{"floor":41,"key":"Sundial"},{"floor":43,"key":"Strawberry"}],"event_choices":[{"event_name":"Shining Light","player_choice":"Entered Light","floor":5,"damage_taken":0},{"event_name":"Cursed Tome","player_choice":"Obtained Book","floor":21,"damage_taken":0},{"event_name":"Forgotten Altar","player_choice":"Shed Blood","floor":28,"damage_taken":0},{"event_name":"Upgrade Shrine","player_choice":"Upgraded","floor":37,"damage_taken":0},{"event_name":"Falling","player_choice":"Removed Power","floor":47,"damage_taken":0}],"is_beta":false,"boss_relics":[{"not_picked":["Tiny House","Astrolabe"],"picked":"Runic Pyramid"},{"not_picked":["Eternal Feather","Pandora\u0027s Box"],"picked":"Lizard Tail"}],"items_purged_floors":[8,27],"is_endless":false,"potions_floor_spawned":[1,4,6,30,31,33,39,42,48],"ascension_level":0}