{"gold_per_floor":[118,136,136,15,15,46,46,46,46,19,19,53,65,75,75,174,174,185,185,204,123,139,139,171,171],"floor_reached":25,"playtime":1637,"items_purged":[],"score":309,"play_id":"fcc2c07a-0ad8-4d3b-b23e-10f09f64356a","local_time":"20181203011352","is_ascension_mode":true,"campfire_choices":[{"floor":8,"key":"REST"},{"floor":11,"key":"REST"},{"floor":15,"key":"REST"},{"data":"Accuracy","floor":23,"key":"SMITH"}],"neow_cost":"NONE","seed_source_timestamp":905276926226480,"circlet_count":0,"master_deck":["Defend_G","Defend_G","Defend_G","Defend_G","Defend_G+1","Strike_G","Strike_G","Strike_G","Strike_G+1","Strike_G","Survivor","Neutralize","Dash","Dagger Throw","Accuracy+1","Blade Dance","Envenom","Deflect","Caltrops","Terror","Deadly Poison","After Image","Blade Dance","Bane+1","Well Laid Plans"],"relics":["Ring of the Snake","Strawberry","Mummified Hand","FossilizedHelix","Oddly Smooth Stone","Sozu","Prayer Wheel"],"potions_floor_usage":[],"damage_taken":[{"damage":9,"enemies":"Cultist","floor":1,"turns":7},{"damage":1,"enemies":"Small Slimes","floor":2,"turns":4},{"damage":22,"enemies":"Lagavulin","floor":6,"turns":8},{"damage":21,"enemies":"3 Sentries","floor":12,"turns":9},{"damage":0,"enemies":"Jaw Worm","floor":13,"turns":3},{"damage":5,"enemies":"Gremlin Gang","floor":14,"turns":4},{"damage":27,"enemies":"Hexaghost","floor":16,"turns":9},{"damage":0,"enemies":"Chosen","floor":18,"turns":5},{"damage":11,"enemies":"Spheric Guardian","floor":20,"turns":5},{"damage":0,"enemies":"Snecko","floor":22,"turns":5},{"damage":45,"enemies":"Gremlin Leader","floor":24,"turns":8},{"damage":0,"enemies":"Centurion and Healer","floor":25,"turns":2}],"seed_played":"2625561231739962131","potions_obtained":[{"floor":2,"key":"FearPotion"},{"floor":6,"key":"SkillPotion"},{"floor":13,"key":"FearPotion"},{"floor":14,"key":"GhostInAJar"}],"is_trial":false,"path_per_floor":["M","M","?","$","?","E","?","R","T","$","R","E","M","M","R","B",null,"M","?","M","$","M","R","E","M"],"character_chosen":"THE_SILENT","items_purchased":["Accuracy","Blade Dance","Deflect","Well Laid Plans"],"campfire_rested":3,"item_purchase_floors":[4,4,10,21],"current_hp_per_floor":[61,60,60,60,49,27,10,35,35,35,60,39,39,34,59,32,71,71,71,60,60,60,60,15,15],"gold":171,"neow_bonus":"TEN_PERCENT_HP_BONUS","is_prod":false,"is_daily":false,"chose_seed":false,"campfire_upgraded":1,"win_rate":0,"timestamp":1543821232,"path_taken":["M","M","?","$","?","E","?","R","T","$","R","E","M","M","R","BOSS","M","?","?","$","M","R","E","?"],"build_version":"2018-11-15","purchased_purges":0,"victory":false,"max_hp_per_floor":[77,77,77,77,84,84,84,84,84,84,84,84,84,84,84,84,84,84,84,84,84,84,84,84,84],"card_choices":[{"not_picked":["Blade Dance","Backflip"],"picked":"Dash","floor":1},{"not_picked":["Heel Hook","Bouncing Flask"],"picked":"Dagger Throw","floor":2},{"not_picked":["Quick Slash","Reflex"],"picked":"Envenom","floor":6},{"not_picked":["Poisoned Stab","Eviscerate"],"picked":"Caltrops","floor":12},{"not_picked":["Catalyst","Poisoned Stab"],"picked":"Terror","floor":13},{"not_picked":["Slice","Bouncing Flask"],"picked":"Deadly Poison","floor":14},{"not_picked":["Adrenaline","Die Die Die"],"picked":"After Image","floor":16},{"not_picked":["Dagger Throw","Cloak And Dagger"],"picked":"Blade Dance","floor":18},{"not_picked":["Outmaneuver","Dagger Spray"],"picked":"Bane+1","floor":20},{"not_picked":["Dodge and Roll","Blur","Flying Knee+1"],"picked":"SKIP","floor":22},{"not_picked":["Riddle With Holes","Grand Finale","Sucker Punch"],"picked":"SKIP","floor":24}],"player_experience":630633,"relics_obtained":[{"floor":6,"key":"Mummified Hand"},{"floor":9,"key":"FossilizedHelix"},{"floor":12,"key":"Oddly Smooth Stone"},{"floor":24,"key":"Prayer Wheel"}],"event_choices":[{"damage_healed":0,"gold_gain":0,"player_choice":"Ignored","damage_taken":0,"max_hp_gain":0,"max_hp_loss":0,"event_name":"Golden Idol","floor":3,"gold_loss":0},{"damage_healed":0,"gold_gain":0,"player_choice":"Success","damage_taken":18,"relics_obtained":["Strawberry"],"max_hp_gain":0,"max_hp_loss":0,"event_name":"Scrap Ooze","floor":5,"gold_loss":0},{"damage_healed":0,"gold_gain":0,"player_choice":"Entered Light","damage_taken":17,"max_hp_gain":0,"max_hp_loss":0,"event_name":"Shining Light","floor":7,"gold_loss":0,"cards_upgraded":["Defend_G","Strike_G"]},{"damage_healed":0,"gold_gain":0,"player_choice":"Bought 0 Potions","damage_taken":0,"max_hp_gain":0,"max_hp_loss":0,"event_name":"The Woman in Blue","floor":19,"gold_loss":0}],"is_beta":false,"boss_relics":[{"not_picked":["Philosopher\u0027s Stone","Empty Cage"],"picked":"Sozu"}],"items_purged_floors":[],"is_endless":false,"potions_floor_spawned":[2,6,13,14,22,24],"killed_by":"Centurion and Healer","ascension_level":7}