{"gold_per_floor":[117,91,17,17,17,17,48,66,66,66,77,105,120,133,133,236,236,236],"floor_reached":18,"playtime":1080,"items_purged":[],"score":280,"play_id":"f6beebd4-5d35-43d6-a27e-64e651d783e1","local_time":"20191006215547","is_ascension_mode":true,"campfire_choices":[{"data":"Bash","floor":6,"key":"SMITH"},{"data":"Inflame","floor":10,"key":"SMITH"},{"data":"Berserk","floor":15,"key":"SMITH"}],"neow_cost":"NONE","seed_source_timestamp":244718691834000,"circlet_count":0,"master_deck":["AscendersBane","Strike_R","Strike_R","Strike_R","Strike_R","Strike_R","Defend_R","Defend_R","Defend_R","Defend_R","Bash+1","Disarm","Inflame+1","Feed","Cleave","Berserk+1","Twin Strike","Infernal Blade","Demon Form"],"relics":["Burning Blood","Bag of Marbles","Meat on the Bone","The Courier","Ginger","Ectoplasm"],"potions_floor_usage":[12,16],"damage_taken":[{"damage":5,"enemies":"2 Louse","floor":1,"turns":4},{"damage":51,"enemies":"Lagavulin","floor":7,"turns":6},{"damage":10,"enemies":"Small Slimes","floor":8,"turns":5},{"damage":7,"enemies":"Jaw Worm","floor":11,"turns":4},{"damage":39,"enemies":"3 Sentries","floor":12,"turns":8},{"damage":13,"enemies":"Blue Slaver","floor":13,"turns":4},{"damage":6,"enemies":"Gremlin Gang","floor":14,"turns":3},{"damage":51,"enemies":"Slime Boss","floor":16,"turns":6},{"damage":0,"enemies":"3 Byrds","floor":18,"turns":1}],"seed_played":"-7284610486639914308","potions_obtained":[{"floor":1,"key":"BloodPotion"},{"floor":11,"key":"SkillPotion"},{"floor":12,"key":"Dexterity Potion"},{"floor":13,"key":"Ancient Potion"}],"is_trial":false,"path_per_floor":["M","?","$","?","?","R","E","M","T","R","M","E","M","M","R","B",null,"M"],"character_chosen":"IRONCLAD","items_purchased":["Inflame"],"campfire_rested":0,"item_purchase_floors":[3],"current_hp_per_floor":[81,81,81,56,85,85,40,51,51,51,62,41,49,64,64,31,81,81],"gold":236,"neow_bonus":"TEN_PERCENT_HP_BONUS","is_prod":false,"is_daily":false,"chose_seed":false,"campfire_upgraded":3,"win_rate":0,"timestamp":1570416947,"path_taken":["M","?","$","?","?","R","E","?","T","R","M","E","M","M","R","BOSS","M"],"build_version":"2019-07-17","purchased_purges":0,"victory":false,"max_hp_per_floor":[88,88,88,88,88,88,88,91,91,91,91,91,94,97,97,97,97,97],"card_choices":[{"not_picked":["Rampage","Clothesline"],"picked":"Disarm","floor":1},{"not_picked":["Sever Soul","Searing Blow"],"picked":"Feed","floor":7},{"not_picked":["Clothesline","Warcry"],"picked":"Cleave","floor":8},{"not_picked":["Sword Boomerang","Headbutt"],"picked":"Berserk","floor":11},{"not_picked":["Perfected Strike","Headbutt"],"picked":"Twin Strike","floor":12},{"not_picked":["Heavy Blade","Clothesline","Armaments"],"picked":"SKIP","floor":13},{"not_picked":["Wild Strike","Combust"],"picked":"Infernal Blade","floor":14},{"not_picked":["Brutality","Juggernaut"],"picked":"Demon Form","floor":16}],"player_experience":799354,"relics_obtained":[{"floor":7,"key":"Meat on the Bone"},{"floor":9,"key":"The Courier"},{"floor":12,"key":"Ginger"}],"event_choices":[{"damage_healed":0,"gold_gain":0,"player_choice":"Left Gold","damage_taken":0,"max_hp_gain":0,"max_hp_loss":0,"event_name":"World of Goop","floor":2,"gold_loss":26},{"damage_healed":0,"gold_gain":0,"player_choice":"Success","damage_taken":25,"relics_obtained":["Bag of Marbles"],"max_hp_gain":0,"max_hp_loss":0,"event_name":"Scrap Ooze","floor":4,"gold_loss":0},{"damage_healed":29,"gold_gain":0,"player_choice":"Banana","damage_taken":0,"max_hp_gain":0,"max_hp_loss":0,"event_name":"Big Fish","floor":5,"gold_loss":0}],"is_beta":false,"boss_relics":[{"not_picked":["Pandora\u0027s Box","White Beast Statue"],"picked":"Ectoplasm"}],"items_purged_floors":[],"is_endless":false,"potions_floor_spawned":[1,11,12,13],"killed_by":"3 Byrds","ascension_level":10}