{"gold_per_floor":[118,43,43,55,55,83,83,98,145,145,164,164,246,246,246,246],"floor_reached":16,"playtime":908,"items_purged":["Strike_R"],"score":103,"play_id":"bbb7383d-7b31-47b8-8b2b-ff149b3e0f28","local_time":"20181001210022","is_ascension_mode":true,"campfire_choices":[{"data":"Berserk","floor":7,"key":"SMITH"},{"data":"Shrug It Off","floor":10,"key":"SMITH"},{"data":"Rage","floor":12,"key":"SMITH"},{"floor":15,"key":"REST"}],"neow_cost":"NONE","seed_source_timestamp":1048140168837202,"circlet_count":0,"master_deck":["Strike_R","Strike_R","Strike_R","Strike_R","Defend_R","Defend_R","Defend_R","Defend_R","Bash","Berserk+1","Shrug It Off+1","Twin Strike","Rage+1"],"relics":["Burning Blood","Oddly Smooth Stone","Orichalcum","Bottled Lightning"],"potions_floor_usage":[6,16],"damage_taken":[{"damage":1,"enemies":"Small Slimes","floor":1,"turns":3},{"damage":21,"enemies":"Jaw Worm","floor":4,"turns":4},{"damage":37,"enemies":"Lagavulin","floor":6,"turns":9},{"damage":1,"enemies":"Cultist","floor":8,"turns":5},{"damage":6,"enemies":"Exordium Thugs","floor":11,"turns":5},{"damage":70,"enemies":"Slime Boss","floor":16,"turns":13}],"seed_played":"-2768629586104968175","potions_obtained":[{"floor":4,"key":"FearPotion"},{"floor":8,"key":"Dexterity Potion"}],"is_trial":false,"path_per_floor":["M","$","?","M","$","E","R","M","T","R","M","R","T","?","R"],"character_chosen":"IRONCLAD","items_purchased":[],"campfire_rested":1,"item_purchase_floors":[],"current_hp_per_floor":[80,80,80,65,65,34,34,39,39,39,39,39,39,39,63,0],"gold":246,"neow_bonus":"ONE_RANDOM_RARE_CARD","is_prod":false,"is_daily":false,"chose_seed":false,"campfire_upgraded":3,"win_rate":0,"timestamp":1538445622,"path_taken":["M","$","?","M","$","E","R","M","T","R","?","R","?","?","R","BOSS"],"build_version":"2018-09-27","purchased_purges":1,"victory":false,"max_hp_per_floor":[80,80,80,80,80,80,80,80,80,80,80,80,80,80,80,80],"card_choices":[{"not_picked":["Armaments","Headbutt"],"picked":"Shrug It Off","floor":1},{"not_picked":["Second Wind","Iron Wave","Rage"],"picked":"SKIP","floor":4},{"not_picked":["Headbutt","Entrench","Havoc"],"picked":"SKIP","floor":6},{"not_picked":["Barricade","Shockwave"],"picked":"Twin Strike","floor":8},{"not_picked":["Sword Boomerang","Shrug It Off"],"picked":"Rage","floor":11}],"player_experience":344190,"relics_obtained":[{"floor":6,"key":"Oddly Smooth Stone"},{"floor":9,"key":"Orichalcum"},{"floor":13,"key":"Bottled Lightning"}],"event_choices":[{"event_name":"The Cleric","player_choice":"Leave","floor":3,"damage_taken":0},{"event_name":"Match and Keep!","player_choice":"0 cards matched","floor":14,"damage_taken":0}],"is_beta":false,"boss_relics":[],"items_purged_floors":[2],"is_endless":false,"potions_floor_spawned":[4,8],"killed_by":"Slime Boss","ascension_level":1}