{"gold_per_floor":[113,59,70,20,20,20,39,39,39,50,80,80,95,5,5,105,105,121,103,27,27,27,27,42,42,42,42,59,72,87,104,104,104],"floor_reached":33,"playtime":2303,"items_purged":[],"score":324,"play_id":"06054ade-defa-4725-894f-60097f307e53","local_time":"20190120204843","is_ascension_mode":true,"campfire_choices":[{"data":"Shrug It Off","floor":6,"key":"SMITH"},{"data":"Iron Wave","floor":8,"key":"SMITH"},{"data":"Shrug It Off","floor":15,"key":"SMITH"},{"data":"Double Tap","floor":23,"key":"SMITH"},{"data":"Pommel Strike","floor":25,"key":"SMITH"},{"floor":32,"key":"REST"}],"neow_cost":"NONE","seed_source_timestamp":12595873396443,"circlet_count":0,"master_deck":["Strike_R","Strike_R","Strike_R","Strike_R","Defend_R","Defend_R","Defend_R","Defend_R","Bash","Headbutt+1","Shrug It Off+1","Pommel Strike+1","Pommel Strike","Iron Wave+1","Spot Weakness","Twin Strike","Shrug It Off+1","Good Instincts","Double Tap+1","Power Through+1","Evolve","Perfected Strike","Parasite","True Grit+1","Pommel Strike+1","Heavy Blade","Feel No Pain"],"relics":["Burning Blood","Mummified Hand","PreservedInsect","Cursed Key","Juzu Bracelet"],"potions_floor_usage":[16,19,24,24],"damage_taken":[{"damage":0,"enemies":"Small Slimes","floor":1,"turns":3},{"damage":4,"enemies":"2 Louse","floor":3,"turns":3},{"damage":0,"enemies":"Cultist","floor":7,"turns":2},{"damage":0,"enemies":"Large Slime","floor":10,"turns":4},{"damage":16,"enemies":"3 Sentries","floor":11,"turns":6},{"damage":0,"enemies":"3 Louse","floor":13,"turns":3},{"damage":60,"enemies":"Hexaghost","floor":16,"turns":11},{"damage":0,"enemies":"3 Byrds","floor":18,"turns":5},{"damage":0,"enemies":"2 Thieves","floor":19,"turns":4},{"damage":20,"enemies":"Colosseum Slavers","floor":21,"turns":6},{"damage":2,"enemies":"Chosen and Byrds","floor":24,"turns":5},{"damage":10,"enemies":"Snecko","floor":28,"turns":4},{"damage":21,"enemies":"Sentry and Sphere","floor":29,"turns":6},{"damage":10,"enemies":"Chosen and Byrds","floor":30,"turns":6},{"damage":8,"enemies":"Snake Plant","floor":31,"turns":3},{"damage":78,"enemies":"Champ","floor":33,"turns":12}],"seed_played":"-3518816471720883972","potions_obtained":[{"floor":10,"key":"Swift Potion"},{"floor":13,"key":"SpeedPotion"},{"floor":16,"key":"Weak Potion"},{"floor":18,"key":"Block Potion"},{"floor":24,"key":"Explosive Potion"},{"floor":29,"key":"Explosive Potion"}],"is_trial":false,"path_per_floor":["M","$","M","?","$","R","M","R","T","M","E","?","M","$","R","B",null,"M","M","$","?","?","R","M","R","T","?","M","M","M","M","R","B"],"character_chosen":"IRONCLAD","items_purchased":["Pommel Strike","Good Instincts","Evolve"],"campfire_rested":1,"item_purchase_floors":[2,14,20],"current_hp_per_floor":[78,78,80,80,80,80,80,80,80,80,70,70,76,76,76,22,66,72,78,78,64,64,64,68,68,68,68,64,49,45,43,67,0],"gold":104,"neow_bonus":"THREE_CARDS","is_prod":false,"is_daily":false,"chose_seed":false,"campfire_upgraded":5,"win_rate":0,"timestamp":1548038923,"path_taken":["M","$","M","?","$","R","M","R","T","M","E","?","M","$","R","BOSS","M","M","$","?","?","R","M","R","T","?","M","M","M","M","R","BOSS"],"build_version":"2019-01-17v2","purchased_purges":0,"victory":false,"max_hp_per_floor":[80,80,80,80,80,80,80,80,80,80,80,80,80,80,80,80,80,80,80,80,80,80,80,80,80,80,80,80,80,80,80,80,80],"card_choices":[{"not_picked":["Havoc","True Grit"],"picked":"Headbutt","floor":0},{"not_picked":["Warcry","Havoc"],"picked":"Shrug It Off","floor":1},{"not_picked":["Heavy Blade","Flex"],"picked":"Pommel Strike","floor":3},{"not_picked":["Armaments","Ghostly Armor"],"picked":"Iron Wave","floor":7},{"not_picked":["Clothesline","Rupture"],"picked":"Spot Weakness","floor":10},{"not_picked":["Feel No Pain","Clothesline"],"picked":"Twin Strike","floor":11},{"not_picked":["Anger","Dark Embrace"],"picked":"Shrug It Off","floor":13},{"not_picked":["Impervious","Feed"],"picked":"Double Tap","floor":16},{"not_picked":["Warcry","Dropkick","Sever Soul"],"picked":"SKIP","floor":18},{"not_picked":["Uppercut","Reckless Charge"],"picked":"Power Through+1","floor":19},{"not_picked":["Sentinel","Clash"],"picked":"Perfected Strike","floor":24},{"not_picked":["Pommel Strike","Clash"],"picked":"True Grit+1","floor":28},{"not_picked":["Thunderclap","Body Slam"],"picked":"Pommel Strike+1","floor":29},{"not_picked":["Sword Boomerang","Feed"],"picked":"Heavy Blade","floor":30},{"not_picked":["Armaments","Headbutt"],"picked":"Feel No Pain","floor":31}],"player_experience":679761,"relics_obtained":[{"floor":9,"key":"Mummified Hand"},{"floor":11,"key":"PreservedInsect"},{"floor":26,"key":"Juzu Bracelet"}],"event_choices":[{"cards_removed":["Strike_R"],"damage_healed":0,"gold_gain":0,"player_choice":"Card Removal","damage_taken":0,"max_hp_gain":0,"max_hp_loss":0,"event_name":"The Cleric","floor":4,"gold_loss":50},{"damage_healed":0,"gold_gain":0,"player_choice":"Ignored","damage_taken":0,"max_hp_gain":0,"max_hp_loss":0,"event_name":"Golden Idol","floor":12,"gold_loss":0},{"damage_healed":0,"gold_gain":0,"player_choice":"Fight","damage_taken":0,"max_hp_gain":0,"max_hp_loss":0,"event_name":"Colosseum","floor":21,"gold_loss":0},{"damage_healed":0,"gold_gain":0,"player_choice":"Fled From Nobs","damage_taken":0,"max_hp_gain":0,"max_hp_loss":0,"event_name":"Colosseum","floor":21,"gold_loss":0},{"damage_healed":0,"gold_gain":0,"player_choice":"Forge","damage_taken":0,"max_hp_gain":0,"max_hp_loss":0,"event_name":"Accursed Blacksmith","floor":22,"gold_loss":0,"cards_upgraded":["Headbutt"]},{"damage_healed":0,"gold_gain":0,"player_choice":"Ignored","damage_taken":0,"max_hp_gain":0,"max_hp_loss":0,"event_name":"Beggar","floor":27,"gold_loss":0}],"is_beta":false,"boss_relics":[{"not_picked":["Mark of Pain","Runic Cube"],"picked":"Cursed Key"}],"items_purged_floors":[],"is_endless":false,"potions_floor_spawned":[10,13,16,18,24,29],"killed_by":"Champ","ascension_level":6}