{"path_per_floor":["M","M","M","M","$","R","E","?","T","E","$","?","M","?","R","B",null,"M","?","$","?","$","R"],"character_chosen":"IRONCLAD","items_purchased":["Happy Flower","Perfected Strike","Iron Wave"],"gold_per_floor":[114,131,145,159,4,4,35,35,35,61,16,16,28,28,28,133,133,152,152,152,152,105,105,105],"floor_reached":24,"campfire_rested":0,"playtime":1442,"current_hp_per_floor":[80,80,79,68,68,68,42,42,42,28,28,90,90,90,90,62,90,79,79,79,61,61,61,0],"items_purged":[],"gold":105,"score":227,"play_id":"c67d6abc-b9f9-48a4-8966-fb86e032a98b","local_time":"20180331214244","is_prod":false,"is_daily":false,"is_ascension_mode":false,"campfire_upgraded":3,"timestamp":1522550564,"path_taken":["M","M","M","M","$","R","E","?","T","E","$","?","M","?","R","BOSS","M","?","$","?","$","R","E"],"build_version":"2018-03-29v2","purchased_purges":1,"victory":false,"master_deck":["Strike_R","Strike_R","Strike_R","Strike_R","Strike_R","Defend_R","Defend_R","Defend_R+1","Bash","Body Slam+1","Armaments+1","Shrug It Off","Clash+1","Perfected Strike","Juggernaut","Barricade+1","Flex","Ghostly Armor","Flame Barrier","Iron Wave"],"max_hp_per_floor":[80,80,80,80,80,80,80,80,80,80,80,90,90,90,90,90,90,90,90,90,95,95,95,95],"relics":["Burning Blood","Happy Flower","Question Card","Smiling Mask","War Paint","Orrery"],"card_choices":[{"not_picked":["Sword Boomerang","Combust"],"picked":"Body Slam","floor":1},{"not_picked":["Warcry","Iron Wave"],"picked":"Armaments","floor":2},{"not_picked":["Cleave","Twin Strike"],"picked":"Shrug It Off","floor":3},{"not_picked":["Headbutt","Wild Strike"],"picked":"Bludgeon","floor":7},{"not_picked":["Clothesline","Perfected Strike","Shockwave"],"picked":"Clash","floor":10},{"not_picked":["Heavy Blade","Disarm","Warcry"],"picked":"Juggernaut","floor":13},{"not_picked":["Brutality","Berserk","Reaper"],"picked":"Barricade","floor":16},{"not_picked":["Wild Strike","Havoc","Body Slam"],"picked":"Flex","floor":17},{"not_picked":["Body Slam","Heavy Blade","Rampage"],"picked":"Ghostly Armor","floor":17},{"not_picked":["Fiend Fire","Perfected Strike","Iron Wave"],"picked":"Flame Barrier","floor":17}],"player_experience":235301,"potions_floor_usage":[4,16,16],"damage_taken":[{"damage":4,"enemies":"Jaw Worm","floor":1,"turns":5},{"damage":1,"enemies":"Cultist","floor":2,"turns":4},{"damage":7,"enemies":"2 Louse","floor":3,"turns":3},{"damage":17,"enemies":"Exordium Thugs","floor":4,"turns":6},{"damage":32,"enemies":"Gremlin Nob","floor":7,"turns":5},{"damage":20,"enemies":"Lagavulin","floor":10,"turns":5},{"damage":3,"enemies":"Lots of Slimes","floor":13,"turns":3},{"damage":34,"enemies":"The Guardian","floor":16,"turns":10},{"damage":17,"enemies":"Spheric Guardian","floor":18,"turns":7},{"damage":67,"enemies":"Gremlin Leader","floor":24,"turns":6}],"event_choices":[{"event_name":"Liars Game","player_choice":"disagreed","floor":8,"damage_taken":0},{"event_name":"Bonfire Elementals","player_choice":"RARE","floor":12,"damage_taken":0},{"event_name":"Match and Keep!","player_choice":"0 cards matched","floor":14,"damage_taken":0},{"event_name":"Ghosts","player_choice":"Ignored","floor":19,"damage_taken":0},{"event_name":"Forgotten Altar","player_choice":"Shed Blood","floor":21,"damage_taken":0}],"boss_relics":[{"not_picked":["White Beast Statue","Pandora\u0027s Box"],"picked":"Orrery"}],"potions_floor_spawned":[2,3,13,16],"seed_played":"-3130101684721031184","killed_by":"Gremlin Leader","ascension_level":0,"is_trial":false}