{"path_per_floor":["M","M","M","?","M","R","M","R","T","R","$","R","$","M","R","B",null,"M","?","M","$","M","R","M","M","T","R","M","E","?","?","R"],"character_chosen":"IRONCLAD","items_purchased":["Spot Weakness","Blood for Blood","Rupture"],"gold_per_floor":[114,132,142,142,155,155,165,165,220,220,72,72,72,85,85,182,182,182,97,97,22,22,22,22,22,22,22,22,22,22,22,22,22],"floor_reached":33,"campfire_rested":4,"playtime":1836,"current_hp_per_floor":[80,80,77,77,58,58,55,55,55,55,55,55,55,48,72,20,80,80,80,80,80,50,74,63,55,55,79,60,19,19,19,43,0],"items_purged":[],"gold":22,"score":259,"play_id":"a8e21562-a213-460f-8edc-9cc7fa0e2d69","local_time":"20180401204935","is_prod":false,"is_daily":false,"is_ascension_mode":false,"campfire_upgraded":4,"timestamp":1522633775,"path_taken":["M","?","M","?","M","R","?","R","T","R","$","R","?","M","R","BOSS","M","?","M","$","M","R","M","M","T","R","M","E","?","?","R","BOSS"],"build_version":"2018-03-29v2","purchased_purges":0,"victory":false,"master_deck":["Strike_R+1","Strike_R+1","Strike_R+1","Strike_R+1","Strike_R+1","Defend_R+1","Defend_R+1","Defend_R+1","Defend_R+1","Bash","Offering+1","Body Slam+1","Rupture+1","Flex","Whirlwind","Brutality+1","Limit Break+1","Spot Weakness","Blood for Blood","Perfected Strike","Flex+1","Rupture+1","Combust+1","Battle Trance","Infernal Blade+1","Decay"],"max_hp_per_floor":[80,80,80,80,80,80,80,80,80,80,80,80,80,80,80,80,80,80,80,80,80,80,80,80,80,80,80,80,80,80,80,80,80],"relics":["Burning Blood","War Paint","Ectoplasm","Frozen Egg 2","Bird Faced Urn","Blue Candle"],"card_choices":[{"not_picked":["Headbutt","True Grit"],"picked":"Body Slam","floor":1},{"not_picked":["Heavy Blade","Perfected Strike"],"picked":"Rupture","floor":2},{"not_picked":["Carnage","Cleave"],"picked":"Flex","floor":3},{"not_picked":["Twin Strike","Blood for Blood"],"picked":"Limit Break","floor":5},{"not_picked":["Havoc","Pommel Strike"],"picked":"Perfected Strike","floor":18},{"not_picked":["Burning Pact","Clash"],"picked":"Flex","floor":20},{"not_picked":["Clash","True Grit"],"picked":"Combust","floor":22},{"not_picked":["Rampage","Spot Weakness"],"picked":"Battle Trance","floor":25},{"not_picked":["Seeing Red","Body Slam"],"picked":"Infernal Blade","floor":29}],"player_experience":236743,"potions_floor_usage":[3,16,29,33],"damage_taken":[{"damage":4,"enemies":"Cultist","floor":1,"turns":2},{"damage":4,"enemies":"2 Louse","floor":2,"turns":3},{"damage":9,"enemies":"Small Slimes","floor":3,"turns":2},{"damage":25,"enemies":"Gremlin Gang","floor":5,"turns":3},{"damage":9,"enemies":"Exordium Thugs","floor":7,"turns":4},{"damage":13,"enemies":"Blue Slaver","floor":14,"turns":2},{"damage":58,"enemies":"Hexaghost","floor":16,"turns":5},{"damage":6,"enemies":"3 Byrds","floor":18,"turns":3},{"damage":6,"enemies":"Spheric Guardian","floor":20,"turns":3},{"damage":36,"enemies":"Centurion and Healer","floor":22,"turns":3},{"damage":17,"enemies":"Snecko","floor":24,"turns":4},{"damage":14,"enemies":"Sentry and Sphere","floor":25,"turns":3},{"damage":27,"enemies":"Snake Plant","floor":28,"turns":3},{"damage":55,"enemies":"Slavers","floor":29,"turns":5},{"damage":51,"enemies":"Automaton","floor":33,"turns":6}],"event_choices":[{"event_name":"Match and Keep!","player_choice":"2 cards matched","floor":4,"damage_taken":0},{"event_name":"Addict","player_choice":"Obtained Relic","floor":19,"damage_taken":0},{"event_name":"Back to Basics","player_choice":"Simplicity","floor":30,"damage_taken":0},{"event_name":"Forgotten Altar","player_choice":"Smashed Altar","floor":31,"damage_taken":0}],"boss_relics":[{"not_picked":["Black Star","Calling Bell"],"picked":"Ectoplasm"}],"potions_floor_spawned":[2,7,14,18,25,28],"seed_played":"-5317620323187967384","killed_by":"Automaton","ascension_level":0,"is_trial":false}