{"gold_per_floor":[118,138,15,15,34,34,50,50,50,50,63,63,93,93,93,197,197,209,219,219,219,144,144,144],"floor_reached":24,"playtime":1564,"items_purged":[],"score":243,"play_id":"835c09da-95dd-4696-98bb-12c7b25e73dc","local_time":"20181206180704","is_ascension_mode":true,"campfire_choices":[{"data":"Fusion","floor":6,"key":"SMITH"},{"data":"Dualcast","floor":8,"key":"SMITH"},{"data":"Rebound","floor":10,"key":"SMITH"},{"data":"Reinforced Body","floor":12,"key":"SMITH"},{"floor":15,"key":"REST"},{"data":"Redo","floor":23,"key":"SMITH"}],"neow_cost":"TEN_PERCENT_HP_LOSS","seed_source_timestamp":1225342463655660,"circlet_count":0,"master_deck":["Strike_B","Strike_B","Strike_B","Defend_B","Defend_B","Defend_B","Defend_B","Zap+1","Dualcast+1","Meteor Strike","Self Repair","Rebound+1","Fusion+1","Ball Lightning","Reinforced Body+1","Skim","Multi-Cast","Coolheaded","Aggregate","Redo+1","Reinforced Body","Defragment","Leap","Writhe"],"relics":["Cracked Core","Molten Egg 2","Ice Cream","Orrery","Vajra"],"potions_floor_usage":[3,13,13,24],"damage_taken":[{"damage":0,"enemies":"Cultist","floor":1,"turns":4},{"damage":9,"enemies":"Jaw Worm","floor":2,"turns":4},{"damage":7,"enemies":"2 Louse","floor":5,"turns":3},{"damage":24,"enemies":"Large Slime","floor":7,"turns":6},{"damage":4,"enemies":"Exordium Wildlife","floor":11,"turns":4},{"damage":20,"enemies":"3 Sentries","floor":13,"turns":6},{"damage":41,"enemies":"The Guardian","floor":16,"turns":10},{"damage":7,"enemies":"Chosen","floor":18,"turns":4},{"damage":18,"enemies":"Spheric Guardian","floor":19,"turns":4},{"damage":47,"enemies":"Gremlin Leader","floor":24,"turns":5}],"seed_played":"-5032703096569187297","potions_obtained":[{"floor":2,"key":"LiquidBronze"},{"floor":7,"key":"Poison Potion"},{"floor":11,"key":"PowerPotion"},{"floor":16,"key":"SkillPotion"}],"is_trial":false,"path_per_floor":["M","M","$","?","M","R","M","R","T","R","M","R","E","?","R","B",null,"M","M","?","?","?","R","E"],"character_chosen":"DEFECT","items_purchased":["Rebound","Fruit Juice"],"campfire_rested":1,"item_purchase_floors":[3,3],"current_hp_per_floor":[68,59,64,64,57,57,40,40,40,40,43,43,23,23,44,10,57,57,46,46,46,46,46,0],"gold":144,"neow_bonus":"THREE_RARE_CARDS","is_prod":false,"is_daily":false,"chose_seed":false,"campfire_upgraded":5,"win_rate":0,"timestamp":1544141224,"path_taken":["M","?","$","?","M","R","M","R","T","R","?","R","E","?","R","BOSS","M","M","?","?","?","R","E"],"build_version":"2018-11-15","purchased_purges":0,"victory":false,"max_hp_per_floor":[68,68,73,73,73,73,73,73,73,73,73,73,73,73,73,73,73,73,73,73,73,73,73,73],"card_choices":[{"not_picked":["Multi-Cast","All For One"],"picked":"Meteor Strike","floor":0},{"not_picked":["Go for the Eyes","Beam Cell","Doom and Gloom"],"picked":"SKIP","floor":1},{"not_picked":["Cold Snap","Go for the Eyes"],"picked":"Self Repair","floor":2},{"not_picked":["Conserve Battery","Chill"],"picked":"Fusion","floor":5},{"not_picked":["Redo","Double Energy"],"picked":"Ball Lightning","floor":7},{"not_picked":["FTL+1","Scrape+1"],"picked":"Reinforced Body","floor":11},{"not_picked":["Gash+1","Lockon+1"],"picked":"Skim","floor":13},{"not_picked":["Reboot","All For One+1"],"picked":"Multi-Cast","floor":16},{"not_picked":["Turbo","Aggregate"],"picked":"Coolheaded","floor":17},{"not_picked":["Genetic Algorithm","Darkness"],"picked":"Aggregate","floor":17},{"not_picked":["Force Field","Barrage+1"],"picked":"Redo","floor":17},{"not_picked":["Beam Cell+1","Streamline+1"],"picked":"Reinforced Body","floor":17},{"not_picked":["Steam","Cold Snap+1"],"picked":"Defragment","floor":17},{"not_picked":["Static Discharge","Tempest"],"picked":"Leap","floor":18},{"not_picked":["Consume","Defragment","Darkness"],"picked":"SKIP","floor":19}],"player_experience":634467,"relics_obtained":[{"floor":9,"key":"Molten Egg 2"},{"floor":13,"key":"Ice Cream"}],"event_choices":[{"damage_healed":0,"gold_gain":0,"player_choice":"Forge","damage_taken":0,"max_hp_gain":0,"max_hp_loss":0,"event_name":"Accursed Blacksmith","floor":4,"gold_loss":0,"cards_upgraded":["Zap"]},{"damage_healed":0,"gold_gain":0,"player_choice":"Ignored","damage_taken":0,"max_hp_gain":0,"max_hp_loss":0,"event_name":"Liars Game","floor":14,"gold_loss":0},{"damage_healed":0,"gold_gain":0,"player_choice":"Ignored","damage_taken":0,"max_hp_gain":0,"max_hp_loss":0,"event_name":"Vampires","floor":20,"gold_loss":0},{"damage_healed":0,"gold_gain":0,"player_choice":"Opened","damage_taken":0,"relics_obtained":["Vajra"],"max_hp_gain":0,"max_hp_loss":0,"event_name":"The Mausoleum","floor":21,"gold_loss":0,"cards_obtained":["Writhe"]},{"cards_removed":["Strike_B"],"damage_healed":0,"gold_gain":0,"player_choice":"Gave Gold","damage_taken":0,"max_hp_gain":0,"max_hp_loss":0,"event_name":"Beggar","floor":22,"gold_loss":75}],"is_beta":false,"boss_relics":[{"not_picked":["FrozenCore","Philosopher\u0027s Stone"],"picked":"Orrery"}],"items_purged_floors":[],"is_endless":false,"potions_floor_spawned":[2,7,11,16],"killed_by":"Gremlin Leader","ascension_level":5}