{"gold_per_floor":[12,22,22,22,38,71,94,94,167,178,195,214,244,256,256,361,361,380,90,100,115,15,26,45,62,62,97,97,114,144,161,161,262,262,278,278,293,73,73,90,100,132,158,173,192,210,210],"floor_reached":47,"playtime":3160,"items_purged":["Defend_B","Defend_B","Strike_B"],"score":726,"play_id":"8ee54057-31ff-4121-a40a-d3b37442177c","local_time":"20190223191028","is_ascension_mode":true,"campfire_choices":[{"data":"Zap","floor":8,"key":"SMITH"},{"floor":15,"key":"REST"},{"floor":28,"key":"REST"},{"floor":32,"key":"REST"}],"neow_cost":"NO_GOLD","seed_source_timestamp":89288452622833,"circlet_count":0,"master_deck":["Strike_B+1","Strike_B","Defend_B","Defend_B","Zap+1","Dualcast","All For One","Gash","Leap","Gash","Gash+1","Reinforced Body+1","Auto Shields+1","Redo+1","Conserve Battery+1","Leap+1","Apotheosis+1","Conserve Battery+1","FTL","Gash","Leap+1","Steam+1","Skim+1","Buffer","Ball Lightning+1","Gash","Steam+1","Parasite","Consume+1"],"relics":["Cracked Core","Art of War","Pen Nib","Toxic Egg 2","Vajra","Inserter","Emotion Chip","StoneCalendar","Regal Pillow","Sozu","Matryoshka","Frozen Egg 2","Whetstone","Orichalcum"],"potions_floor_usage":[6,10,21,21,21,25,27,33],"damage_taken":[{"damage":0,"enemies":"Cultist","floor":1,"turns":3},{"damage":6,"enemies":"Small Slimes","floor":2,"turns":4},{"damage":0,"enemies":"Jaw Worm","floor":5,"turns":3},{"damage":12,"enemies":"3 Sentries","floor":6,"turns":9},{"damage":5,"enemies":"Gremlin Gang","floor":10,"turns":4},{"damage":4,"enemies":"Red Slaver","floor":11,"turns":2},{"damage":8,"enemies":"Blue Slaver","floor":12,"turns":2},{"damage":13,"enemies":"Lagavulin","floor":13,"turns":4},{"damage":0,"enemies":"Large Slime","floor":14,"turns":5},{"damage":7,"enemies":"The Guardian","floor":16,"turns":8},{"damage":4,"enemies":"3 Byrds","floor":18,"turns":5},{"damage":0,"enemies":"Spheric Guardian","floor":20,"turns":4},{"damage":10,"enemies":"Snecko","floor":21,"turns":5},{"damage":7,"enemies":"Centurion and Healer","floor":23,"turns":6},{"damage":20,"enemies":"Snake Plant","floor":24,"turns":5},{"damage":15,"enemies":"Chosen and Byrds","floor":25,"turns":6},{"damage":8,"enemies":"Book of Stabbing","floor":27,"turns":5},{"damage":0,"enemies":"Sentry and Sphere","floor":29,"turns":4},{"damage":14,"enemies":"Slavers","floor":30,"turns":4},{"damage":13,"enemies":"Centurion and Healer","floor":31,"turns":6},{"damage":32,"enemies":"Collector","floor":33,"turns":7},{"damage":0,"enemies":"3 Shapes","floor":35,"turns":5},{"damage":0,"enemies":"Orb Walker","floor":37,"turns":2},{"damage":0,"enemies":"4 Shapes","floor":40,"turns":5},{"damage":5,"enemies":"Writhing Mass","floor":41,"turns":6},{"damage":32,"enemies":"Nemesis","floor":42,"turns":7},{"damage":7,"enemies":"Transient","floor":44,"turns":5},{"damage":29,"enemies":"Spire Growth","floor":45,"turns":5},{"damage":0,"enemies":"3 Darklings","floor":46,"turns":6},{"damage":15,"enemies":"Jaw Worm Horde","floor":47,"turns":2}],"seed_played":"-169074693527889292","potions_obtained":[{"floor":1,"key":"PowerPotion"},{"floor":2,"key":"SpeedPotion"},{"floor":12,"key":"Strength Potion"},{"floor":13,"key":"EntropicBrew"},{"floor":16,"key":"Energy Potion"},{"floor":27,"key":"Regen Potion"},{"floor":30,"key":"Strength Potion"}],"is_trial":false,"path_per_floor":["M","M","?","?","M","E","T","R","T","M","M","M","E","M","R","B",null,"M","$","M","M","$","M","M","M","T","E","R","M","E","M","R","B",null,"M","T","M","$","?","M","M","E","T","M","M","M","M"],"character_chosen":"DEFECT","items_purchased":["Apotheosis+1","Conserve Battery+1","Gash","Steam+1"],"campfire_rested":3,"item_purchase_floors":[19,19,38,38],"current_hp_per_floor":[68,62,62,55,55,43,43,43,43,38,34,26,13,13,35,28,63,59,59,59,49,49,42,22,22,22,14,36,36,22,9,46,29,64,64,64,64,64,64,64,59,27,27,20,7,7,0],"gold":210,"neow_bonus":"THREE_RARE_CARDS","is_prod":false,"is_daily":false,"chose_seed":false,"campfire_upgraded":1,"win_rate":0,"timestamp":1550970628,"path_taken":["M","M","?","?","M","E","?","R","T","M","M","M","E","M","R","BOSS","M","$","?","M","$","M","M","M","T","E","R","M","E","M","R","BOSS","M","?","M","$","?","M","M","E","T","M","M","M","?"],"build_version":"2019-01-23","purchased_purges":3,"victory":false,"max_hp_per_floor":[75,75,75,75,75,75,75,75,75,75,75,75,75,75,75,75,75,75,75,75,75,75,75,75,75,75,75,75,75,75,75,75,75,75,75,75,75,75,75,75,75,75,75,75,75,75,75],"card_choices":[{"not_picked":["Multi-Cast","Rainbow"],"picked":"All For One","floor":0},{"not_picked":["Blizzard","Capacitor"],"picked":"Gash","floor":1},{"not_picked":["Self Repair","Cold Snap"],"picked":"Leap","floor":2},{"not_picked":["Compile Driver","Hologram","Barrage"],"picked":"SKIP","floor":5},{"not_picked":["Double Energy","Defragment"],"picked":"Gash","floor":6},{"not_picked":["Genetic Algorithm+1","Go for the Eyes"],"picked":"Gash","floor":10},{"not_picked":["Chill+1","Sweeping Beam"],"picked":"Reinforced Body+1","floor":11},{"not_picked":["Hologram+1","Sweeping Beam"],"picked":"Auto Shields+1","floor":12},{"not_picked":["Go for the Eyes","Compile Driver"],"picked":"Redo+1","floor":13},{"not_picked":["Beam Cell","Melter"],"picked":"Conserve Battery+1","floor":14},{"not_picked":["Hello World+1","Cold Snap"],"picked":"Leap+1","floor":18},{"not_picked":["Barrage","Sweeping Beam","Conserve Battery+1"],"picked":"SKIP","floor":20},{"not_picked":["Sunder+1","Barrage"],"picked":"FTL","floor":21},{"not_picked":["Steam+1","Doom and Gloom","Rip and Tear"],"picked":"SKIP","floor":23},{"not_picked":["Seek+1","Leap+1"],"picked":"Gash","floor":24},{"not_picked":["Turbo+1","Go for the Eyes"],"picked":"Leap+1","floor":25},{"not_picked":["Leap+1","Conserve Battery+1","Barrage+1"],"picked":"SKIP","floor":27},{"not_picked":["Machine Learning","Compile Driver"],"picked":"Steam+1","floor":29},{"not_picked":["Beam Cell","FTL","Self Repair"],"picked":"SKIP","floor":30},{"not_picked":["Stack+1","Aggregate+1"],"picked":"Skim+1","floor":31},{"not_picked":["Meteor Strike","Core Surge"],"picked":"Buffer","floor":33},{"not_picked":["Hologram+1","Coolheaded+1"],"picked":"Ball Lightning+1","floor":35},{"not_picked":["Genetic Algorithm+1","Compile Driver+1","Cold Snap"],"picked":"SKIP","floor":37},{"not_picked":["Genetic Algorithm+1","Melter","Hologram+1"],"picked":"SKIP","floor":40},{"not_picked":["Reinforced Body+1","Cold Snap+1","Sweeping Beam"],"picked":"SKIP","floor":41},{"not_picked":["Genetic Algorithm+1","Loop"],"picked":"Consume+1","floor":42},{"not_picked":["Compile Driver","Conserve Battery+1","Meteor Strike"],"picked":"SKIP","floor":44},{"not_picked":["Aggregate+1","Rebound+1","FTL"],"picked":"SKIP","floor":45},{"not_picked":["Barrage","Tempest+1","Steam+1"],"picked":"SKIP","floor":46}],"player_experience":728454,"relics_obtained":[{"floor":6,"key":"Art of War"},{"floor":7,"key":"Pen Nib"},{"floor":9,"key":"Toxic Egg 2"},{"floor":13,"key":"Vajra"},{"floor":26,"key":"Emotion Chip"},{"floor":27,"key":"StoneCalendar"},{"floor":30,"key":"Regal Pillow"},{"floor":36,"key":"Matryoshka"},{"floor":42,"key":"Frozen Egg 2"},{"floor":43,"key":"Whetstone"},{"floor":43,"key":"Orichalcum"}],"event_choices":[{"damage_healed":0,"gold_gain":0,"player_choice":"Leave","damage_taken":0,"max_hp_gain":0,"max_hp_loss":0,"event_name":"The Cleric","floor":3,"gold_loss":0},{"cards_removed":["Strike_B"],"damage_healed":0,"gold_gain":0,"player_choice":"Card Removal","damage_taken":7,"max_hp_gain":0,"max_hp_loss":0,"event_name":"Golden Wing","floor":4,"gold_loss":0},{"damage_healed":0,"gold_gain":0,"player_choice":"Got Potions","damage_taken":0,"max_hp_gain":0,"max_hp_loss":0,"event_name":"Lab","floor":39,"gold_loss":0}],"is_beta":false,"boss_relics":[{"not_picked":["White Beast Statue","Nuclear Battery"],"picked":"Inserter"},{"not_picked":["Runic Pyramid","Busted Crown"],"picked":"Sozu"}],"items_purged_floors":[19,22,38],"is_endless":false,"potions_floor_spawned":[1,2,12,13,16,20,24,27,30,35,41,45,46],"killed_by":"Jaw Worm Horde","ascension_level":7}