{"gold_per_floor":[114,114,70,87,106,106,71,20,47,63,97,111,126,153,153,250,250,260,270,41,140,140,172,172,184,184,184,184,213,213,233,233,333,333,352,262,5,105,105,105,105,121,121,152,166,166,166,199,199,199],"floor_reached":51,"playtime":4132,"items_purged":["Defend_G"],"score":1089,"play_id":"09828922-4e55-459d-9aa7-4d0f6c120f23","local_time":"20191021223623","is_ascension_mode":true,"campfire_choices":[{"data":"Footwork","floor":6.0,"key":"SMITH"},{"floor":15.0,"key":"REST"},{"data":"Crippling Poison","floor":24.0,"key":"SMITH"},{"data":"Leg Sweep","floor":27.0,"key":"SMITH"},{"data":"Dash","floor":30.0,"key":"SMITH"},{"floor":32.0,"key":"REST"},{"data":"Well Laid Plans","floor":40.0,"key":"SMITH"},{"floor":47,"key":"REST"},{"floor":49,"key":"REST"}],"neow_cost":"PERCENT_DAMAGE","seed_source_timestamp":0,"circlet_count":0,"master_deck":["AscendersBane","Strike_G","Strike_G","Strike_G","Defend_G","Defend_G","Defend_G","Defend_G","Survivor","Neutralize","Footwork+1","Dash+1","Poisoned Stab+1","Backflip","Leg Sweep+1","Well Laid Plans+1","Doppelganger","Bouncing Flask","Crippling Poison+1","Corpse Explosion","PiercingWail+1","Dash+1","Bane+1","Unload+1","Catalyst+1","Dagger Spray+1","Dodge and Roll+1","Footwork","Caltrops"],"special_seed":0,"relics":["Ring of the Serpent","Pocketwatch","PreservedInsect","Molten Egg 2","Dream Catcher","Sozu","Ornamental Fan","Toxic Egg 2","Mercury Hourglass","Juzu Bracelet","Pen Nib","Shovel","Shuriken","Ninja Scroll","Snake Skull"],"potions_floor_usage":[50],"damage_taken":[{"damage":6.0,"enemies":"Jaw Worm","floor":1.0,"turns":5.0},{"damage":1.0,"enemies":"Small Slimes","floor":4.0,"turns":4.0},{"damage":0.0,"enemies":"2 Louse","floor":5.0,"turns":3.0},{"damage":0.0,"enemies":"Looter","floor":10.0,"turns":3.0},{"damage":4.0,"enemies":"3 Sentries","floor":11.0,"turns":6.0},{"damage":0.0,"enemies":"2 Fungi Beasts","floor":12.0,"turns":4.0},{"damage":2.0,"enemies":"Large Slime","floor":13.0,"turns":9.0},{"damage":19.0,"enemies":"Lagavulin","floor":14.0,"turns":8.0},{"damage":16.0,"enemies":"Slime Boss","floor":16.0,"turns":15.0},{"damage":0.0,"enemies":"Chosen","floor":18.0,"turns":7.0},{"damage":1.0,"enemies":"3 Byrds","floor":19.0,"turns":7.0},{"damage":8.0,"enemies":"Book of Stabbing","floor":23.0,"turns":7.0},{"damage":6.0,"enemies":"Centurion and Healer","floor":25.0,"turns":5.0},{"damage":5.0,"enemies":"Gremlin Leader","floor":29.0,"turns":5.0},{"damage":10.0,"enemies":"Sentry and Sphere","floor":31.0,"turns":4.0},{"damage":48.0,"enemies":"Automaton","floor":33.0,"turns":11.0},{"damage":8.0,"enemies":"3 Darklings","floor":35.0,"turns":2.0},{"damage":0.0,"enemies":"Mind Bloom Boss Battle","floor":38.0,"turns":7.0},{"damage":0.0,"enemies":"3 Shapes","floor":42.0,"turns":4.0},{"damage":2.0,"enemies":"Nemesis","floor":44.0,"turns":5.0},{"damage":1,"enemies":"Spire Growth","floor":45,"turns":5},{"damage":21,"enemies":"Reptomancer","floor":48,"turns":4},{"damage":37,"enemies":"Time Eater","floor":50,"turns":13}],"seed_played":"4096567437174512050","potions_obtained":[{"floor":1.0,"key":"AttackPotion"},{"floor":4.0,"key":"GamblersBrew"},{"floor":11.0,"key":"SteroidPotion"},{"floor":14.0,"key":"PowerPotion"}],"is_trial":false,"path_per_floor":["M","?","?","M","M","R","?","$","T","M","E","M","M","E","R","B",null,"M","M","$","?","?","E","R","M","T","R","?","E","R","M","R","B",null,"M","?","$","?","?","R","?","M","T","E","M","?","R","E","R","B",null],"character_chosen":"THE_SILENT","items_purchased":["Backflip","Corpse Explosion","Catalyst+1","Dagger Spray+1","Pen Nib"],"campfire_rested":4,"item_purchase_floors":[8,20,37,37,37],"current_hp_per_floor":[39,39,39,38,38,38,55,55,55,55,51,51,49,30,51,35,61,61,60,60,60,60,52,52,46,46,46,46,41,41,31,52,4,54,46,46,46,46,46,46,46,46,46,44,43,43,62,41,60,23],"gold":199,"neow_bonus":"ONE_RARE_RELIC","is_prod":false,"is_daily":false,"chose_seed":false,"campfire_upgraded":5,"win_rate":0,"timestamp":1571715383,"path_taken":["M","?","?","M","M","R","?","$","T","M","E","M","M","E","R","BOSS","M","M","$","?","?","E","R","M","T","R","?","E","R","M","R","BOSS","M","?","$","?","?","R","?","M","T","E","M","?","R","E","R","BOSS"],"build_version":"2019-07-17","purchased_purges":1,"victory":true,"max_hp_per_floor":[70,70,70,70,70,70,70,70,70,70,70,70,70,70,70,70,70,70,70,70,70,70,70,70,70,70,70,70,70,70,70,70,70,70,70,70,70,70,70,70,66,66,66,66,66,66,66,66,66,66],"card_choices":[{"not_picked":["Tactician","Blur"],"picked":"Footwork","floor":1.0},{"not_picked":["Bouncing Flask","Finisher"],"picked":"Dash","floor":4.0},{"not_picked":["Heel Hook","Blade Dance"],"picked":"Poisoned Stab","floor":5.0},{"not_picked":["Deflect","Poisoned Stab","Riddle With Holes"],"picked":"SKIP","floor":10.0},{"not_picked":["Flechettes","Terror"],"picked":"Leg Sweep","floor":11.0},{"not_picked":["Concentrate","Deflect","Flying Knee+1"],"picked":"SKIP","floor":12.0},{"not_picked":["Deadly Poison","Eviscerate+1","Backflip"],"picked":"SKIP","floor":13.0},{"not_picked":["Accuracy","Concentrate"],"picked":"Well Laid Plans","floor":14.0},{"not_picked":["Tools of the Trade","Night Terror"],"picked":"Doppelganger","floor":16.0},{"not_picked":["Deflect","Endless Agony+1"],"picked":"Bouncing Flask","floor":18.0},{"not_picked":["Caltrops","Poisoned Stab+1"],"picked":"Crippling Poison","floor":19.0},{"not_picked":["Crippling Poison+1","Eviscerate+1"],"picked":"PiercingWail+1","floor":23.0},{"not_picked":["Cloak And Dagger","Poisoned Stab+1"],"picked":"Dash+1","floor":25.0},{"not_picked":["Cloak And Dagger+1","Dagger Throw+1","Bouncing Flask+1"],"picked":"SKIP","floor":29.0},{"not_picked":["Sucker Punch+1","Riddle With Holes+1"],"picked":"Bane+1","floor":31.0},{"not_picked":["Grand Finale+1","Storm of Steel+1"],"picked":"Unload+1","floor":33.0},{"not_picked":["Well Laid Plans+1","Slice+1","Poisoned Stab+1"],"picked":"SKIP","floor":35.0},{"not_picked":["Expertise+1","Flechettes+1","Poisoned Stab+1"],"picked":"SKIP","floor":42.0},{"not_picked":["Masterful Stab+1","Slice+1"],"picked":"Dodge and Roll+1","floor":44.0},{"not_picked":["Dagger Spray+1","Deflect+1"],"picked":"Footwork","floor":45},{"not_picked":["Well Laid Plans+1","Distraction+1","Escape Plan+1"],"picked":"SKIP","floor":48},{"not_picked":["Outmaneuver+1","Doppelganger+1"],"picked":"Caltrops","floor":49}],"player_experience":910879,"relics_obtained":[{"floor":9.0,"key":"PreservedInsect"},{"floor":11.0,"key":"Molten Egg 2"},{"floor":14.0,"key":"Dream Catcher"},{"floor":23.0,"key":"Ornamental Fan"},{"floor":26.0,"key":"Toxic Egg 2"},{"floor":29.0,"key":"Juzu Bracelet"},{"floor":38.0,"key":"Shovel"},{"floor":43.0,"key":"Shuriken"},{"floor":44.0,"key":"Ninja Scroll"},{"floor":48,"key":"Snake Skull"}],"event_choices":[{"damage_healed":0.0,"max_hp_gain":0.0,"max_hp_loss":0.0,"gold_gain":0.0,"event_name":"Liars Game","player_choice":"Ignored","floor":2.0,"gold_loss":0.0,"damage_taken":0.0},{"damage_healed":0.0,"max_hp_gain":0.0,"max_hp_loss":0.0,"gold_gain":0.0,"event_name":"World of Goop","player_choice":"Left Gold","floor":3.0,"gold_loss":44.0,"damage_taken":0.0},{"damage_healed":17.0,"max_hp_gain":0.0,"max_hp_loss":0.0,"gold_gain":0.0,"event_name":"The Cleric","player_choice":"Healed","floor":7.0,"gold_loss":35.0,"damage_taken":0.0},{"damage_healed":0.0,"max_hp_gain":0.0,"max_hp_loss":0.0,"gold_gain":99.0,"event_name":"Nest","player_choice":"Stole From Cult","floor":21.0,"gold_loss":0.0,"damage_taken":0.0},{"damage_healed":0.0,"max_hp_gain":0.0,"max_hp_loss":0.0,"gold_gain":0.0,"event_name":"Ghosts","player_choice":"Ignored","floor":22.0,"gold_loss":0.0,"damage_taken":0.0},{"damage_healed":0.0,"max_hp_gain":0.0,"max_hp_loss":0.0,"gold_gain":0.0,"event_name":"The Mausoleum","player_choice":"Opened","floor":28.0,"gold_loss":0.0,"damage_taken":0.0,"relics_obtained":["Mercury Hourglass"]},{"cards_removed":["Strike_G"],"damage_healed":0.0,"max_hp_gain":0.0,"max_hp_loss":0.0,"gold_gain":0.0,"event_name":"Designer","player_choice":"Upgrade and Remove","floor":36.0,"gold_loss":90.0,"damage_taken":0.0,"cards_upgraded":["Poisoned Stab"]},{"damage_healed":0.0,"max_hp_gain":0.0,"max_hp_loss":0.0,"gold_gain":0.0,"event_name":"MindBloom","player_choice":"Fight","floor":38.0,"gold_loss":0.0,"damage_taken":0.0},{"cards_removed":["Strike_G"],"damage_healed":0.0,"max_hp_gain":0.0,"max_hp_loss":0.0,"gold_gain":0.0,"event_name":"Falling","player_choice":"Removed Attack","floor":39.0,"gold_loss":0.0,"damage_taken":0.0},{"damage_healed":0.0,"max_hp_gain":0.0,"max_hp_loss":4.0,"gold_gain":0.0,"event_name":"Winding Halls","player_choice":"Max HP","floor":41.0,"gold_loss":0.0,"damage_taken":0.0},{"damage_healed":0,"gold_gain":0,"player_choice":"Memory 1","damage_taken":0,"max_hp_gain":0,"max_hp_loss":0,"event_name":"SensoryStone","floor":46,"gold_loss":0}],"is_beta":false,"boss_relics":[{"not_picked":["Lizard Tail","Snecko Eye"],"picked":"Sozu"},{"not_picked":["Cursed Key","White Beast Statue"],"picked":"Ring of the Serpent"}],"items_purged_floors":[20],"is_endless":false,"potions_floor_spawned":[1,4,11,14,23,25,31,42,45],"ascension_level":10}