{"gold_per_floor":[113,63,77,92,108,141,155,168,194,42,76,176,176,209,209,304,304,304,229,180,180,180,180,180],"floor_reached":24,"playtime":1629,"items_purged":[],"score":238,"play_id":"4df499b4-b6da-4a54-b0b4-33dfcaef0a9f","local_time":"20180901223050","is_ascension_mode":false,"campfire_choices":[{"data":"Zap","floor":13,"key":"SMITH"},{"data":"Sunder","floor":15,"key":"SMITH"}],"neow_cost":"NONE","seed_source_timestamp":1291398570919167,"circlet_count":0,"master_deck":["Strike_B","Strike_B","Defend_B","Defend_B","Defend_B","Zap+1","Dualcast","Steam","Sweeping Beam","Go for the Eyes","Tempest","FTL","FTL","Thunder Strike","Static Discharge","Sunder+1","Undo","Beam Cell+1","Conserve Battery","All For One","Multi-Cast"],"relics":["Cracked Core","Pantograph","Bronze Scales","Strawberry","Pen Nib","Ectoplasm","Boot"],"potions_floor_usage":[11],"damage_taken":[{"damage":2,"enemies":"Small Slimes","floor":1,"turns":4},{"damage":0,"enemies":"2 Louse","floor":3,"turns":3},{"damage":0,"enemies":"Cultist","floor":4,"turns":3},{"damage":3,"enemies":"Exordium Thugs","floor":5,"turns":4},{"damage":7,"enemies":"Lagavulin","floor":6,"turns":5},{"damage":5,"enemies":"Looter","floor":7,"turns":3},{"damage":2,"enemies":"Exordium Wildlife","floor":8,"turns":2},{"damage":14,"enemies":"3 Sentries","floor":11,"turns":4},{"damage":14,"enemies":"Gremlin Nob","floor":14,"turns":3},{"damage":12,"enemies":"Slime Boss","floor":16,"turns":6},{"damage":5,"enemies":"Spheric Guardian","floor":18,"turns":3},{"damage":1,"enemies":"Shell Parasite","floor":21,"turns":3},{"damage":30,"enemies":"Cultist and Chosen","floor":22,"turns":4},{"damage":38,"enemies":"Slavers","floor":23,"turns":5},{"damage":10,"enemies":"3 Cultists","floor":24,"turns":2}],"seed_played":"-8107204475935753433","potions_obtained":[{"floor":3,"key":"FocusPotion"},{"floor":5,"key":"SkillPotion"},{"floor":6,"key":"Ancient Potion"},{"floor":22,"key":"LiquidBronze"}],"is_trial":false,"path_per_floor":["M","?","M","M","M","E","M","M","T","$","E","?","R","E","R","B",null,"M","?","$","M","M","E"],"character_chosen":"DEFECT","items_purchased":["Static Discharge","Sunder","Conserve Battery"],"campfire_rested":0,"item_purchase_floors":[10,10,20],"current_hp_per_floor":[73,73,73,73,70,63,58,56,56,56,49,49,49,35,35,48,82,77,77,77,76,46,8,0],"gold":180,"neow_bonus":"TRANSFORM_CARD","is_prod":false,"is_daily":false,"chose_seed":false,"campfire_upgraded":2,"win_rate":0.0,"timestamp":1535859050,"path_taken":["M","?","M","M","M","E","M","M","T","$","E","?","R","E","R","BOSS","M","?","$","M","M","E","M"],"build_version":"2018-08-30","purchased_purges":0,"victory":false,"max_hp_per_floor":[75,75,75,75,75,75,75,75,75,75,82,82,82,82,82,82,82,82,82,82,82,82,82,82],"card_choices":[{"not_picked":["Compile Driver","Hologram"],"picked":"Sweeping Beam","floor":1},{"not_picked":["Gash","Consume"],"picked":"Go for the Eyes","floor":3},{"not_picked":["Redo","Turbo"],"picked":"Tempest","floor":4},{"not_picked":["Beam Cell","Gash"],"picked":"FTL","floor":5},{"not_picked":["Leap","Gash"],"picked":"FTL","floor":6},{"not_picked":["Redo","Cold Snap","Gash"],"picked":"SKIP","floor":7},{"not_picked":["Darkness","Reinforced Body"],"picked":"Thunder Strike","floor":8},{"not_picked":["Ball Lightning","Reinforced Body"],"picked":"Undo","floor":11},{"not_picked":["Doom and Gloom","Rebound","Gash"],"picked":"SKIP","floor":14},{"not_picked":["Turbo","Leap"],"picked":"Beam Cell+1","floor":18},{"not_picked":["Coolheaded","Compile Driver"],"picked":"All For One","floor":21},{"not_picked":["Conserve Battery","Rebound","Leap+1"],"picked":"SKIP","floor":22},{"not_picked":["Scrape","Compile Driver+1"],"picked":"Multi-Cast","floor":23}],"player_experience":287959,"relics_obtained":[{"floor":6,"key":"Pantograph"},{"floor":9,"key":"Bronze Scales"},{"floor":11,"key":"Strawberry"},{"floor":14,"key":"Pen Nib"},{"floor":23,"key":"Boot"}],"event_choices":[{"event_name":"The Cleric","player_choice":"Card Removal","floor":2,"damage_taken":0},{"event_name":"Golden Shrine","player_choice":"Pray","floor":12,"damage_taken":0},{"event_name":"Beggar","player_choice":"Gave Gold","floor":19,"damage_taken":0}],"is_beta":false,"boss_relics":[{"not_picked":["Philosopher\u0027s Stone","Black Star"],"picked":"Ectoplasm"}],"items_purged_floors":[],"is_endless":false,"potions_floor_spawned":[3,5,6,7,22],"killed_by":"3 Cultists","ascension_level":0}