{"gold_per_floor":[362,217,234,409,71,71,84,159,241,241,257,270,270,288,288,385,385,395,50,66,14,114,114,128,128,128,142,142,142,142,160,160,160],"floor_reached":33,"playtime":1774,"items_purged":["Decay","Doubt"],"score":332,"play_id":"941c596c-6d40-4e5f-a1ff-85b180236943","local_time":"20191004145510","is_ascension_mode":true,"campfire_choices":[{"data":"Glacier","floor":6,"key":"SMITH"},{"data":"Redo","floor":10,"key":"SMITH"},{"floor":15,"key":"REST"},{"data":"Conserve Battery","floor":23,"key":"SMITH"},{"data":"Leap","floor":25,"key":"SMITH"},{"floor":28,"key":"REST"},{"floor":32,"key":"REST"}],"neow_cost":"CURSE","seed_source_timestamp":45696238714700,"circlet_count":0,"master_deck":["Strike_B+1","Strike_B+1","Strike_B+1","Strike_B+1","Defend_B+1","Defend_B+1","Defend_B+1","Defend_B+1","Zap","Dualcast+1","Redo+1","Melter","Glacier+1","Finesse","Sweeping Beam","Leap+1","Skim+1","Ball Lightning","Core Surge","Conserve Battery+1","Leap+1","Twin Strike+1"],"relics":["Cracked Core","Orichalcum","Frozen Egg 2","Sozu","War Paint","PrismaticShard","Question Card"],"potions_floor_usage":[12,16,16,33],"damage_taken":[{"damage":3,"enemies":"Cultist","floor":1,"turns":3},{"damage":2,"enemies":"Jaw Worm","floor":3,"turns":3},{"damage":0,"enemies":"Small Slimes","floor":7,"turns":2},{"damage":4,"enemies":"Looter","floor":11,"turns":2},{"damage":16,"enemies":"Lots of Slimes","floor":12,"turns":4},{"damage":0,"enemies":"2 Fungi Beasts","floor":14,"turns":3},{"damage":36,"enemies":"Slime Boss","floor":16,"turns":11},{"damage":0,"enemies":"Chosen","floor":18,"turns":5},{"damage":0,"enemies":"Spheric Guardian","floor":20,"turns":2},{"damage":13,"enemies":"Chosen and Byrds","floor":24,"turns":7},{"damage":15,"enemies":"Shelled Parasite and Fungi","floor":27,"turns":7},{"damage":20,"enemies":"3 Cultists","floor":31,"turns":6},{"damage":77,"enemies":"Champ","floor":33,"turns":13}],"seed_played":"-5396433043935403221","potions_obtained":[{"floor":3,"key":"SneckoOil"},{"floor":7,"key":"Ancient Potion"},{"floor":12,"key":"AttackPotion"},{"floor":14,"key":"Regen Potion"},{"floor":16,"key":"SpeedPotion"}],"is_trial":false,"path_per_floor":["M","$","M","?","$","R","M","?","T","R","M","M","?","M","R","B",null,"M","$","M","$","?","R","M","R","T","M","R","?","$","M","R","B"],"character_chosen":"DEFECT","items_purchased":["Melter","Orichalcum","Finesse","War Paint","PrismaticShard","Leap"],"campfire_rested":3,"item_purchase_floors":[2,5,5,19,19,21],"current_hp_per_floor":[65,65,63,63,63,63,63,52,52,52,48,32,17,17,39,18,61,61,61,61,61,61,61,48,48,48,33,55,55,55,35,57,0],"gold":160,"neow_bonus":"TWO_FIFTY_GOLD","is_prod":false,"is_daily":false,"chose_seed":false,"campfire_upgraded":4,"win_rate":0,"timestamp":1570218910,"path_taken":["M","$","M","?","$","R","M","?","T","R","M","M","?","M","R","BOSS","M","$","M","$","?","R","M","R","T","?","R","?","$","M","R","BOSS"],"build_version":"2019-07-17","purchased_purges":2,"victory":false,"max_hp_per_floor":[75,75,75,75,75,75,75,75,75,75,75,75,75,75,75,75,75,75,75,75,75,75,75,75,75,75,75,75,75,75,75,75,75],"card_choices":[{"not_picked":["Chill","Steam"],"picked":"Redo","floor":1},{"not_picked":["Melter","Loop"],"picked":"Glacier","floor":3},{"not_picked":["Self Repair","Gash"],"picked":"Sweeping Beam","floor":7},{"not_picked":["Consume","Aggregate"],"picked":"Leap","floor":11},{"not_picked":["BootSequence","Consume"],"picked":"Skim","floor":12},{"not_picked":["Sweeping Beam","Rebound"],"picked":"Ball Lightning","floor":14},{"not_picked":["Amplify","Rainbow"],"picked":"Core Surge","floor":16},{"not_picked":["Force Field","Chaos"],"picked":"Conserve Battery","floor":18},{"not_picked":["Sucker Punch+1","Sword Boomerang","Flex"],"picked":"SKIP","floor":20},{"not_picked":["Good Instincts","Heavy Blade+1","Perfected Strike"],"picked":"SKIP","floor":24},{"not_picked":["Consume","PiercingWail","Fire Breathing+1","Leap"],"picked":"SKIP","floor":27},{"not_picked":["Turbo","Masterful Stab","Blade Dance+1"],"picked":"Twin Strike+1","floor":31}],"player_experience":783389,"relics_obtained":[{"floor":9,"key":"Frozen Egg 2"},{"floor":26,"key":"Question Card"}],"event_choices":[{"damage_healed":0,"gold_gain":175,"player_choice":"AGREE","damage_taken":0,"max_hp_gain":0,"max_hp_loss":0,"event_name":"Liars Game","floor":4,"gold_loss":0,"cards_obtained":["Doubt"]},{"damage_healed":0,"gold_gain":75,"player_choice":"Gather Gold","damage_taken":11,"max_hp_gain":0,"max_hp_loss":0,"event_name":"World of Goop","floor":8,"gold_loss":0},{"damage_healed":0,"gold_gain":0,"player_choice":"Entered Light","damage_taken":15,"max_hp_gain":0,"max_hp_loss":0,"event_name":"Shining Light","floor":13,"gold_loss":0,"cards_upgraded":["Leap","Defend_B"]},{"damage_healed":0,"gold_gain":100,"player_choice":"Pray","damage_taken":0,"max_hp_gain":0,"max_hp_loss":0,"event_name":"Golden Shrine","floor":22,"gold_loss":0},{"damage_healed":0,"gold_gain":0,"player_choice":"Simplicity","damage_taken":0,"max_hp_gain":0,"max_hp_loss":0,"event_name":"Back to Basics","floor":29,"gold_loss":0,"cards_upgraded":["Strike_B","Strike_B","Strike_B","Strike_B","Defend_B","Defend_B","Defend_B"]}],"is_beta":false,"boss_relics":[{"not_picked":["Tiny House","Coffee Dripper"],"picked":"Sozu"}],"items_purged_floors":[2,5],"is_endless":false,"potions_floor_spawned":[3,7,12,14,16,18,20,31],"killed_by":"Champ","ascension_level":8}