{"path_per_floor":["M","?","?","M","$","R","M","R","T","M","M","?","M","M","R","B",null,"M","?","?","M","M","R","M","M","T","?","R","M","$","?","R"],"character_chosen":"IRONCLAD","items_purchased":["Blind","Bandage Up","Pear"],"gold_per_floor":[110,110,110,130,35,35,58,58,58,72,90,128,142,162,162,282,320,338,338,338,359,377,377,392,412,463,363,363,382,34,34,34],"floor_reached":33,"campfire_rested":5,"playtime":2783,"current_hp_per_floor":[73,73,53,56,56,80,80,80,80,80,71,64,54,53,77,52,85,76,76,76,57,33,58,47,34,34,34,59,33,43,43,71],"items_purged":[],"gold":34,"score":266,"play_id":"9a51e14d-8edd-4afb-ac95-5fbc18f368c5","local_time":"20180303190610","is_prod":false,"is_daily":false,"is_ascension_mode":false,"campfire_upgraded":1,"timestamp":1520125570,"path_taken":["M","?","?","M","$","R","M","R","T","?","M","?","M","M","R","BOSS","M","?","?","?","M","R","M","M","T","?","R","M","$","?","R","BOSS"],"build_version":"2018-03-01-PROD1","purchased_purges":0,"victory":false,"master_deck":["Strike_R","Strike_R","Strike_R","Strike_R","Strike_R","Defend_R+1","Defend_R","Defend_R","Bash","Heavy Blade","Cleave","Twin Strike","Blind","Flex+1","Inflame","Heavy Blade","Twin Strike","Offering","Perfected Strike+1","Carnage","Injury","Flex","Rupture+1","Whirlwind","J.A.X.","Bandage Up"],"max_hp_per_floor":[80,80,80,80,80,80,80,80,80,80,80,80,80,80,80,80,85,85,85,85,85,85,85,85,85,85,85,85,85,95,95,95],"relics":["Burning Blood","Golden Idol","Torii","Odd Mushroom","Tiny House","Bag of Marbles","Pear"],"card_choices":[{"not_picked":["Anger","Reckless Charge"],"picked":"Heavy Blade"},{"not_picked":["Pommel Strike","Anger"],"picked":"Cleave"},{"not_picked":["Combust","Sword Boomerang"],"picked":"Twin Strike"},{"not_picked":["True Grit","Dark Embrace"],"picked":"Flex"},{"not_picked":["Perfected Strike","Clash"],"picked":"Inflame"},{"not_picked":["Sever Soul","Flame Barrier"],"picked":"Heavy Blade"},{"not_picked":["Anger","Bloodletting"],"picked":"Twin Strike"},{"not_picked":["Bludgeon","Feed"],"picked":"Offering"},{"not_picked":["Carnage","Intimidate"],"picked":"Perfected Strike"},{"not_picked":["Cleave","True Grit"],"picked":"Flex"},{"not_picked":["Sword Boomerang","Infernal Blade"],"picked":"Rupture"},{"not_picked":["Clash","Pommel Strike"],"picked":"Whirlwind"}],"player_experience":23291,"potions_floor_usage":[16,16,18,21,24],"damage_taken":[{"damage":13,"enemies":"2 Louse","floor":1,"turns":3},{"damage":3,"enemies":"Jaw Worm","floor":4,"turns":4},{"damage":0,"enemies":"Small Slimes","floor":7,"turns":3},{"damage":1,"enemies":"2 Fungi Beasts","floor":10,"turns":2},{"damage":15,"enemies":"Exordium Wildlife","floor":11,"turns":4},{"damage":13,"enemies":"The Mushroom Lair","floor":12,"turns":3},{"damage":16,"enemies":"Blue Slaver","floor":13,"turns":3},{"damage":7,"enemies":"3 Louse","floor":14,"turns":3},{"damage":46,"enemies":"The Guardian","floor":16,"turns":12},{"damage":15,"enemies":"Shell Parasite","floor":18,"turns":4},{"damage":31,"enemies":"2 Thieves","floor":21,"turns":4},{"damage":30,"enemies":"3 Cultists","floor":22,"turns":6},{"damage":17,"enemies":"Centurion and Healer","floor":24,"turns":5},{"damage":19,"enemies":"Snake Plant","floor":25,"turns":3},{"damage":32,"enemies":"Slaver and Parasite","floor":29,"turns":3},{"damage":80,"enemies":"Collector","floor":33,"turns":5}],"event_choices":[{"event_name":"Liars Game","player_choice":"disagreed","floor":2,"damage_taken":0},{"event_name":"Golden Idol","player_choice":"Take Damage","floor":3,"damage_taken":0},{"event_name":"Mushrooms","player_choice":"Fought Mushrooms","floor":12,"damage_taken":0},{"event_name":"Transmorgrifier","player_choice":"Transform","floor":19,"damage_taken":0},{"event_name":"Accursed Blacksmith","player_choice":"Forge","floor":20,"damage_taken":0},{"event_name":"Drug Dealer","player_choice":"Got JAXXED","floor":27,"damage_taken":0},{"event_name":"Addict","player_choice":"Ignored","floor":31,"damage_taken":0}],"boss_relics":[{"not_picked":["Question Card","Runic Cube"],"picked":"Tiny House"}],"potions_floor_spawned":[7,10,12,13,22],"seed_played":"-608867482017834621","killed_by":"Collector","ascension_level":0,"is_trial":false}