{"gold_per_floor":[20,32,43,18,18,18,30,30,30,30,40,72,52,82,94,201,213,235,247,270,295,15,15],"floor_reached":23,"playtime":1992,"items_purged":[],"score":302,"play_id":"2a5091bf-d16e-49dd-a83f-78fe0b08a23c","local_time":"20191016001840","is_ascension_mode":true,"campfire_choices":[{"data":"Enlightenment","floor":6,"key":"SMITH"},{"data":"Madness","floor":8,"key":"SMITH"},{"data":"Footwork","floor":10,"key":"SMITH"},{"floor":15,"key":"REST"}],"neow_cost":"NO_GOLD","seed_source_timestamp":100494522818900,"circlet_count":0,"master_deck":["AscendersBane","Strike_G+1","Strike_G+1","Strike_G+1","Strike_G+1","Strike_G+1","Defend_G+1","Defend_G+1","Defend_G+1","Defend_G+1","Defend_G+1","Survivor","Neutralize","Enlightenment+1","Madness+1","Footwork+1","Infinite Blades","Infinite Blades","Dagger Spray","Dash","Calculated Gamble","Bouncing Flask","Corpse Explosion","Blade Dance+1","Backflip","Cloak And Dagger+1"],"relics":["Ring of the Snake","Incense Burner","Peace Pipe","Anchor","MawBank","WristBlade","StoneCalendar"],"potions_floor_usage":[11,14,14,14,16,21],"damage_taken":[{"damage":5,"enemies":"Jaw Worm","floor":1,"turns":6},{"damage":0,"enemies":"2 Louse","floor":2,"turns":6},{"damage":0,"enemies":"Cultist","floor":3,"turns":5},{"damage":7,"enemies":"Blue Slaver","floor":7,"turns":5},{"damage":4,"enemies":"Exordium Thugs","floor":11,"turns":6},{"damage":29,"enemies":"3 Sentries","floor":12,"turns":8},{"damage":4,"enemies":"Gremlin Nob","floor":14,"turns":5},{"damage":5,"enemies":"The Guardian","floor":16,"turns":12},{"damage":26,"enemies":"Spheric Guardian","floor":18,"turns":6},{"damage":11,"enemies":"Shell Parasite","floor":20,"turns":6},{"damage":17,"enemies":"Snake Plant","floor":21,"turns":5},{"damage":10,"enemies":"Book of Stabbing","floor":23,"turns":3}],"seed_played":"2665927877509700546","potions_obtained":[{"floor":1,"key":"Energy Potion"},{"floor":11,"key":"FearPotion"},{"floor":12,"key":"Regen Potion"},{"floor":13,"key":"GhostInAJar"},{"floor":14,"key":"Fire Potion"},{"floor":16,"key":"SteroidPotion"},{"floor":18,"key":"SpeedPotion"}],"is_trial":false,"path_per_floor":["M","M","M","?","?","R","M","R","T","R","M","E","?","E","R","B",null,"M","?","M","M","$","E"],"character_chosen":"THE_SILENT","items_purchased":["StoneCalendar"],"campfire_rested":1,"item_purchase_floors":[22],"current_hp_per_floor":[58,58,58,58,51,51,44,44,44,44,40,11,11,21,42,37,62,36,36,25,8,8,0],"gold":15,"neow_bonus":"RANDOM_COLORLESS_2","is_prod":false,"is_daily":false,"chose_seed":false,"campfire_upgraded":3,"win_rate":0,"timestamp":1571203120,"path_taken":["M","M","M","?","?","R","M","R","T","R","M","E","?","E","R","BOSS","M","?","M","M","$","E"],"build_version":"2019-07-17","purchased_purges":0,"victory":false,"max_hp_per_floor":[70,70,70,70,70,70,70,70,70,70,70,70,70,70,70,70,70,70,70,70,70,70,70],"card_choices":[{"not_picked":["Dagger Spray","Prepared"],"picked":"Footwork","floor":1},{"not_picked":["Dagger Throw","Choke"],"picked":"Infinite Blades","floor":2},{"not_picked":["Catalyst","Deflect"],"picked":"Infinite Blades","floor":3},{"not_picked":["Poisoned Stab","Catalyst"],"picked":"Dagger Spray","floor":7},{"not_picked":["Underhanded Strike","Quick Slash"],"picked":"Dash","floor":11},{"not_picked":["Dagger Spray","Deflect"],"picked":"Calculated Gamble","floor":12},{"not_picked":["Die Die Die","Dagger Throw"],"picked":"Bouncing Flask","floor":14},{"not_picked":["Tools of the Trade","Wraith Form v2"],"picked":"Corpse Explosion","floor":16},{"not_picked":["Acrobatics+1","Outmaneuver"],"picked":"Blade Dance+1","floor":18},{"not_picked":["Predator","Deflect+1"],"picked":"Backflip","floor":20},{"not_picked":["Blur","Dodge and Roll+1"],"picked":"Cloak And Dagger+1","floor":21}],"player_experience":852102,"relics_obtained":[{"floor":9,"key":"Peace Pipe"},{"floor":12,"key":"Anchor"},{"floor":14,"key":"MawBank"}],"event_choices":[{"damage_healed":0,"gold_gain":0,"player_choice":"Left Gold","damage_taken":0,"max_hp_gain":0,"max_hp_loss":0,"event_name":"World of Goop","floor":4,"gold_loss":25},{"damage_healed":0,"gold_gain":0,"player_choice":"Success","damage_taken":7,"relics_obtained":["Incense Burner"],"max_hp_gain":0,"max_hp_loss":0,"event_name":"Scrap Ooze","floor":5,"gold_loss":0},{"damage_healed":0,"gold_gain":0,"player_choice":"Bought 1 Potion","damage_taken":0,"max_hp_gain":0,"max_hp_loss":0,"event_name":"The Woman in Blue","floor":13,"gold_loss":0},{"damage_healed":0,"gold_gain":0,"player_choice":"Simplicity","damage_taken":0,"max_hp_gain":0,"max_hp_loss":0,"event_name":"Back to Basics","floor":19,"gold_loss":0,"cards_upgraded":["Strike_G","Strike_G","Strike_G","Strike_G","Strike_G","Defend_G","Defend_G","Defend_G","Defend_G","Defend_G"]}],"is_beta":false,"boss_relics":[{"not_picked":["Lizard Tail","Pandora\u0027s Box"],"picked":"WristBlade"}],"items_purged_floors":[],"is_endless":false,"potions_floor_spawned":[1,11,12,14,16,18],"killed_by":"Book of Stabbing","ascension_level":10}