{"gold_per_floor":[116,191,211,222,123,148,174,174,174,174,185,214,214,214,214,214],"floor_reached":16,"playtime":940,"items_purged":["Defend_G"],"score":162,"play_id":"02d9d2b0-eb87-442f-b85a-631905ecf69a","local_time":"20191018233611","is_ascension_mode":true,"campfire_choices":[{"floor":8,"key":"REST"},{"floor":10,"key":"REST"},{"data":"Footwork","floor":13,"key":"SMITH"},{"floor":15,"key":"REST"}],"neow_cost":"TEN_PERCENT_HP_LOSS","seed_source_timestamp":358197178520100,"circlet_count":0,"master_deck":["AscendersBane","Strike_G","Strike_G","Strike_G","Strike_G","Strike_G","Defend_G","Defend_G","Defend_G","Defend_G","Survivor","Neutralize","Unload","Footwork+1","Dodge and Roll","Acrobatics","Cloak And Dagger","Backflip","Poisoned Stab","Quick Slash"],"relics":["Ring of the Snake","Oddly Smooth Stone","Ancient Tea Set","Mummified Hand","Sundial"],"potions_floor_usage":[6,12],"damage_taken":[{"damage":2,"enemies":"Jaw Worm","floor":1,"turns":4},{"damage":0,"enemies":"2 Louse","floor":3,"turns":3},{"damage":0,"enemies":"Small Slimes","floor":4,"turns":3},{"damage":39,"enemies":"Lagavulin","floor":6,"turns":11},{"damage":3,"enemies":"Exordium Wildlife","floor":11,"turns":6},{"damage":19,"enemies":"Gremlin Nob","floor":12,"turns":5},{"damage":28,"enemies":"Slime Boss","floor":16,"turns":9}],"seed_played":"-6519461985581036982","potions_obtained":[{"floor":4,"key":"Explosive Potion"},{"floor":6,"key":"Fire Potion"}],"is_trial":false,"path_per_floor":["M","?","M","M","$","E","T","R","T","R","M","E","R","?","R","B"],"character_chosen":"THE_SILENT","items_purchased":["Cloak And Dagger"],"campfire_rested":3,"item_purchase_floors":[5],"current_hp_per_floor":[61,50,50,50,50,11,11,29,29,47,44,25,25,7,25,0],"gold":214,"neow_bonus":"THREE_RARE_CARDS","is_prod":false,"is_daily":false,"chose_seed":false,"campfire_upgraded":1,"win_rate":0,"timestamp":1571459771,"path_taken":["M","?","M","M","$","E","?","R","T","R","M","E","R","?","R","BOSS"],"build_version":"2019-07-17","purchased_purges":1,"victory":false,"max_hp_per_floor":[63,63,63,63,63,63,63,63,63,63,63,63,63,63,63,63],"card_choices":[{"not_picked":["Wraith Form v2","Corpse Explosion"],"picked":"Unload","floor":0},{"not_picked":["Deadly Poison","Skewer"],"picked":"Footwork","floor":1},{"not_picked":["Quick Slash","Noxious Fumes"],"picked":"Dodge and Roll","floor":3},{"not_picked":["PiercingWail","Deadly Poison"],"picked":"Acrobatics","floor":4},{"not_picked":["Catalyst","Caltrops"],"picked":"Backflip","floor":6},{"not_picked":["Dagger Spray","Distraction"],"picked":"Poisoned Stab","floor":11},{"not_picked":["Backflip","Eviscerate"],"picked":"Quick Slash","floor":12}],"player_experience":883404,"relics_obtained":[{"floor":6,"key":"Oddly Smooth Stone"},{"floor":7,"key":"Ancient Tea Set"},{"floor":9,"key":"Mummified Hand"},{"floor":12,"key":"Sundial"}],"event_choices":[{"damage_healed":0,"gold_gain":75,"player_choice":"Gather Gold","damage_taken":11,"max_hp_gain":0,"max_hp_loss":0,"event_name":"World of Goop","floor":2,"gold_loss":0},{"damage_healed":0,"gold_gain":0,"player_choice":"Fled","damage_taken":18,"max_hp_gain":0,"max_hp_loss":0,"event_name":"Scrap Ooze","floor":14,"gold_loss":0}],"is_beta":false,"boss_relics":[],"items_purged_floors":[5],"is_endless":false,"potions_floor_spawned":[4,6],"killed_by":"Slime Boss","ascension_level":10}