{"gold_per_floor":[113,63,79,91,16,50,50,84,84,84,84,98,118,18,18,120,120,133,8,8,19,29,29,29,29,29,60,60,60,70,84,84,84],"floor_reached":33,"playtime":2018,"items_purged":["Strike_R","Strike_R","Defend_R"],"score":289,"play_id":"577a6a8e-02b2-44ee-b603-cd6fd9b798db","local_time":"20181002145022","is_ascension_mode":true,"campfire_choices":[{"data":"Shrug It Off","floor":7,"key":"SMITH"},{"data":"Defend_R","floor":10,"key":"SMITH"},{"data":"Defend_R","floor":15,"key":"SMITH"},{"data":"Double Tap","floor":23,"key":"SMITH"},{"data":"Heavy Blade","floor":25,"key":"SMITH"},{"floor":28,"key":"REST"},{"floor":32,"key":"REST"}],"neow_cost":"NONE","seed_source_timestamp":1111241986860636,"circlet_count":0,"master_deck":["Strike_R","Strike_R","Defend_R+1","Defend_R+1","Defend_R","Ghostly Armor","Twin Strike","Shrug It Off+1","Demon Form","Limit Break","Cleave","Flex","Barricade","Heavy Blade+1","Double Tap+1","RitualDagger","Doubt","Entrench+1","Body Slam+1","Clash"],"relics":["Burning Blood","Anchor","Question Card","Orichalcum","Cursed Key","Ancient Tea Set","Happy Flower"],"potions_floor_usage":[6,8,16,27,33,33],"damage_taken":[{"damage":0,"enemies":"Cultist","floor":1,"turns":4},{"damage":2,"enemies":"2 Louse","floor":3,"turns":3},{"damage":0,"enemies":"Small Slimes","floor":4,"turns":4},{"damage":24,"enemies":"3 Sentries","floor":6,"turns":9},{"damage":33,"enemies":"Lagavulin","floor":8,"turns":8},{"damage":1,"enemies":"Blue Slaver","floor":12,"turns":5},{"damage":0,"enemies":"Red Slaver","floor":13,"turns":4},{"damage":23,"enemies":"Slime Boss","floor":16,"turns":7},{"damage":0,"enemies":"Chosen","floor":18,"turns":8},{"damage":14,"enemies":"Spheric Guardian","floor":21,"turns":5},{"damage":14,"enemies":"3 Cultists","floor":22,"turns":5},{"damage":42,"enemies":"Gremlin Leader","floor":27,"turns":7},{"damage":19,"enemies":"Centurion and Healer","floor":30,"turns":5},{"damage":4,"enemies":"Sentry and Sphere","floor":31,"turns":4},{"damage":50,"enemies":"Automaton","floor":33,"turns":6}],"seed_played":"584743978332152833","potions_obtained":[{"floor":1,"key":"Energy Potion"},{"floor":3,"key":"Explosive Potion"},{"floor":4,"key":"GamblersBrew"},{"floor":8,"key":"EssenceOfSteel"},{"floor":12,"key":"Weak Potion"},{"floor":16,"key":"SpeedPotion"},{"floor":30,"key":"SneckoOil"}],"is_trial":false,"path_per_floor":["M","?","M","M","$","E","R","E","T","R","?","M","M","$","R","B",null,"M","$","?","M","M","R","?","R","T","E","R","?","M","M","R"],"character_chosen":"IRONCLAD","items_purchased":[],"campfire_rested":2,"item_purchase_floors":[],"current_hp_per_floor":[80,80,80,80,80,62,62,35,35,35,35,40,46,46,46,29,80,80,80,80,72,64,64,58,58,58,22,46,31,18,20,45,0],"gold":84,"neow_bonus":"THREE_CARDS","is_prod":false,"is_daily":false,"chose_seed":false,"campfire_upgraded":5,"win_rate":0,"timestamp":1538509822,"path_taken":["M","?","M","M","$","E","R","E","T","R","?","M","M","?","R","BOSS","M","$","?","M","M","R","?","R","T","E","R","?","M","M","R","BOSS"],"build_version":"2018-09-27","purchased_purges":3,"victory":false,"max_hp_per_floor":[80,80,80,80,80,80,80,80,80,80,80,80,80,80,80,80,80,80,80,80,80,80,80,80,80,80,80,80,85,85,85,85,85],"card_choices":[{"not_picked":["Clothesline","Sword Boomerang"],"picked":"Ghostly Armor","floor":0},{"not_picked":["Rupture","Metallicize"],"picked":"Twin Strike","floor":1},{"not_picked":["Armaments","Headbutt","Pommel Strike"],"picked":"SKIP","floor":3},{"not_picked":["Havoc","Armaments","Sword Boomerang"],"picked":"SKIP","floor":4},{"not_picked":["Twin Strike","Feel No Pain"],"picked":"Shrug It Off","floor":6},{"not_picked":["Twin Strike","Wild Strike"],"picked":"Demon Form","floor":8},{"not_picked":["Power Through","Searing Blow","Perfected Strike"],"picked":"Flex","floor":12},{"not_picked":["Pommel Strike","Clothesline","Thunderclap","Fire Breathing"],"picked":"SKIP","floor":13},{"not_picked":["Dark Embrace","Juggernaut","Impervious"],"picked":"Barricade","floor":16},{"not_picked":["Sword Boomerang","Cleave+1","Iron Wave"],"picked":"Heavy Blade","floor":18},{"not_picked":["Havoc+1","Flex","True Grit","Headbutt"],"picked":"SKIP","floor":21},{"not_picked":["Clash+1","Shockwave","Infernal Blade"],"picked":"Double Tap","floor":22},{"not_picked":["Reaper","Wild Strike","Armaments+1"],"picked":"Entrench+1","floor":27},{"not_picked":["Iron Wave","Perfected Strike+1","Shockwave"],"picked":"Body Slam+1","floor":30},{"not_picked":["Inflame","Anger+1","True Grit"],"picked":"Clash","floor":31}],"player_experience":349564,"relics_obtained":[{"floor":6,"key":"Anchor"},{"floor":8,"key":"Question Card"},{"floor":9,"key":"Orichalcum"},{"floor":26,"key":"Ancient Tea Set"},{"floor":27,"key":"Happy Flower"}],"event_choices":[{"event_name":"The Cleric","player_choice":"Card Removal","floor":2,"damage_taken":0},{"event_name":"Match and Keep!","player_choice":"2 cards matched","floor":11,"damage_taken":0},{"event_name":"Bonfire Elementals","player_choice":"BASIC","floor":20,"damage_taken":0},{"event_name":"Nest","player_choice":"Joined the Cult","floor":24,"damage_taken":0},{"event_name":"Forgotten Altar","player_choice":"Shed Blood","floor":29,"damage_taken":0}],"is_beta":false,"boss_relics":[{"not_picked":["Runic Dome","Calling Bell"],"picked":"Cursed Key"}],"items_purged_floors":[5,14,19],"is_endless":false,"potions_floor_spawned":[1,3,4,8,12,16,21,22,30],"killed_by":"Automaton","ascension_level":1}