{"gold_per_floor":[113,124,134,13,29,29,55,1,1,1,35,53,19,77,77,175,225,241,22,32,32,47,47,62,72,126,126,226,238,337,65,65,163,163,177,192,0,12,31,31,51,51,51,63,83,83,100,100,100,100],"floor_reached":51,"playtime":2981,"items_purged":["Strike_B"],"score":679,"play_id":"a4e56cbd-e871-4873-a136-8faeed3267b3","local_time":"20181007004130","is_ascension_mode":true,"campfire_choices":[{"data":"Zap","floor":6,"key":"SMITH"},{"data":"Dualcast","floor":10,"key":"SMITH"},{"floor":15,"key":"REST"},{"data":"Auto Shields","floor":23,"key":"SMITH"},{"data":"Doom and Gloom","floor":27,"key":"SMITH"},{"floor":32,"key":"REST"},{"floor":40,"key":"REST"},{"floor":42,"key":"REST"},{"floor":46,"key":"REST"},{"floor":49,"key":"REST"}],"neow_cost":"NONE","seed_source_timestamp":1491352782016309,"circlet_count":0,"master_deck":["Strike_B+1","Strike_B+1","Strike_B+1","Defend_B+1","Defend_B+1","Defend_B+1","Defend_B+1","Zap+1","Dualcast+1","Doom and Gloom+1","Static Discharge","Self Repair","Leap+1","Streamline+1","Defragment","Streamline","Reinforced Body+1","Static Discharge","Auto Shields+1","Electrodynamics","FTL","Ball Lightning+1","Melter","Steam+1","Multi-Cast","Ball Lightning+1","Loop","Dualcast+1","FTL","Undo","White Noise","White Noise+1"],"relics":["Cracked Core","Lantern","Sundial","Matryoshka","Ornamental Fan","Tiny Chest","Tiny House","War Paint","Bottled Flame","DataDisk","DollysMirror","Lizard Tail","Red Mask","Dodecahedron","Bottled Tornado"],"potions_floor_usage":[11,25,33,39,45,50,50,50],"damage_taken":[{"damage":1,"enemies":"Jaw Worm","floor":1,"turns":3},{"damage":3,"enemies":"Small Slimes","floor":2,"turns":3},{"damage":0,"enemies":"Cultist","floor":3,"turns":3},{"damage":1,"enemies":"Looter","floor":5,"turns":3},{"damage":22,"enemies":"Lagavulin","floor":7,"turns":6},{"damage":8,"enemies":"3 Sentries","floor":11,"turns":5},{"damage":8,"enemies":"Lots of Slimes","floor":12,"turns":3},{"damage":27,"enemies":"Lagavulin","floor":14,"turns":5},{"damage":13,"enemies":"The Guardian","floor":16,"turns":8},{"damage":16,"enemies":"Chosen","floor":18,"turns":5},{"damage":17,"enemies":"2 Thieves","floor":20,"turns":3},{"damage":3,"enemies":"Sentry and Sphere","floor":22,"turns":3},{"damage":12,"enemies":"Centurion and Healer","floor":24,"turns":3},{"damage":2,"enemies":"Snecko","floor":25,"turns":5},{"damage":12,"enemies":"3 Cultists","floor":29,"turns":3},{"damage":52,"enemies":"Collector","floor":33,"turns":8},{"damage":19,"enemies":"3 Darklings","floor":35,"turns":3},{"damage":11,"enemies":"Orb Walker","floor":36,"turns":4},{"damage":23,"enemies":"3 Darklings","floor":38,"turns":4},{"damage":37,"enemies":"Maw","floor":39,"turns":8},{"damage":59,"enemies":"Transient","floor":41,"turns":5},{"damage":0,"enemies":"4 Shapes","floor":44,"turns":2},{"damage":36,"enemies":"Maw","floor":45,"turns":8},{"damage":13,"enemies":"3 Darklings","floor":47,"turns":3},{"damage":56,"enemies":"Donu and Deca","floor":50,"turns":7}],"seed_played":"712398854430920681","potions_obtained":[{"floor":1,"key":"FocusPotion"},{"floor":5,"key":"Fire Potion"},{"floor":7,"key":"EssenceOfSteel"},{"floor":11,"key":"SkillPotion"},{"floor":25,"key":"Weak Potion"},{"floor":38,"key":"PowerPotion"},{"floor":41,"key":"Regen Potion"},{"floor":47,"key":"Block Potion"}],"is_trial":false,"path_per_floor":["M","M","M","$","M","R","E","$","T","R","E","M","$","E","R","B",null,"M","$","M","?","M","R","M","M","T","R","?","M","?","$","R","B",null,"M","M","?","M","M","R","M","R","T","M","M","R","M","?","R","B"],"character_chosen":"DEFECT","items_purchased":["Self Repair","Leap","Streamline","Static Discharge","War Paint","Loop","DollysMirror"],"campfire_rested":6,"item_purchase_floors":[4,4,8,13,19,31,31],"current_hp_per_floor":[74,71,71,71,75,75,60,60,60,60,59,58,58,38,60,54,80,71,71,61,61,65,65,60,65,65,65,65,60,60,60,80,28,80,61,57,57,41,11,35,40,64,64,64,40,64,51,51,75,19],"gold":100,"neow_bonus":"RANDOM_COMMON_RELIC","is_prod":false,"is_daily":false,"chose_seed":false,"campfire_upgraded":4,"win_rate":0,"timestamp":1538890890,"path_taken":["M","M","M","$","M","R","E","$","T","R","E","M","$","E","R","BOSS","M","$","M","?","?","R","M","M","T","R","?","M","?","$","R","BOSS","M","M","?","?","M","R","M","R","T","M","M","R","M","?","R","BOSS"],"build_version":"2018-10-04v2","purchased_purges":1,"victory":true,"max_hp_per_floor":[75,75,75,75,75,75,75,75,75,75,75,75,75,75,75,75,80,80,80,80,80,80,80,80,80,80,80,80,80,80,80,80,80,80,80,80,80,80,80,80,80,80,80,80,80,80,80,80,80,80],"card_choices":[{"not_picked":["Recycle","Compile Driver"],"picked":"Doom and Gloom","floor":1},{"not_picked":["Capacitor","Double Energy"],"picked":"Static Discharge","floor":2},{"not_picked":["Double Energy","Coolheaded","Barrage"],"picked":"SKIP","floor":3},{"not_picked":["Hello World","Go for the Eyes"],"picked":"Streamline","floor":5},{"not_picked":["Steam Power","Genetic Algorithm"],"picked":"Defragment","floor":7},{"not_picked":["Hologram","Rebound","Compile Driver"],"picked":"SKIP","floor":11},{"not_picked":["Barrage","Genetic Algorithm"],"picked":"Reinforced Body","floor":12},{"not_picked":["Redo","Go for the Eyes"],"picked":"Auto Shields","floor":14},{"not_picked":["Multi-Cast","Rainbow"],"picked":"Electrodynamics","floor":16},{"not_picked":["Undo","Hologram"],"picked":"FTL","floor":17},{"not_picked":["Stack","Sunder"],"picked":"Ball Lightning+1","floor":18},{"not_picked":["Storm","Rebound"],"picked":"Melter","floor":20},{"not_picked":["Beam Cell","Force Field","Fusion"],"picked":"SKIP","floor":22},{"not_picked":["Scrape+1","Glacier+1"],"picked":"Steam+1","floor":24},{"not_picked":["Rebound","Barrage+1"],"picked":"Multi-Cast","floor":25},{"not_picked":["Cold Snap+1","Lockon"],"picked":"Ball Lightning+1","floor":29},{"not_picked":["Beam Cell+1","Sweeping Beam","Go for the Eyes"],"picked":"SKIP","floor":35},{"not_picked":["Stack+1","Loop"],"picked":"FTL","floor":36},{"not_picked":["Go for the Eyes","Chill+1"],"picked":"Undo","floor":38},{"not_picked":["Aggregate","Lockon","Steam+1"],"picked":"SKIP","floor":39},{"not_picked":["Steam Power","Go for the Eyes"],"picked":"White Noise","floor":41},{"not_picked":["Tempest","Redo+1","Turbo"],"picked":"SKIP","floor":44},{"not_picked":["Go for the Eyes","Reprogram","Beam Cell+1"],"picked":"SKIP","floor":45},{"not_picked":["Hello World","Stack"],"picked":"White Noise+1","floor":47}],"player_experience":401975,"relics_obtained":[{"floor":7,"key":"Sundial"},{"floor":9,"key":"Matryoshka"},{"floor":11,"key":"Ornamental Fan"},{"floor":14,"key":"Tiny Chest"},{"floor":26,"key":"Bottled Flame"},{"floor":26,"key":"DataDisk"},{"floor":43,"key":"Dodecahedron"},{"floor":43,"key":"Bottled Tornado"}],"event_choices":[{"event_name":"Back to Basics","player_choice":"Simplicity","floor":21,"damage_taken":0},{"event_name":"Golden Shrine","player_choice":"Pray","floor":28,"damage_taken":0},{"event_name":"Nest","player_choice":"Stole From Cult","floor":30,"damage_taken":0},{"event_name":"Tomb of Lord Red Mask","player_choice":"Paid","floor":37,"damage_taken":0},{"event_name":"Upgrade Shrine","player_choice":"Upgraded","floor":48,"damage_taken":0}],"is_beta":false,"boss_relics":[{"not_picked":["Velvet Choker","White Beast Statue"],"picked":"Tiny House"},{"not_picked":["Cursed Key","Philosopher\u0027s Stone"],"picked":"Lizard Tail"}],"items_purged_floors":[19],"is_endless":false,"potions_floor_spawned":[1,5,7,11,16,18,25,29,38,41,44,47],"ascension_level":1}