{"gold_per_floor":[110,110,110,123,123,152,152,181,205,237,237,255,271,291,291,389,389,404,415,4,4,4,39,39,54,54,67,84,84],"floor_reached":29,"playtime":1457,"items_purged":[],"score":398,"play_id":"82b55426-bd66-434c-8aeb-be4cb450dd96","local_time":"20191013153059","is_ascension_mode":true,"campfire_choices":[{"data":"Shockwave","floor":7,"key":"SMITH"},{"data":"Immolate","floor":11,"key":"SMITH"},{"data":"True Grit","floor":15,"key":"SMITH"},{"floor":24,"key":"REST"}],"neow_cost":"NONE","seed_source_timestamp":302659985972500,"circlet_count":0,"master_deck":["AscendersBane","Strike_R+1","Strike_R","Strike_R+1","Strike_R","Defend_R","Defend_R","Defend_R","Defend_R","Bash","Immolate+1","Clothesline","Cleave","Shockwave+1","Iron Wave","Inflame+1","Pummel","True Grit+1","Juggernaut+1","Double Tap","Ghostly Armor","Body Slam","Mayhem+1","Decay","Carnage+1","Shrug It Off","Body Slam+1","Battle Trance","Rage"],"relics":["Burning Blood","GremlinMask","Centennial Puzzle","Peace Pipe","Dream Catcher","Whetstone","Frozen Egg 2","Philosopher\u0027s Stone","Kunai","Du-Vu Doll","Bottled Flame","Boot"],"potions_floor_usage":[8,16,16,23,23,23],"damage_taken":[{"damage":0,"enemies":"2 Louse","floor":1,"turns":1},{"damage":0,"enemies":"Small Slimes","floor":4,"turns":3},{"damage":35,"enemies":"Lagavulin","floor":6,"turns":6},{"damage":10,"enemies":"3 Sentries","floor":8,"turns":4},{"damage":24,"enemies":"Lagavulin","floor":10,"turns":8},{"damage":0,"enemies":"Cultist","floor":12,"turns":3},{"damage":3,"enemies":"Looter","floor":13,"turns":2},{"damage":15,"enemies":"Red Slaver","floor":14,"turns":3},{"damage":14,"enemies":"The Guardian","floor":16,"turns":10},{"damage":9,"enemies":"Chosen","floor":18,"turns":3},{"damage":18,"enemies":"2 Thieves","floor":19,"turns":3},{"damage":39,"enemies":"Book of Stabbing","floor":23,"turns":5},{"damage":27,"enemies":"Centurion and Healer","floor":25,"turns":5},{"damage":2,"enemies":"Snecko","floor":27,"turns":3},{"damage":22,"enemies":"Shelled Parasite and Fungi","floor":28,"turns":5},{"damage":9,"enemies":"Centurion and Healer","floor":29,"turns":2}],"seed_played":"-8480573933715505070","potions_obtained":[{"floor":1,"key":"SpeedPotion"},{"floor":8,"key":"LiquidBronze"},{"floor":10,"key":"GamblersBrew"},{"floor":13,"key":"SteroidPotion"},{"floor":14,"key":"SkillPotion"},{"floor":18,"key":"PowerPotion"},{"floor":19,"key":"EssenceOfSteel"},{"floor":25,"key":"EssenceOfSteel"}],"is_trial":false,"path_per_floor":["M","?","?","M","?","E","R","E","T","E","R","M","M","M","R","B",null,"M","M","$","?","?","E","R","M","T","M","M","M"],"character_chosen":"IRONCLAD","items_purchased":["Kunai","Mayhem+1"],"campfire_rested":1,"item_purchase_floors":[20,20],"current_hp_per_floor":[78,71,71,77,77,48,48,44,44,26,26,32,35,26,26,18,65,62,50,50,50,50,17,41,20,20,24,8,0],"gold":84,"neow_bonus":"ONE_RANDOM_RARE_CARD","is_prod":false,"is_daily":false,"chose_seed":false,"campfire_upgraded":3,"win_rate":0,"timestamp":1570998659,"path_taken":["M","?","?","?","?","E","R","E","T","E","R","M","M","M","R","BOSS","M","M","$","?","?","E","R","M","T","M","?","M"],"build_version":"2019-07-17","purchased_purges":0,"victory":false,"max_hp_per_floor":[80,80,80,80,80,80,80,80,80,80,80,80,80,80,80,80,80,80,80,80,80,80,80,80,80,80,80,80,80],"card_choices":[{"not_picked":["Infernal Blade","Rupture"],"picked":"Clothesline","floor":1},{"not_picked":["Heavy Blade","Wild Strike"],"picked":"Cleave","floor":4},{"not_picked":["Pummel","Cleave"],"picked":"Shockwave","floor":6},{"not_picked":["Hemokinesis","Anger"],"picked":"Iron Wave","floor":8},{"not_picked":["Rampage","Rage"],"picked":"Inflame","floor":10},{"not_picked":["Sword Boomerang","Power Through"],"picked":"Pummel","floor":12},{"not_picked":["Clash","Clothesline"],"picked":"True Grit","floor":13},{"not_picked":["Thunderclap","Sever Soul"],"picked":"Juggernaut+1","floor":14},{"not_picked":["Berserk+1","Bludgeon"],"picked":"Double Tap","floor":16},{"not_picked":["Intimidate","Hemokinesis"],"picked":"Ghostly Armor","floor":18},{"not_picked":["Headbutt","Perfected Strike"],"picked":"Body Slam","floor":19},{"not_picked":["Twin Strike","Havoc"],"picked":"Carnage+1","floor":23},{"not_picked":["Perfected Strike+1","Inflame+1"],"picked":"Shrug It Off","floor":24},{"not_picked":["Infernal Blade","Flex"],"picked":"Body Slam+1","floor":25},{"not_picked":["Seeing Red","Fire Breathing+1"],"picked":"Battle Trance","floor":27},{"not_picked":["Immolate","Headbutt+1"],"picked":"Rage","floor":28}],"player_experience":833389,"relics_obtained":[{"floor":5,"key":"Centennial Puzzle"},{"floor":6,"key":"Peace Pipe"},{"floor":8,"key":"Dream Catcher"},{"floor":9,"key":"Whetstone"},{"floor":10,"key":"Frozen Egg 2"},{"floor":23,"key":"Bottled Flame"},{"floor":26,"key":"Boot"}],"event_choices":[{"cards_removed":["Strike_R"],"damage_healed":0,"gold_gain":0,"player_choice":"Card Removal","damage_taken":7,"max_hp_gain":0,"max_hp_loss":0,"event_name":"Golden Wing","floor":2,"gold_loss":0},{"damage_healed":0,"gold_gain":0,"player_choice":"Trade","damage_taken":0,"relics_obtained":["GremlinMask"],"max_hp_gain":0,"max_hp_loss":0,"event_name":"FaceTrader","floor":3,"gold_loss":0},{"damage_healed":0,"gold_gain":0,"player_choice":"Relic","damage_taken":0,"max_hp_gain":0,"max_hp_loss":0,"event_name":"Wheel of Change","floor":5,"gold_loss":0},{"damage_healed":0,"gold_gain":0,"player_choice":"Opened","damage_taken":0,"relics_obtained":["Du-Vu Doll"],"max_hp_gain":0,"max_hp_loss":0,"event_name":"The Mausoleum","floor":21,"gold_loss":0},{"damage_healed":0,"gold_gain":0,"player_choice":"Smashed Altar","damage_taken":0,"max_hp_gain":0,"max_hp_loss":0,"event_name":"Forgotten Altar","floor":22,"gold_loss":0,"cards_obtained":["Decay"]}],"is_beta":false,"boss_relics":[{"not_picked":["Cursed Key","Lizard Tail"],"picked":"Philosopher\u0027s Stone"}],"items_purged_floors":[],"is_endless":false,"potions_floor_spawned":[1,8,10,13,14,18,19,25],"killed_by":"Centurion and Healer","ascension_level":10}