{"gold_per_floor":[19,19,0,0,15,15,45,59,85,105,105,124,124,11,11,107,107,107,37,37,37,37,37,37,37,37,37,37,37,37,37,37,37],"floor_reached":33,"playtime":3209,"items_purged":["Strike_G"],"score":361,"play_id":"d4a50e60-a81f-4494-b7d9-9f8fd9e90720","local_time":"20190221214544","is_ascension_mode":true,"campfire_choices":[{"data":"Riddle With Holes","floor":6,"key":"SMITH"},{"data":"Bullet Time","floor":11,"key":"SMITH"},{"data":"Dash","floor":13,"key":"SMITH"},{"data":"Footwork","floor":15,"key":"SMITH"},{"data":"Footwork","floor":23,"key":"SMITH"},{"floor":25,"key":"REST"},{"data":"Eviscerate","floor":29,"key":"SMITH"},{"floor":32,"key":"REST"}],"neow_cost":"NO_GOLD","seed_source_timestamp":443750374652296,"circlet_count":0,"master_deck":["Defend_G","Defend_G","Defend_G+1","Defend_G","Strike_G+1","Strike_G","Strike_G","Survivor","Neutralize","Infinite Blades","Eviscerate+1","Riddle With Holes+1","Acrobatics+1","Quick Slash","Bullet Time+1","Masterful Stab","Dash+1","Footwork+1","Corpse Explosion+1","All Out Attack","Footwork+1","Dagger Throw","Outmaneuver","Dagger Spray","Flechettes"],"relics":["Ring of the Snake","Anchor","Strawberry","Ectoplasm","War Paint"],"potions_floor_usage":[7,24,33,33],"damage_taken":[{"damage":0,"enemies":"2 Louse","floor":1,"turns":3},{"damage":1,"enemies":"Jaw Worm","floor":5,"turns":3},{"damage":11,"enemies":"3 Sentries","floor":7,"turns":7},{"damage":0,"enemies":"Cultist","floor":8,"turns":3},{"damage":0,"enemies":"Lots of Slimes","floor":10,"turns":4},{"damage":0,"enemies":"Blue Slaver","floor":12,"turns":3},{"damage":15,"enemies":"Hexaghost","floor":16,"turns":13},{"damage":0,"enemies":"3 Byrds","floor":18,"turns":3},{"damage":0,"enemies":"Spheric Guardian","floor":20,"turns":2},{"damage":8,"enemies":"Shelled Parasite and Fungi","floor":21,"turns":7},{"damage":17,"enemies":"Snake Plant","floor":22,"turns":4},{"damage":12,"enemies":"Centurion and Healer","floor":24,"turns":6},{"damage":4,"enemies":"Shelled Parasite and Fungi","floor":28,"turns":7},{"damage":17,"enemies":"Snake Plant","floor":31,"turns":5},{"damage":74,"enemies":"Automaton","floor":33,"turns":6}],"seed_played":"-4411741196874641487","potions_obtained":[{"floor":5,"key":"Fire Potion"},{"floor":7,"key":"Strength Potion"},{"floor":16,"key":"SkillPotion"},{"floor":20,"key":"Poison Potion"},{"floor":22,"key":"GhostInAJar"},{"floor":24,"key":"FearPotion"}],"is_trial":false,"path_per_floor":["M","?","?","$","M","R","E","M","T","M","R","M","R","$","R","B",null,"M","$","M","M","M","R","M","R","T","?","M","R","?","M","R","B"],"character_chosen":"THE_SILENT","items_purchased":["Footwork","Footwork"],"campfire_rested":2,"item_purchase_floors":[14,19],"current_hp_per_floor":[63,49,49,49,48,48,37,37,44,44,44,44,44,44,44,29,65,65,65,65,57,40,40,28,51,51,51,47,47,47,30,53,0],"gold":37,"neow_bonus":"TRANSFORM_TWO_CARDS","is_prod":false,"is_daily":false,"chose_seed":false,"campfire_upgraded":6,"win_rate":0,"timestamp":1550807144,"path_taken":["M","?","?","?","?","R","E","M","T","M","R","M","R","$","R","BOSS","M","$","M","M","M","R","?","R","T","?","M","R","?","M","R","BOSS"],"build_version":"2019-01-23","purchased_purges":1,"victory":false,"max_hp_per_floor":[70,70,70,70,70,70,70,70,77,77,77,77,77,77,77,77,77,77,77,77,77,77,77,77,77,77,77,77,77,77,77,77,77],"card_choices":[{"not_picked":["Deadly Poison","Flying Knee"],"picked":"Riddle With Holes","floor":1},{"not_picked":["PiercingWail","Deflect"],"picked":"Acrobatics","floor":5},{"not_picked":["Prepared","Deflect"],"picked":"Quick Slash","floor":7},{"not_picked":["Outmaneuver","Slice"],"picked":"Bullet Time","floor":8},{"not_picked":["Bane","Poisoned Stab"],"picked":"Masterful Stab","floor":10},{"not_picked":["Slice","Accuracy"],"picked":"Dash","floor":12},{"not_picked":["After Image","Night Terror"],"picked":"Corpse Explosion","floor":16},{"not_picked":["Heel Hook+1","Skewer"],"picked":"All Out Attack","floor":18},{"not_picked":["Bane+1","Crippling Poison"],"picked":"Dagger Throw","floor":20},{"not_picked":["PiercingWail+1","Bane","Infinite Blades"],"picked":"SKIP","floor":21},{"not_picked":["Escape Plan","Dodge and Roll"],"picked":"Outmaneuver","floor":22},{"not_picked":["Blur","Deflect","PiercingWail+1"],"picked":"SKIP","floor":24},{"not_picked":["Endless Agony","Quick Slash+1"],"picked":"Dagger Spray","floor":28},{"not_picked":["Blade Dance","Noxious Fumes","PiercingWail"],"picked":"SKIP","floor":31}],"player_experience":724668,"relics_obtained":[{"floor":7,"key":"Anchor"},{"floor":9,"key":"Strawberry"},{"floor":26,"key":"War Paint"}],"event_choices":[{"damage_healed":0,"gold_gain":0,"player_choice":"Entered Light","damage_taken":14,"max_hp_gain":0,"max_hp_loss":0,"event_name":"Shining Light","floor":2,"gold_loss":0,"cards_upgraded":["Strike_G","Defend_G"]},{"damage_healed":0,"gold_gain":0,"player_choice":"Left Gold","damage_taken":0,"max_hp_gain":0,"max_hp_loss":0,"event_name":"World of Goop","floor":3,"gold_loss":19},{"damage_healed":0,"gold_gain":0,"player_choice":"Ignored","damage_taken":0,"max_hp_gain":0,"max_hp_loss":0,"event_name":"Vampires","floor":27,"gold_loss":0},{"damage_healed":0,"gold_gain":0,"player_choice":"Read","damage_taken":0,"max_hp_gain":0,"max_hp_loss":0,"event_name":"The Library","floor":30,"gold_loss":0,"cards_obtained":["Flechettes"]}],"is_beta":false,"boss_relics":[{"not_picked":["Busted Crown","Lizard Tail"],"picked":"Ectoplasm"}],"items_purged_floors":[14],"is_endless":false,"potions_floor_spawned":[5,7,16,20,22,24,28,31],"killed_by":"Automaton","ascension_level":9}