{"path_per_floor":["M","?","M","?","T","R","E","R","T","$","M","R","$","M","R","B",null,"M","?","M","M","M","R","M","R","T","?","$","?","M","M","R","B",null,"M","?","M","$","M"],"character_chosen":"THE_SILENT","items_purchased":["Lantern","Noxious Fumes","Good Instincts","Noxious Fumes","Deflect"],"gold_per_floor":[115,115,129,129,198,198,239,239,265,122,141,141,71,89,89,212,212,226,226,246,270,283,283,298,298,324,239,7,7,27,41,41,165,165,185,185,204,50,70],"floor_reached":40,"campfire_rested":5,"playtime":3797,"current_hp_per_floor":[70,53,53,53,53,70,53,70,70,70,68,68,68,68,68,59,70,64,64,60,38,4,25,9,30,30,30,30,30,15,5,26,13,70,45,61,41,41,30],"items_purged":["Injury","Venomology"],"gold":70,"score":364,"play_id":"ebc4c381-4afe-4f9e-ae3b-c6160fab3489","local_time":"20180304022731","is_prod":false,"is_daily":false,"is_ascension_mode":false,"campfire_upgraded":2,"timestamp":1520152051,"path_taken":["M","?","M","?","?","R","E","R","T","?","M","R","$","M","R","BOSS","M","?","?","M","M","R","M","R","T","?","$","?","M","M","R","BOSS","M","?","M","$","M","E"],"build_version":"2018-03-01-PROD1","purchased_purges":2,"victory":false,"master_deck":["Defend_G","Defend_G","Defend_G","Defend_G","Defend_G","Strike_G","Strike_G","Strike_G","Strike_G","Strike_G","Survivor","Neutralize+1","Noxious Fumes+1","Poisoned Stab+1","Noxious Fumes+1","Dash","Good Instincts","Noxious Fumes","Deadly Poison+1","Deflect","Deflect","Noxious Fumes"],"max_hp_per_floor":[70,70,70,70,70,70,70,70,70,70,70,70,70,70,70,70,70,70,70,70,70,70,70,70,70,70,70,70,70,70,70,70,70,70,70,61,61,61,61],"relics":["Ring of the Snake","Golden Idol","Bottled Lightning","Happy Flower","Bag of Preparation","Lantern","Lizard Tail","Pen Nib","Tough Bandages","Sozu"],"card_choices":[{"not_picked":["Poisoned Stab","Catalyst"],"picked":"Noxious Fumes"},{"not_picked":["Malaise","Underhanded Strike"],"picked":"Venomology"},{"not_picked":["Sucker Punch","Underhanded Strike"],"picked":"Poisoned Stab"},{"not_picked":["Prepared","Eviscerate"],"picked":"Dash"},{"not_picked":["Phantasmal Killer","PiercingWail"],"picked":"Deadly Poison"},{"not_picked":["Infinite Blades","Flying Knee"],"picked":"Deflect"},{"not_picked":["Dagger Spray","Reflex"],"picked":"Noxious Fumes"}],"player_experience":37657,"potions_floor_usage":[16,16,20,20,21,21,22,24,24,31,33],"damage_taken":[{"damage":0,"enemies":"Jaw Worm","floor":1,"turns":5},{"damage":0,"enemies":"2 Louse","floor":3,"turns":3},{"damage":17,"enemies":"3 Sentries","floor":7,"turns":8},{"damage":2,"enemies":"Small Slimes","floor":11,"turns":4},{"damage":0,"enemies":"Looter","floor":14,"turns":4},{"damage":9,"enemies":"The Guardian","floor":16,"turns":9},{"damage":6,"enemies":"Shell Parasite","floor":18,"turns":7},{"damage":4,"enemies":"3 Byrds","floor":20,"turns":4},{"damage":37,"enemies":"Snecko","floor":21,"turns":7},{"damage":34,"enemies":"Sentry and Sphere","floor":22,"turns":6},{"damage":16,"enemies":"Snake Plant","floor":24,"turns":5},{"damage":15,"enemies":"3 Cultists","floor":30,"turns":5},{"damage":10,"enemies":"Sentry and Sphere","floor":31,"turns":4},{"damage":13,"enemies":"Champ","floor":33,"turns":12},{"damage":25,"enemies":"Orb Walker","floor":35,"turns":5},{"damage":20,"enemies":"3 Shapes","floor":37,"turns":5},{"damage":44,"enemies":"Maw","floor":39,"turns":8},{"damage":51,"enemies":"Giant Head","floor":40,"turns":7}],"event_choices":[{"event_name":"Golden Idol","player_choice":"Take Damage","floor":2,"damage_taken":0},{"event_name":"Accursed Blacksmith","player_choice":"Forge","floor":4,"damage_taken":0},{"event_name":"Vampires","player_choice":"Ignored","floor":19,"damage_taken":0},{"event_name":"Addict","player_choice":"Obtained Relic","floor":27,"damage_taken":0},{"event_name":"The Mausoleum","player_choice":"No","floor":29,"damage_taken":0},{"event_name":"The Moai Head","player_choice":"Heal","floor":36,"damage_taken":0}],"boss_relics":[{"not_picked":["Astrolabe","White Beast Statue"],"picked":"Lizard Tail"},{"not_picked":["Philosopher\u0027s Stone","Tiny House"],"picked":"Sozu"}],"potions_floor_spawned":[3,11,14,16,18,20,30],"seed_played":"-3939753175230150188","killed_by":"Giant Head","ascension_level":0,"is_trial":false}