{"gold_per_floor":[109,3,18,28,39,39,74,74,74,74,74,94,121,136,136,239,239,254,264,196,0,17,17,17,17,17,17,17,17,17,42,42,142,142,155,155,172,52,0,0,17,44,44,44,70,30,30],"floor_reached":47,"playtime":3081,"items_purged":["Strike_B"],"score":755,"play_id":"e7cd311a-ad41-4084-932d-06cd2487f25e","local_time":"20181210014623","is_ascension_mode":true,"campfire_choices":[{"data":"Zap","floor":6,"key":"SMITH"},{"data":"Glacier","floor":8,"key":"SMITH"},{"data":"Buffer","floor":10,"key":"SMITH"},{"data":"Dualcast","floor":15,"key":"SMITH"},{"data":"Defragment","floor":23,"key":"SMITH"},{"data":"Echo Form","floor":25,"key":"SMITH"},{"data":"Cold Snap","floor":28,"key":"SMITH"},{"floor":32,"key":"REST"},{"data":"Conserve Battery","floor":40,"key":"SMITH"},{"floor":44,"key":"REST"}],"neow_cost":"NONE","seed_source_timestamp":12673536633804,"circlet_count":0,"master_deck":["Strike_B","Strike_B","Defend_B","Defend_B","Defend_B","Defend_B","Zap+1","Dualcast+1","Buffer+1","Sweeping Beam","Glacier+1","Sweeping Beam","Ball Lightning","Leap","Leap","Coolheaded","Rebound","Cold Snap+1","Echo Form+1","Ball Lightning+1","Electrodynamics","Defragment+1","Defragment","Buffer","Bandage Up","Undo","Conserve Battery+1","BootSequence+1","Glacier"],"relics":["FrozenCore","Gambling Chip","Bottled Flame","Singing Bowl","Regal Pillow","Torii","Sozu","Red Mask","Juzu Bracelet","Darkstone Periapt","Pen Nib"],"potions_floor_usage":[7,22,31,41],"damage_taken":[{"damage":0,"enemies":"2 Louse","floor":1,"turns":3},{"damage":0,"enemies":"Small Slimes","floor":3,"turns":3},{"damage":0,"enemies":"Jaw Worm","floor":4,"turns":3},{"damage":2,"enemies":"Looter","floor":5,"turns":3},{"damage":3,"enemies":"Gremlin Nob","floor":7,"turns":4},{"damage":0,"enemies":"2 Fungi Beasts","floor":12,"turns":3},{"damage":0,"enemies":"Lagavulin","floor":13,"turns":5},{"damage":0,"enemies":"Exordium Wildlife","floor":14,"turns":2},{"damage":0,"enemies":"Slime Boss","floor":16,"turns":9},{"damage":6,"enemies":"Shell Parasite","floor":18,"turns":13},{"damage":5,"enemies":"Chosen","floor":19,"turns":8},{"damage":17,"enemies":"3 Cultists","floor":22,"turns":5},{"damage":15,"enemies":"Book of Stabbing","floor":31,"turns":7},{"damage":54,"enemies":"Automaton","floor":33,"turns":13},{"damage":1,"enemies":"3 Shapes","floor":35,"turns":5},{"damage":1,"enemies":"Orb Walker","floor":37,"turns":6},{"damage":38,"enemies":"Transient","floor":41,"turns":5},{"damage":11,"enemies":"Giant Head","floor":42,"turns":13},{"damage":50,"enemies":"Nemesis","floor":45,"turns":13},{"damage":49,"enemies":"Giant Head","floor":47,"turns":16}],"seed_played":"-3512466113548070527","potions_obtained":[{"floor":4,"key":"Poison Potion"},{"floor":5,"key":"Block Potion"},{"floor":12,"key":"EssenceOfSteel"},{"floor":16,"key":"Energy Potion"},{"floor":33,"key":"Energy Potion"}],"is_trial":false,"path_per_floor":["M","$","M","M","M","R","E","R","T","R","?","M","E","M","R","B",null,"M","M","$","?","M","R","?","R","T","$","R","?","$","E","R","B",null,"M","?","M","$","?","R","M","E","T","R","E","$","E"],"character_chosen":"DEFECT","items_purchased":["Glacier","Sweeping Beam","Electrodynamics","Conserve Battery","Glacier"],"campfire_rested":2,"item_purchase_floors":[2,2,20,38,46],"current_hp_per_floor":[75,75,75,75,73,73,70,70,70,70,75,75,75,77,77,77,81,77,72,72,72,55,55,55,55,55,55,55,55,55,40,80,26,70,71,71,74,74,74,74,42,41,41,83,37,37,0],"gold":30,"neow_bonus":"TRANSFORM_CARD","is_prod":false,"is_daily":false,"chose_seed":false,"campfire_upgraded":8,"win_rate":0,"timestamp":1544427983,"path_taken":["M","$","M","M","M","R","E","R","T","R","?","M","E","M","R","BOSS","M","M","$","?","M","R","?","R","T","$","R","?","?","E","R","BOSS","M","?","M","$","?","R","M","E","T","R","E","?","E"],"build_version":"2018-12-06","purchased_purges":1,"victory":false,"max_hp_per_floor":[75,75,75,75,75,75,75,75,75,75,80,80,80,82,82,82,82,84,84,84,84,84,84,84,84,84,84,84,84,84,84,84,84,84,86,86,86,86,86,86,88,90,90,90,90,90,90],"card_choices":[{"not_picked":["White Noise","BootSequence"],"picked":"Sweeping Beam","floor":1},{"not_picked":["Stack","Scrape"],"picked":"Ball Lightning","floor":3},{"not_picked":["Hologram","FTL"],"picked":"Leap","floor":4},{"not_picked":["Turbo","Coolheaded"],"picked":"Leap","floor":5},{"not_picked":["Streamline","Gash"],"picked":"Coolheaded","floor":7},{"not_picked":["Genetic Algorithm","Go for the Eyes"],"picked":"Rebound","floor":12},{"not_picked":["Steam","Gash"],"picked":"Cold Snap","floor":13},{"not_picked":["Doom and Gloom","Rebound","Capacitor"],"picked":"Singing Bowl","floor":14},{"not_picked":["Core Surge","Meteor Strike"],"picked":"Echo Form","floor":16},{"not_picked":["Coolheaded","Go for the Eyes","Consume"],"picked":"Singing Bowl","floor":18},{"not_picked":["Beam Cell","Blizzard"],"picked":"Ball Lightning+1","floor":19},{"not_picked":["Leap+1","Streamline+1"],"picked":"Defragment","floor":22},{"not_picked":["Redo","Auto Shields"],"picked":"Defragment","floor":31},{"not_picked":["Multi-Cast","All For One"],"picked":"Buffer","floor":33},{"not_picked":["Beam Cell","Steam+1","Barrage"],"picked":"Singing Bowl","floor":35},{"not_picked":["Panache","Finesse"],"picked":"Bandage Up","floor":36},{"not_picked":["Darkness+1","Compile Driver+1"],"picked":"Undo","floor":37},{"not_picked":["Reprogram+1","Turbo+1","Hologram+1"],"picked":"Singing Bowl","floor":41},{"not_picked":["Ball Lightning","Fusion","Scrape"],"picked":"Singing Bowl","floor":42},{"not_picked":["Tempest","Barrage"],"picked":"BootSequence+1","floor":45}],"player_experience":643552,"relics_obtained":[{"floor":7,"key":"Gambling Chip"},{"floor":9,"key":"Bottled Flame"},{"floor":13,"key":"Singing Bowl"},{"floor":31,"key":"Torii"},{"floor":42,"key":"Juzu Bracelet"},{"floor":43,"key":"Darkstone Periapt"},{"floor":45,"key":"Pen Nib"}],"event_choices":[{"damage_healed":0,"gold_gain":0,"player_choice":"Donut","damage_taken":0,"max_hp_gain":5,"max_hp_loss":0,"event_name":"Big Fish","floor":11,"gold_loss":0},{"damage_healed":0,"gold_gain":0,"player_choice":"Paid Fearfully","damage_taken":0,"max_hp_gain":0,"max_hp_loss":0,"event_name":"Masked Bandits","floor":21,"gold_loss":196},{"damage_healed":0,"gold_gain":0,"player_choice":"Opened","damage_taken":0,"relics_obtained":["Regal Pillow"],"max_hp_gain":0,"max_hp_loss":0,"event_name":"The Mausoleum","floor":29,"gold_loss":0},{"damage_healed":0,"gold_gain":0,"player_choice":"Memory 1","damage_taken":0,"max_hp_gain":0,"max_hp_loss":0,"event_name":"SensoryStone","floor":36,"gold_loss":0},{"damage_healed":0,"gold_gain":0,"player_choice":"Paid","damage_taken":0,"relics_obtained":["Red Mask"],"max_hp_gain":0,"max_hp_loss":0,"event_name":"Tomb of Lord Red Mask","floor":39,"gold_loss":52}],"is_beta":false,"boss_relics":[{"not_picked":["Fusion Hammer","Runic Pyramid"],"picked":"FrozenCore"},{"not_picked":["Snecko Eye","Pandora\u0027s Box"],"picked":"Sozu"}],"items_purged_floors":[38],"is_endless":false,"potions_floor_spawned":[4,5,12,16,18,33,35,41],"killed_by":"Giant Head","ascension_level":5}