{"path_per_floor":["M","M","?","$","M","E","M","R","T","R","$","T","R","M","R","B",null,"M","T","$","M","M","R"],"character_chosen":"IRONCLAD","items_purchased":["Pommel Strike"],"gold_per_floor":[111,121,121,46,59,93,109,109,134,134,8,8,8,26,26,121,151,170,170,45,57,76,76],"floor_reached":24,"campfire_rested":1,"playtime":1438,"current_hp_per_floor":[80,80,73,73,78,43,55,55,55,55,55,55,55,57,80,44,85,64,64,64,55,45,45],"items_purged":["Bash","Brutality","Strike_R"],"gold":76,"score":196,"play_id":"9804730e-ff74-4eef-9ee0-9580f185a6bf","local_time":"20180310002536","is_prod":false,"is_daily":false,"is_ascension_mode":false,"campfire_upgraded":4,"timestamp":1520663136,"path_taken":["M","M","?","?","M","E","M","R","T","R","?","?","R","?","R","BOSS","M","?","$","M","M","R","E"],"build_version":"2018-03-09","purchased_purges":3,"victory":false,"master_deck":["Strike_R","Strike_R","Strike_R","Defend_R","Defend_R","Defend_R","Defend_R","Pommel Strike+1","Whirlwind+1","Flex+1","Pommel Strike+1","Demon Form+1","Heavy Blade","Inflame"],"max_hp_per_floor":[80,80,80,80,80,80,80,80,80,80,80,80,80,80,80,80,85,85,85,85,85,85,85],"relics":["Burning Blood","Meat on the Bone","Dream Catcher","Omamori","Tiny House","Blood Vial"],"card_choices":[{"not_picked":["Bloodletting","True Grit"],"picked":"Pommel Strike"},{"not_picked":["True Grit","Twin Strike"],"picked":"Whirlwind"},{"not_picked":["Twin Strike","Reaper"],"picked":"Brutality"},{"not_picked":["Headbutt","Armaments"],"picked":"Flex"},{"not_picked":["Heavy Blade","Perfected Strike"],"picked":"Demon Form"},{"not_picked":["Havoc","Disarm"],"picked":"Heavy Blade"},{"not_picked":["Sentinel","Clash"],"picked":"Inflame"}],"player_experience":108637,"potions_floor_usage":[2,6,16,16,18,21,24],"damage_taken":[{"damage":0,"enemies":"Small Slimes","floor":1,"turns":3},{"damage":0,"enemies":"2 Louse","floor":2,"turns":1},{"damage":1,"enemies":"Cultist","floor":5,"turns":3},{"damage":41,"enemies":"Gremlin Nob","floor":6,"turns":6},{"damage":6,"enemies":"Exordium Wildlife","floor":7,"turns":3},{"damage":4,"enemies":"Blue Slaver","floor":14,"turns":3},{"damage":54,"enemies":"Hexaghost","floor":16,"turns":8},{"damage":27,"enemies":"2 Thieves","floor":18,"turns":5},{"damage":17,"enemies":"Shell Parasite","floor":21,"turns":5},{"damage":30,"enemies":"Snake Plant","floor":22,"turns":5},{"damage":48,"enemies":"Slavers","floor":24,"turns":3}],"event_choices":[{"event_name":"Golden Wing","player_choice":"Card Removal","floor":3,"damage_taken":0}],"boss_relics":[{"not_picked":["Ectoplasm","Calling Bell"],"picked":"Tiny House"}],"potions_floor_spawned":[1,5,7,14,18,22],"seed_played":"-989328092941698511","killed_by":"Slavers","ascension_level":0,"is_trial":false}