{"gold_per_floor":[112,131,91,111,122,152,152,30,30,30,30,50,85,99,99,194,194,214,231,281,292,302,332,342,355,355,381,398,416,416],"floor_reached":30,"playtime":2107,"items_purged":["Strike_R"],"score":432,"play_id":"d4e390be-936a-40d6-9ee8-559929987c55","local_time":"20191014140245","is_ascension_mode":true,"campfire_choices":[{"data":"Sword Boomerang","floor":7,"key":"SMITH"},{"floor":11,"key":"REST"},{"data":"Shockwave","floor":15,"key":"SMITH"}],"neow_cost":"NONE","seed_source_timestamp":383110814322000,"circlet_count":0,"master_deck":["AscendersBane","Strike_R","Strike_R","Strike_R","Strike_R","Defend_R","Defend_R","Defend_R","Defend_R","Bash","Shrug It Off","Sword Boomerang+1","Clash","Pommel Strike","Pommel Strike","Shrug It Off","Iron Wave","Shockwave+1","Reaper","Cleave","Body Slam+1","Perfected Strike+1","Juggernaut","Ghostly Armor","Feed","Havoc+1","Exhume","Shrug It Off"],"relics":["Burning Blood","Lantern","Mercury Hourglass","Question Card","Juzu Bracelet","Sozu","Art of War","Champion Belt"],"potions_floor_usage":[6,6,6,13,16],"damage_taken":[{"damage":1,"enemies":"Cultist","floor":1,"turns":4},{"damage":6,"enemies":"Small Slimes","floor":2,"turns":5},{"damage":2,"enemies":"Jaw Worm","floor":4,"turns":3},{"damage":21,"enemies":"Lots of Slimes","floor":5,"turns":6},{"damage":32,"enemies":"3 Sentries","floor":6,"turns":10},{"damage":11,"enemies":"Large Slime","floor":12,"turns":5},{"damage":14,"enemies":"Lagavulin","floor":13,"turns":5},{"damage":1,"enemies":"Looter","floor":14,"turns":3},{"damage":42,"enemies":"Slime Boss","floor":16,"turns":9},{"damage":11,"enemies":"Spheric Guardian","floor":18,"turns":4},{"damage":2,"enemies":"Chosen","floor":19,"turns":3},{"damage":5,"enemies":"Shelled Parasite and Fungi","floor":21,"turns":5},{"damage":39,"enemies":"Snake Plant","floor":22,"turns":5},{"damage":15,"enemies":"Book of Stabbing","floor":23,"turns":4},{"damage":21,"enemies":"Centurion and Healer","floor":24,"turns":5},{"damage":0,"enemies":"Chosen and Byrds","floor":25,"turns":4},{"damage":14,"enemies":"Slavers","floor":27,"turns":4},{"damage":4,"enemies":"3 Cultists","floor":28,"turns":3},{"damage":29,"enemies":"Snake Plant","floor":29,"turns":3},{"damage":38,"enemies":"Book of Stabbing","floor":30,"turns":5}],"seed_played":"-8029849488132536922","potions_obtained":[{"floor":3,"key":"SpeedPotion"},{"floor":3,"key":"Energy Potion"},{"floor":3,"key":"SneckoOil"},{"floor":6,"key":"LiquidBronze"},{"floor":13,"key":"Energy Potion"}],"is_trial":false,"path_per_floor":["M","M","?","M","M","E","R","$","T","$","R","M","E","M","R","B",null,"M","M","?","M","M","E","M","M","T","E","M","M","E"],"character_chosen":"IRONCLAD","items_purchased":["Pommel Strike"],"campfire_rested":1,"item_purchase_floors":[8],"current_hp_per_floor":[77,77,77,80,65,39,39,39,39,39,63,58,50,55,55,19,65,60,64,64,71,42,33,30,36,36,28,45,28,0],"gold":416,"neow_bonus":"RANDOM_COMMON_RELIC","is_prod":false,"is_daily":false,"chose_seed":false,"campfire_upgraded":2,"win_rate":0,"timestamp":1571079765,"path_taken":["M","M","?","?","M","E","R","$","T","$","R","M","E","M","R","BOSS","M","M","?","M","M","E","M","M","T","E","M","M","E"],"build_version":"2019-07-17","purchased_purges":1,"victory":false,"max_hp_per_floor":[80,80,80,80,80,80,80,80,80,80,80,80,80,80,80,80,80,80,80,80,80,80,80,80,80,80,80,83,86,86],"card_choices":[{"not_picked":["Twin Strike","Dropkick"],"picked":"Shrug It Off","floor":1},{"not_picked":["Dual Wield","Clash"],"picked":"Sword Boomerang","floor":2},{"not_picked":["Flex","Evolve","Armaments"],"picked":"SKIP","floor":4},{"not_picked":["Thunderclap","Intimidate"],"picked":"Clash","floor":5},{"not_picked":["Clash","Juggernaut"],"picked":"Pommel Strike","floor":6},{"not_picked":["Clothesline","Thunderclap","Hemokinesis"],"picked":"Shrug It Off","floor":12},{"not_picked":["Flex","Double Tap","Rupture"],"picked":"Iron Wave","floor":13},{"not_picked":["Anger","Pommel Strike","Blood for Blood"],"picked":"Shockwave","floor":14},{"not_picked":["Fiend Fire","Impervious","Offering"],"picked":"Reaper","floor":16},{"not_picked":["Clash","Armaments","Infernal Blade+1"],"picked":"Cleave","floor":18},{"not_picked":["Clash","Wild Strike","Armaments","Cleave+1"],"picked":"SKIP","floor":19},{"not_picked":["Flex+1","Cleave","Havoc+1"],"picked":"Body Slam+1","floor":21},{"not_picked":["Warcry","Carnage","Heavy Blade"],"picked":"Perfected Strike+1","floor":22},{"not_picked":["Brutality","Body Slam","Clash+1"],"picked":"Juggernaut","floor":23},{"not_picked":["Flex","Power Through","Heavy Blade+1"],"picked":"Ghostly Armor","floor":24},{"not_picked":["Infernal Blade","Iron Wave+1","Heavy Blade"],"picked":"Feed","floor":25},{"not_picked":["Wild Strike","Clash+1","Sword Boomerang"],"picked":"Havoc+1","floor":27},{"not_picked":["Wild Strike","Thunderclap","Entrench"],"picked":"Exhume","floor":28},{"not_picked":["Reckless Charge","Flex+1","Warcry"],"picked":"Shrug It Off","floor":29}],"player_experience":845311,"relics_obtained":[{"floor":6,"key":"Mercury Hourglass"},{"floor":9,"key":"Question Card"},{"floor":13,"key":"Juzu Bracelet"},{"floor":23,"key":"Art of War"},{"floor":27,"key":"Champion Belt"}],"event_choices":[{"damage_healed":0,"gold_gain":0,"player_choice":"Bought 3 Potions","damage_taken":0,"max_hp_gain":0,"max_hp_loss":0,"event_name":"The Woman in Blue","floor":3,"gold_loss":0},{"damage_healed":0,"gold_gain":100,"player_choice":"Bet on Murderer","damage_taken":0,"max_hp_gain":0,"max_hp_loss":0,"event_name":"The Joust","floor":20,"gold_loss":50}],"is_beta":false,"boss_relics":[{"not_picked":["Busted Crown","Runic Cube"],"picked":"Sozu"}],"items_purged_floors":[8],"is_endless":false,"potions_floor_spawned":[5,6,13,23,24,28,29],"killed_by":"Book of Stabbing","ascension_level":10}