{"path_per_floor":["M","M","M","M","?","R","E","R","T","?","M","$","R","M","R","B",null,"M","?","M","$","M","R","$","?","T","R","M","M","R","$","R","B",null,"M","M","?","$","M","R","M","R","T","R","?","?","M","M","R"],"character_chosen":"THE_SILENT","items_purchased":["Footwork","Malaise","Noxious Fumes","Bandage Up","Footwork","Calculated Gamble","Snake Skull"],"gold_per_floor":[117,130,149,168,168,168,212,212,258,258,277,124,124,137,137,265,303,328,328,351,177,191,191,54,54,54,54,72,87,87,16,16,141,141,164,183,433,122,138,138,159,159,159,159,159,159,179,193,193],"floor_reached":50,"campfire_rested":3,"playtime":4182,"current_hp_per_floor":[70,70,70,70,65,65,62,62,62,62,61,61,61,57,57,28,70,70,70,70,70,65,65,65,49,49,70,70,70,70,70,70,43,70,70,70,70,70,43,64,66,66,66,66,66,70,60,53,70],"items_purged":["Reflex","Defend_G","Regret"],"gold":193,"score":394,"play_id":"188aad3e-069e-4fa0-916f-8cb9c540d0aa","local_time":"20180308225403","is_prod":false,"is_daily":false,"is_ascension_mode":false,"campfire_upgraded":9,"timestamp":1520571243,"path_taken":["M","M","M","M","?","R","E","R","T","?","?","$","R","M","R","BOSS","M","?","M","$","M","R","$","?","T","R","M","M","R","?","R","BOSS","M","M","?","$","M","R","M","R","T","R","?","?","M","M","R","BOSS"],"build_version":"2018-03-01-PROD1","purchased_purges":3,"victory":false,"master_deck":["Defend_G","Defend_G","Defend_G","Defend_G","Strike_G","Strike_G","Strike_G","Strike_G","Survivor","Neutralize","Leg Sweep+1","Deadly Poison+1","Heel Hook+1","Cloak And Dagger","Poisoned Stab","Footwork+1","Footwork+1","Adrenaline+1","Deflect+1","Deflect+1","Flying Knee+1","Poisoned Stab","Noxious Fumes+1","Bandage Up","Footwork+1","Calculated Gamble+1","Expertise+1"],"max_hp_per_floor":[70,70,70,70,65,65,65,65,65,65,65,65,65,65,65,65,70,70,70,70,70,70,70,70,70,70,70,70,70,70,70,70,70,70,70,70,70,70,70,70,70,70,70,70,70,70,70,70,70],"relics":["Ring of the Snake","NeowsBlessing","Golden Idol","Dodecahedron","Lantern","Tiny House","Bag of Marbles","Enchiridion","Frozen Eye","The Specimen","Snake Skull","Blood Vial"],"card_choices":[{"not_picked":["Prepared","All Out Attack"],"picked":"Leg Sweep"},{"not_picked":["Heel Hook","Backflip"],"picked":"Deadly Poison"},{"not_picked":["Leg Sweep","Outmaneuver"],"picked":"Heel Hook"},{"not_picked":["Deadly Poison","Escape Plan"],"picked":"Cloak And Dagger"},{"not_picked":["Dagger Throw","Leg Sweep"],"picked":"Poisoned Stab"},{"not_picked":["Riddle With Holes","Well Laid Plans"],"picked":"Footwork"},{"not_picked":["Night Terror","Burst"],"picked":"Adrenaline"},{"not_picked":["Bouncing Flask","Terror"],"picked":"Deflect"},{"not_picked":["Sucker Punch","Crippling Poison"],"picked":"Deflect"},{"not_picked":["Cloak And Dagger","Riddle With Holes"],"picked":"Flying Knee"},{"not_picked":["Quick Slash","Doppelganger"],"picked":"Poisoned Stab"},{"not_picked":["Prepared","Slice"],"picked":"Expertise"}],"player_experience":95832,"potions_floor_usage":[7,7,33,35,39,47,50,50],"damage_taken":[{"damage":0,"enemies":"Small Slimes","floor":1,"turns":1},{"damage":0,"enemies":"2 Louse","floor":2,"turns":1},{"damage":0,"enemies":"Cultist","floor":3,"turns":1},{"damage":0,"enemies":"Looter","floor":4,"turns":4},{"damage":3,"enemies":"3 Sentries","floor":7,"turns":8},{"damage":1,"enemies":"Large Slime","floor":11,"turns":6},{"damage":4,"enemies":"Exordium Thugs","floor":14,"turns":5},{"damage":29,"enemies":"Slime Boss","floor":16,"turns":22},{"damage":0,"enemies":"Spheric Guardian","floor":18,"turns":7},{"damage":0,"enemies":"Shell Parasite","floor":20,"turns":8},{"damage":5,"enemies":"Sentry and Sphere","floor":22,"turns":7},{"damage":0,"enemies":"Snake Plant","floor":28,"turns":5},{"damage":0,"enemies":"Centurion and Healer","floor":29,"turns":8},{"damage":27,"enemies":"Collector","floor":33,"turns":10},{"damage":0,"enemies":"Orb Walker","floor":35,"turns":5},{"damage":0,"enemies":"3 Shapes","floor":36,"turns":6},{"damage":31,"enemies":"Sphere and 2 Shapes","floor":39,"turns":5},{"damage":2,"enemies":"4 Shapes","floor":41,"turns":5},{"damage":14,"enemies":"3 Darklings","floor":47,"turns":4},{"damage":13,"enemies":"Sphere and 2 Shapes","floor":48,"turns":5},{"damage":80,"enemies":"Awakened One","floor":50,"turns":6}],"event_choices":[{"event_name":"Golden Idol","player_choice":"Lose Max HP","floor":5,"damage_taken":0},{"event_name":"Living Wall","player_choice":"Change","floor":10,"damage_taken":0},{"event_name":"The Mausoleum","player_choice":"Yes","floor":19,"damage_taken":0},{"event_name":"Cursed Tome","player_choice":"Obtained Book","floor":25,"damage_taken":0},{"event_name":"Golden Shrine","player_choice":"Desecrate","floor":37,"damage_taken":0},{"event_name":"Mysterious Sphere","player_choice":"Ignore","floor":45,"damage_taken":0},{"event_name":"Bonfire Elementals","player_choice":"UNCOMMON","floor":46,"damage_taken":0}],"boss_relics":[{"not_picked":["Runic Pyramid","Question Card"],"picked":"Tiny House"},{"not_picked":["Runic Dome","Calling Bell"],"picked":"The Specimen"}],"potions_floor_spawned":[2,4,7,11,20,29,33,36,41,47],"seed_played":"-283641511240275394","killed_by":"Awakened One","ascension_level":0,"is_trial":false}