{"gold_per_floor":[20,20,20,39,59,59,90,90,90,100,125,125,125,125,125,223,223,240,165,165,175,193,193,227,227,227,227,255,270,270,288,288,288],"floor_reached":33,"playtime":2325,"items_purged":["Strike_B"],"score":391,"play_id":"0d0c7774-fd69-412f-a8df-908c9a91b848","local_time":"20181120235018","is_ascension_mode":true,"campfire_choices":[{"data":"Dualcast","floor":6,"key":"SMITH"},{"data":"Redo","floor":8,"key":"SMITH"},{"floor":15,"key":"REST"},{"data":"Defragment","floor":23,"key":"SMITH"},{"floor":25,"key":"REST"},{"floor":27,"key":"REST"},{"data":"Heatsinks","floor":30,"key":"SMITH"},{"data":"Defragment","floor":32,"key":"SMITH"}],"neow_cost":"NO_GOLD","seed_source_timestamp":1310135340070455,"circlet_count":0,"master_deck":["Strike_B","Strike_B","Strike_B","Defend_B","Defend_B","Defend_B","Defend_B","Zap+1","Dualcast+1","Reinforced Body+1","Redo+1","Self Repair+1","Ball Lightning","Defragment+1","Buffer+1","Steam","Heatsinks+1","Lockon+1","Defragment+1"],"relics":["Cracked Core","StoneCalendar","Singing Bowl","Pear","Anchor","Inserter","Shuriken","Bag of Marbles"],"potions_floor_usage":[10,18,24,28,28,33],"damage_taken":[{"damage":0,"enemies":"Small Slimes","floor":1,"turns":3},{"damage":2,"enemies":"2 Louse","floor":4,"turns":2},{"damage":0,"enemies":"Cultist","floor":5,"turns":3},{"damage":20,"enemies":"Gremlin Nob","floor":7,"turns":4},{"damage":5,"enemies":"Gremlin Gang","floor":10,"turns":5},{"damage":28,"enemies":"3 Sentries","floor":11,"turns":7},{"damage":50,"enemies":"Hexaghost","floor":16,"turns":9},{"damage":15,"enemies":"3 Byrds","floor":18,"turns":6},{"damage":0,"enemies":"Chosen","floor":21,"turns":4},{"damage":12,"enemies":"Centurion and Healer","floor":22,"turns":8},{"damage":53,"enemies":"Book of Stabbing","floor":24,"turns":7},{"damage":10,"enemies":"Slavers","floor":28,"turns":4},{"damage":22,"enemies":"3 Cultists","floor":29,"turns":6},{"damage":13,"enemies":"Snecko","floor":31,"turns":4},{"damage":80,"enemies":"Collector","floor":33,"turns":7}],"seed_played":"-2931186209368432595","potions_obtained":[{"floor":5,"key":"Fire Potion"},{"floor":11,"key":"Swift Potion"},{"floor":16,"key":"PowerPotion"},{"floor":22,"key":"SkillPotion"},{"floor":24,"key":"Poison Potion"},{"floor":31,"key":"Explosive Potion"}],"is_trial":false,"path_per_floor":["M","$","?","M","M","R","E","R","T","M","E","?","?","?","R","B",null,"M","$","?","M","M","R","E","R","T","R","E","M","R","M","R","B"],"character_chosen":"DEFECT","items_purchased":[],"campfire_rested":3,"item_purchase_floors":[],"current_hp_per_floor":[75,75,75,73,73,73,62,62,72,74,53,36,36,36,62,22,71,66,66,66,76,76,76,33,59,59,85,87,77,77,74,74,0],"gold":288,"neow_bonus":"ONE_RARE_RELIC","is_prod":false,"is_daily":false,"chose_seed":false,"campfire_upgraded":5,"win_rate":0,"timestamp":1542779418,"path_taken":["M","$","?","M","M","R","E","R","T","M","E","?","?","?","R","BOSS","M","$","?","?","?","R","E","R","T","R","E","M","R","M","R","BOSS"],"build_version":"2018-11-15","purchased_purges":1,"victory":false,"max_hp_per_floor":[75,75,75,75,75,75,77,77,87,87,87,87,87,87,87,87,87,87,87,87,87,89,89,89,89,89,89,91,93,93,93,93,93],"card_choices":[{"not_picked":["Hologram","Chaos"],"picked":"Reinforced Body","floor":1},{"not_picked":["Barrage","Gash"],"picked":"Redo","floor":4},{"not_picked":["Consume","Loop"],"picked":"Self Repair","floor":5},{"not_picked":["Meteor Strike","Redo","Darkness"],"picked":"Singing Bowl","floor":7},{"not_picked":["Cold Snap","Barrage"],"picked":"Ball Lightning","floor":10},{"not_picked":["Coolheaded","Capacitor"],"picked":"Defragment","floor":11},{"not_picked":["Hyperbeam","Amplify"],"picked":"Buffer","floor":16},{"not_picked":["Reprogram","Barrage"],"picked":"Steam","floor":18},{"not_picked":["Stack+1","Streamline+1"],"picked":"Heatsinks","floor":21},{"not_picked":["Genetic Algorithm+1","Turbo","Go for the Eyes+1"],"picked":"Singing Bowl","floor":22},{"not_picked":["Streamline","Sweeping Beam"],"picked":"Lockon+1","floor":24},{"not_picked":["All For One","Redo","Coolheaded+1"],"picked":"Singing Bowl","floor":28},{"not_picked":["Loop","Streamline","White Noise"],"picked":"Singing Bowl","floor":29},{"not_picked":["Stack","Cold Snap"],"picked":"Defragment","floor":31}],"player_experience":610153,"relics_obtained":[{"floor":7,"key":"Singing Bowl"},{"floor":9,"key":"Pear"},{"floor":11,"key":"Anchor"},{"floor":24,"key":"Shuriken"},{"floor":28,"key":"Bag of Marbles"}],"event_choices":[{"damage_healed":0,"gold_gain":0,"player_choice":"Grow","damage_taken":0,"max_hp_gain":0,"max_hp_loss":0,"event_name":"Living Wall","floor":3,"gold_loss":0,"cards_upgraded":["Zap"]},{"damage_healed":0,"gold_gain":0,"player_choice":"Entered Light","damage_taken":17,"max_hp_gain":0,"max_hp_loss":0,"event_name":"Shining Light","floor":12,"gold_loss":0,"cards_upgraded":["Self Repair","Reinforced Body"]},{"damage_healed":0,"gold_gain":0,"player_choice":"Ignored","damage_taken":0,"max_hp_gain":0,"max_hp_loss":0,"event_name":"Liars Game","floor":13,"gold_loss":0},{"damage_healed":0,"gold_gain":0,"player_choice":"Searched \u00271\u0027 times","damage_taken":0,"max_hp_gain":0,"max_hp_loss":0,"event_name":"Dead Adventurer","floor":14,"gold_loss":0},{"damage_healed":0,"gold_gain":0,"player_choice":"Forge","damage_taken":0,"max_hp_gain":0,"max_hp_loss":0,"event_name":"Accursed Blacksmith","floor":20,"gold_loss":0,"cards_upgraded":["Buffer"]}],"is_beta":false,"boss_relics":[{"not_picked":["Nuclear Battery","Lizard Tail"],"picked":"Inserter"}],"items_purged_floors":[19],"is_endless":false,"potions_floor_spawned":[5,11,16,22,24,31],"killed_by":"Collector","ascension_level":5}