{"gold_per_floor":[113,125,50,67,47,47,59,59,59,91,106,136,147,167,167,167],"floor_reached":16,"playtime":1148,"items_purged":[],"score":168,"play_id":"f40e88fd-d62b-4da0-972a-0fed6aa6c65d","local_time":"20190327233242","is_ascension_mode":true,"campfire_choices":[{"data":"Footwork","floor":6,"key":"SMITH"},{"floor":15,"key":"REST"}],"neow_cost":"NONE","seed_source_timestamp":253196362984547,"circlet_count":0,"master_deck":["Defend_G","Defend_G","Defend_G","Defend_G","Defend_G","Strike_G","Strike_G","Strike_G","Strike_G","Strike_G","Survivor","Neutralize","Corpse Explosion","Bouncing Flask","Acrobatics","Deflect","Quick Slash","Footwork+1","Slice","Decay","All Out Attack","Deflect","Backstab"],"relics":["Ring of the Snake","Bag of Preparation","Bag of Marbles","Gremlin Horn"],"potions_floor_usage":[10,12,12,16,16],"damage_taken":[{"damage":1,"enemies":"Cultist","floor":1,"turns":4},{"damage":0,"enemies":"Jaw Worm","floor":2,"turns":5},{"damage":0,"enemies":"2 Louse","floor":4,"turns":2},{"damage":3,"enemies":"Exordium Thugs","floor":5,"turns":6},{"damage":0,"enemies":"Large Slime","floor":7,"turns":5},{"damage":37,"enemies":"Lagavulin","floor":10,"turns":9},{"damage":0,"enemies":"3 Louse","floor":11,"turns":1},{"damage":15,"enemies":"Gremlin Nob","floor":12,"turns":5},{"damage":1,"enemies":"Exordium Wildlife","floor":13,"turns":3},{"damage":0,"enemies":"2 Fungi Beasts","floor":14,"turns":1},{"damage":48,"enemies":"Hexaghost","floor":16,"turns":12}],"seed_played":"-5501665975798349468","potions_obtained":[{"floor":1,"key":"Regen Potion"},{"floor":4,"key":"SpeedPotion"},{"floor":7,"key":"SpeedPotion"},{"floor":10,"key":"Block Potion"},{"floor":13,"key":"Regen Potion"}],"is_trial":false,"path_per_floor":["M","M","$","M","M","R","M","?","T","E","M","E","M","M","R","B"],"character_chosen":"THE_SILENT","items_purchased":["Deflect","Quick Slash"],"campfire_rested":1,"item_purchase_floors":[3,3],"current_hp_per_floor":[62,62,62,62,59,59,59,59,59,37,37,22,21,21,42,0],"gold":167,"neow_bonus":"ONE_RANDOM_RARE_CARD","is_prod":false,"is_daily":false,"chose_seed":false,"campfire_upgraded":1,"win_rate":0,"timestamp":1553747562,"path_taken":["M","M","$","?","M","R","M","?","T","E","M","E","M","?","R","BOSS"],"build_version":"2019-01-23","purchased_purges":0,"victory":false,"max_hp_per_floor":[70,70,70,70,70,70,70,70,70,70,70,70,70,70,70,70],"card_choices":[{"not_picked":["PiercingWail","Dodge and Roll"],"picked":"Bouncing Flask","floor":1},{"not_picked":["Dagger Throw","Dodge and Roll"],"picked":"Acrobatics","floor":2},{"not_picked":["Blade Dance","Escape Plan"],"picked":"Footwork","floor":4},{"not_picked":["Flying Knee","Quick Slash","Predator"],"picked":"SKIP","floor":5},{"not_picked":["Underhanded Strike","Poisoned Stab"],"picked":"Slice","floor":7},{"not_picked":["Heel Hook","Dodge and Roll"],"picked":"All Out Attack","floor":10},{"not_picked":["Dodge and Roll","Sucker Punch"],"picked":"Deflect","floor":11},{"not_picked":["Flying Knee","Heel Hook","Distraction"],"picked":"SKIP","floor":12},{"not_picked":["Malaise","Dodge and Roll"],"picked":"Backstab","floor":13},{"not_picked":["Acrobatics","PiercingWail","Infinite Blades"],"picked":"SKIP","floor":14}],"player_experience":744297,"relics_obtained":[{"floor":9,"key":"Bag of Preparation"},{"floor":10,"key":"Bag of Marbles"},{"floor":12,"key":"Gremlin Horn"}],"event_choices":[{"damage_healed":0,"gold_gain":0,"player_choice":"Cursed","damage_taken":0,"max_hp_gain":0,"max_hp_loss":0,"event_name":"Wheel of Change","floor":8,"gold_loss":0,"cards_obtained":["Decay"]}],"is_beta":false,"boss_relics":[],"items_purged_floors":[],"is_endless":false,"potions_floor_spawned":[1,4,7,10,13],"killed_by":"Hexaghost","ascension_level":9}