{"gold_per_floor":[119,119,133,133,8,42,42,59,104,104,29,44,44,62,62,162,162,177,177,190,115,115,149,168,168,168,168,198,198,198,213,213,316,316,327,18,18,28,47,47,0,0,0,0],"floor_reached":44,"playtime":2209,"items_purged":["Strike_R","Writhe"],"score":680,"play_id":"65007766-a3cb-4e42-8d8c-aeb033085805","local_time":"20191001215037","is_ascension_mode":true,"campfire_choices":[{"data":"Armaments","floor":7,"key":"SMITH"},{"data":"Infernal Blade","floor":10,"key":"SMITH"},{"data":"Inflame","floor":15,"key":"SMITH"},{"data":"Demon Form","floor":25,"key":"SMITH"},{"data":"Body Slam","floor":27,"key":"SMITH"},{"data":"Exhume","floor":30,"key":"SMITH"},{"floor":32,"key":"REST"}],"neow_cost":"NONE","seed_source_timestamp":763264588913800,"circlet_count":0,"master_deck":["Strike_R","Strike_R","Strike_R","Defend_R","Defend_R+1","Defend_R+1","Defend_R","Bash","Clothesline","Shrug It Off+1","Body Slam+1","Pommel Strike","Flash of Steel","Armaments+1","Infernal Blade+1","Iron Wave","Inflame+1","Demon Form+1","Rage+1","Inflame","Pommel Strike","Writhe","Exhume+1","Heavy Blade","Metallicize","Deep Breath","Shockwave+1","Decay"],"relics":["Burning Blood","Happy Flower","Dodecahedron","War Paint","Pocketwatch","Cursed Key","Pear","Blue Candle","Bottled Lightning","Regal Pillow","Philosopher\u0027s Stone","Brimstone","Red Mask","Paper Frog"],"potions_floor_usage":[23,33],"damage_taken":[{"damage":5,"enemies":"Small Slimes","floor":1,"turns":3},{"damage":4,"enemies":"Jaw Worm","floor":3,"turns":5},{"damage":34,"enemies":"Lagavulin","floor":6,"turns":6},{"damage":0,"enemies":"Cultist","floor":8,"turns":2},{"damage":1,"enemies":"Exordium Thugs","floor":12,"turns":3},{"damage":3,"enemies":"2 Fungi Beasts","floor":14,"turns":3},{"damage":17,"enemies":"Hexaghost","floor":16,"turns":9},{"damage":3,"enemies":"Spheric Guardian","floor":18,"turns":3},{"damage":17,"enemies":"2 Thieves","floor":20,"turns":4},{"damage":18,"enemies":"Gremlin Leader","floor":23,"turns":5},{"damage":13,"enemies":"Snecko","floor":24,"turns":4},{"damage":29,"enemies":"Slavers","floor":28,"turns":6},{"damage":9,"enemies":"Centurion and Healer","floor":31,"turns":6},{"damage":55,"enemies":"Automaton","floor":33,"turns":7},{"damage":26,"enemies":"3 Shapes","floor":35,"turns":5},{"damage":16,"enemies":"Orb Walker","floor":38,"turns":3},{"damage":15,"enemies":"4 Shapes","floor":39,"turns":5},{"damage":40,"enemies":"Reptomancer","floor":44,"turns":4}],"seed_played":"6923937457963208936","potions_obtained":[{"floor":3,"key":"Dexterity Potion"},{"floor":24,"key":"BloodPotion"},{"floor":28,"key":"LiquidBronze"},{"floor":33,"key":"SpeedPotion"}],"is_trial":false,"path_per_floor":["M","?","M","?","$","E","R","M","T","R","$","M","?","M","R","B",null,"M","?","M","$","?","E","M","R","T","R","E","?","R","M","R","B",null,"M","$","?","M","M","?","?","$","T","E"],"character_chosen":"IRONCLAD","items_purchased":["Pommel Strike","Flash of Steel","Inflame","Brimstone"],"campfire_rested":1,"item_purchase_floors":[5,5,21,36],"current_hp_per_floor":[73,73,75,68,68,40,40,46,46,46,46,51,51,54,54,43,71,74,74,63,63,63,61,54,54,54,54,31,31,31,28,70,43,78,58,58,58,48,39,39,39,39,39,0],"gold":0,"neow_bonus":"THREE_CARDS","is_prod":false,"is_daily":false,"chose_seed":false,"campfire_upgraded":6,"win_rate":0,"timestamp":1569984637,"path_taken":["M","?","M","?","?","E","R","M","T","R","$","?","?","M","R","BOSS","M","?","?","$","?","E","M","R","T","R","E","?","R","M","R","BOSS","M","$","?","M","M","?","?","?","T","E"],"build_version":"2019-07-17","purchased_purges":2,"victory":false,"max_hp_per_floor":[80,80,80,80,80,80,80,80,80,80,80,80,80,80,80,80,80,80,80,80,80,80,90,90,90,90,90,90,90,90,90,90,90,90,90,90,90,90,90,85,85,85,85,85],"card_choices":[{"not_picked":["Disarm","Warcry"],"picked":"Clothesline","floor":0},{"not_picked":["Clothesline","Power Through"],"picked":"Shrug It Off","floor":1},{"not_picked":["Warcry","Sentinel"],"picked":"Body Slam","floor":3},{"not_picked":["Shockwave","Bloodletting"],"picked":"Armaments","floor":6},{"not_picked":["Sever Soul","Thunderclap"],"picked":"Infernal Blade","floor":8},{"not_picked":["Body Slam","Anger"],"picked":"Iron Wave","floor":12},{"not_picked":["Sentinel","Corruption"],"picked":"Inflame","floor":14},{"not_picked":["Dark Embrace","Feed"],"picked":"Demon Form","floor":16},{"not_picked":["Corruption","Havoc","Headbutt+1"],"picked":"SKIP","floor":18},{"not_picked":["Armaments","Twin Strike+1"],"picked":"Rage+1","floor":20},{"not_picked":["Heavy Blade","Headbutt+1"],"picked":"Pommel Strike","floor":23},{"not_picked":["Perfected Strike","Wild Strike","Sever Soul"],"picked":"SKIP","floor":24},{"not_picked":["Havoc","Feel No Pain+1"],"picked":"Exhume","floor":28},{"not_picked":["Rupture+1","Thunderclap"],"picked":"Heavy Blade","floor":31},{"not_picked":["Rupture+1","Havoc"],"picked":"Metallicize","floor":35},{"not_picked":["Good Instincts","Dramatic Entrance"],"picked":"Deep Breath","floor":37},{"not_picked":["Headbutt","Bloodletting"],"picked":"Shockwave+1","floor":38},{"not_picked":["Clothesline","Heavy Blade+1","Corruption+1"],"picked":"SKIP","floor":39}],"player_experience":773153,"relics_obtained":[{"floor":6,"key":"Dodecahedron"},{"floor":9,"key":"War Paint"},{"floor":23,"key":"Pear"},{"floor":26,"key":"Blue Candle"},{"floor":28,"key":"Bottled Lightning"},{"floor":43,"key":"Paper Frog"}],"event_choices":[{"damage_healed":0,"gold_gain":0,"player_choice":"Grow","damage_taken":0,"max_hp_gain":0,"max_hp_loss":0,"event_name":"Living Wall","floor":2,"gold_loss":0,"cards_upgraded":["Shrug It Off"]},{"damage_healed":0,"gold_gain":0,"player_choice":"Success","damage_taken":7,"relics_obtained":["Happy Flower"],"max_hp_gain":0,"max_hp_loss":0,"event_name":"Scrap Ooze","floor":4,"gold_loss":0},{"damage_healed":0,"gold_gain":0,"player_choice":"Searched \u00272\u0027 times","damage_taken":0,"relics_obtained":["Pocketwatch"],"max_hp_gain":0,"max_hp_loss":0,"event_name":"Dead Adventurer","floor":13,"gold_loss":0},{"cards_removed":["Strike_R"],"damage_healed":0,"gold_gain":0,"player_choice":"Offered Basic","damage_taken":0,"max_hp_gain":0,"max_hp_loss":0,"event_name":"Bonfire Elementals","floor":19,"gold_loss":0},{"damage_healed":0,"gold_gain":0,"player_choice":"Ignored","damage_taken":0,"max_hp_gain":0,"max_hp_loss":0,"event_name":"Cursed Tome","floor":22,"gold_loss":0},{"damage_healed":0,"gold_gain":0,"player_choice":"Opened","damage_taken":0,"relics_obtained":["Regal Pillow"],"max_hp_gain":0,"max_hp_loss":0,"event_name":"The Mausoleum","floor":29,"gold_loss":0,"cards_obtained":["Writhe"]},{"damage_healed":0,"gold_gain":0,"player_choice":"Memory 1","damage_taken":0,"max_hp_gain":0,"max_hp_loss":0,"event_name":"SensoryStone","floor":37,"gold_loss":0},{"damage_healed":0,"gold_gain":0,"player_choice":"Max HP","damage_taken":0,"max_hp_gain":0,"max_hp_loss":5,"event_name":"Winding Halls","floor":40,"gold_loss":0},{"damage_healed":0,"gold_gain":0,"player_choice":"Paid","damage_taken":0,"relics_obtained":["Red Mask"],"max_hp_gain":0,"max_hp_loss":0,"event_name":"Tomb of Lord Red Mask","floor":41,"gold_loss":47}],"is_beta":false,"boss_relics":[{"not_picked":["White Beast Statue","Runic Pyramid"],"picked":"Cursed Key"},{"not_picked":["Calling Bell","Black Blood"],"picked":"Philosopher\u0027s Stone"}],"items_purged_floors":[11,36],"is_endless":false,"potions_floor_spawned":[3,24,28,33],"killed_by":"Reptomancer","ascension_level":9}