{"gold_per_floor":[115,132,29,47,47,47,47,47,71,71,86,120,45,60,60,162,162,182,202,202,0,14,14,42,42,89,89,101,101,101,117,117,219,269,285,303,303,319,319,319,100,100,100,131,131],"floor_reached":45,"playtime":3187,"items_purged":["Strike_G"],"score":741,"play_id":"87e3f7e6-8f7d-42d3-888f-7badf7ccc5d6","local_time":"20190617214247","is_ascension_mode":true,"campfire_choices":[{"data":"Dash","floor":6,"key":"SMITH"},{"data":"Dagger Spray","floor":8,"key":"SMITH"},{"data":"Footwork","floor":10,"key":"SMITH"},{"data":"Catalyst","floor":15,"key":"SMITH"},{"data":"Backflip","floor":23,"key":"SMITH"},{"data":"Bane","floor":27,"key":"SMITH"},{"floor":29,"key":"REST"},{"floor":32,"key":"REST"},{"data":"Crippling Poison","floor":40,"key":"SMITH"},{"data":"Leg Sweep","floor":42,"key":"SMITH"}],"neow_cost":"NONE","seed_source_timestamp":201081270926905,"circlet_count":0,"master_deck":["Defend_G","Defend_G","Defend_G","Defend_G","Strike_G+1","Strike_G+1","Strike_G","Survivor","Neutralize+1","Noxious Fumes","Deadly Poison","Footwork+1","Dagger Spray+1","Dash+1","Catalyst+1","Bane+1","Venomology","Crippling Poison+1","Well Laid Plans+1","RitualDagger","Backflip+1","Backflip+1","Cloak And Dagger+1","Acrobatics+1","Riddle With Holes+1","Footwork","Leg Sweep+1","Corpse Explosion"],"relics":["Ring of the Serpent","Pen Nib","PreservedInsect","Bag of Marbles","The Specimen","Whetstone","Tiny House","Potion Belt","Dream Catcher"],"potions_floor_usage":[16,16,18,19,28,28,33,33,33,35,35,44],"damage_taken":[{"damage":0,"enemies":"Cultist","floor":1,"turns":4},{"damage":0,"enemies":"2 Louse","floor":2,"turns":4},{"damage":1,"enemies":"Jaw Worm","floor":4,"turns":4},{"damage":0,"enemies":"2 Fungi Beasts","floor":11,"turns":3},{"damage":0,"enemies":"Gremlin Nob","floor":12,"turns":3},{"damage":0,"enemies":"Exordium Wildlife","floor":14,"turns":1},{"damage":4,"enemies":"The Guardian","floor":16,"turns":8},{"damage":0,"enemies":"Spheric Guardian","floor":18,"turns":5},{"damage":0,"enemies":"3 Byrds","floor":19,"turns":5},{"damage":19,"enemies":"Snake Plant","floor":22,"turns":3},{"damage":0,"enemies":"Gremlin Leader","floor":24,"turns":5},{"damage":20,"enemies":"Snecko","floor":28,"turns":6},{"damage":12,"enemies":"Centurion and Healer","floor":31,"turns":7},{"damage":32,"enemies":"Automaton","floor":33,"turns":10},{"damage":4,"enemies":"3 Darklings","floor":35,"turns":5},{"damage":17,"enemies":"Orb Walker","floor":36,"turns":4},{"damage":36,"enemies":"3 Darklings","floor":38,"turns":5},{"damage":57,"enemies":"Giant Head","floor":44,"turns":9},{"damage":17,"enemies":"Sphere and 2 Shapes","floor":45,"turns":3}],"seed_played":"-1545289265159056492","potions_obtained":[{"floor":1,"key":"Block Potion"},{"floor":14,"key":"Explosive Potion"},{"floor":16,"key":"Block Potion"},{"floor":18,"key":"SpeedPotion"},{"floor":22,"key":"GhostInAJar"},{"floor":31,"key":"Explosive Potion"},{"floor":33,"key":"AttackPotion"},{"floor":34,"key":"Energy Potion"},{"floor":38,"key":"Poison Potion"}],"is_trial":false,"path_per_floor":["M","M","$","M","$","R","?","R","T","R","M","E","$","M","R","B",null,"M","M","?","?","M","R","E","$","T","R","M","R","?","M","R","B",null,"M","M","?","M","?","R","$","R","T","E","M"],"character_chosen":"THE_SILENT","items_purchased":["Footwork","Dagger Spray","Footwork","Leg Sweep","Corpse Explosion"],"campfire_rested":2,"item_purchase_floors":[3,3,41,41,41],"current_hp_per_floor":[63,63,63,62,62,62,55,55,55,55,55,55,55,55,55,51,65,65,65,59,59,40,40,40,40,40,40,20,41,41,29,50,45,69,65,48,48,12,66,66,66,66,66,9,0],"gold":131,"neow_bonus":"RANDOM_COMMON_RELIC","is_prod":false,"is_daily":false,"chose_seed":false,"campfire_upgraded":8,"win_rate":0,"timestamp":1560825767,"path_taken":["M","M","$","?","?","R","?","R","T","R","M","E","?","M","R","BOSS","M","M","?","?","M","R","E","?","T","R","M","R","?","M","R","BOSS","M","M","?","M","?","R","$","R","T","E","M"],"build_version":"2019-01-23","purchased_purges":1,"victory":false,"max_hp_per_floor":[70,70,70,70,70,70,70,70,70,70,70,70,70,70,70,70,70,70,70,70,70,70,70,70,70,70,70,70,70,70,70,70,70,75,75,75,75,75,66,66,66,66,66,66,66],"card_choices":[{"not_picked":["Flying Knee","Bouncing Flask"],"picked":"Noxious Fumes","floor":1},{"not_picked":["Eviscerate","Sucker Punch"],"picked":"Deadly Poison","floor":2},{"not_picked":["Distraction","Blade Dance"],"picked":"Dash","floor":4},{"not_picked":["Heel Hook","Escape Plan","Dodge and Roll"],"picked":"SKIP","floor":11},{"not_picked":["Escape Plan","Dodge and Roll"],"picked":"Catalyst","floor":12},{"not_picked":["Deadly Poison","Flechettes"],"picked":"Bane","floor":14},{"not_picked":["Wraith Form v2","Storm of Steel"],"picked":"Venomology","floor":16},{"not_picked":["Prepared+1","Blur"],"picked":"Crippling Poison","floor":18},{"not_picked":["Deflect","Masterful Stab"],"picked":"Well Laid Plans+1","floor":19},{"not_picked":["Distraction","Quick Slash+1"],"picked":"Backflip","floor":22},{"not_picked":["Phantasmal Killer","Caltrops"],"picked":"Backflip+1","floor":24},{"not_picked":["Bane","Setup"],"picked":"Cloak And Dagger+1","floor":28},{"not_picked":["Dodge and Roll","Cloak And Dagger","Quick Slash"],"picked":"SKIP","floor":31},{"not_picked":["Eviscerate","Accuracy"],"picked":"Acrobatics+1","floor":34},{"not_picked":["PiercingWail","Dagger Throw+1"],"picked":"Riddle With Holes+1","floor":35},{"not_picked":["Dodge and Roll+1","PiercingWail+1","Dagger Throw+1"],"picked":"SKIP","floor":36},{"not_picked":["Choke+1","Riddle With Holes","Wraith Form v2"],"picked":"SKIP","floor":38},{"not_picked":["Leg Sweep","Accuracy","Dodge and Roll"],"picked":"SKIP","floor":44}],"player_experience":748082,"relics_obtained":[{"floor":9,"key":"PreservedInsect"},{"floor":12,"key":"Bag of Marbles"},{"floor":24,"key":"The Specimen"},{"floor":26,"key":"Whetstone"},{"floor":43,"key":"Potion Belt"},{"floor":44,"key":"Dream Catcher"}],"event_choices":[{"cards_removed":["Defend_G"],"damage_healed":0,"gold_gain":0,"player_choice":"Card Removal","damage_taken":7,"max_hp_gain":0,"max_hp_loss":0,"event_name":"Golden Wing","floor":7,"gold_loss":0},{"damage_healed":0,"gold_gain":0,"player_choice":"Joined the Cult","damage_taken":6,"max_hp_gain":0,"max_hp_loss":0,"event_name":"Nest","floor":20,"gold_loss":0,"cards_obtained":["RitualDagger"]},{"damage_healed":0,"gold_gain":0,"player_choice":"Paid Fearfully","damage_taken":0,"max_hp_gain":0,"max_hp_loss":0,"event_name":"Masked Bandits","floor":21,"gold_loss":202},{"damage_healed":0,"gold_gain":0,"player_choice":"Ignored","damage_taken":0,"max_hp_gain":0,"max_hp_loss":0,"event_name":"Vampires","floor":30,"gold_loss":0},{"cards_removed":["Strike_G"],"damage_healed":0,"gold_gain":0,"player_choice":"Removed Attack","damage_taken":0,"max_hp_gain":0,"max_hp_loss":0,"event_name":"Falling","floor":37,"gold_loss":0},{"damage_healed":66,"gold_gain":0,"player_choice":"Heal","damage_taken":0,"max_hp_gain":0,"max_hp_loss":9,"event_name":"The Moai Head","floor":39,"gold_loss":0}],"is_beta":false,"boss_relics":[{"not_picked":["Lizard Tail","Orrery"],"picked":"Ring of the Serpent"},{"not_picked":["Eternal Feather","WristBlade"],"picked":"Tiny House"}],"items_purged_floors":[13],"is_endless":false,"potions_floor_spawned":[1,14,16,18,22,24,31,33,38],"killed_by":"Sphere and 2 Shapes","ascension_level":9}