{"gold_per_floor":[113,113,132,25,39,39,65,65,118,133,133],"floor_reached":11,"playtime":756,"items_purged":[],"score":106,"play_id":"2e9c1a20-7efd-40a1-a31a-a8a531b396f5","local_time":"20191009215647","is_ascension_mode":true,"campfire_choices":[{"data":"Leg Sweep","floor":6,"key":"SMITH"},{"data":"Cloak And Dagger","floor":8,"key":"SMITH"}],"neow_cost":"NONE","seed_source_timestamp":504303025799000,"circlet_count":0,"master_deck":["Strike_G","Strike_G+1","Strike_G","Strike_G","Strike_G+1","Defend_G","Defend_G","Defend_G","Defend_G","Survivor","Neutralize+1","Blade Dance","Cloak And Dagger+1","Infinite Blades","Leg Sweep+1","Caltrops","Acrobatics"],"relics":["Ring of the Snake","Whetstone","Ancient Tea Set"],"potions_floor_usage":[7],"damage_taken":[{"damage":0,"enemies":"Cultist","floor":1,"turns":4},{"damage":1,"enemies":"Small Slimes","floor":3,"turns":5},{"damage":2,"enemies":"Jaw Worm","floor":5,"turns":4},{"damage":29,"enemies":"Gremlin Nob","floor":7,"turns":5},{"damage":10,"enemies":"Gremlin Gang","floor":10,"turns":6},{"damage":0,"enemies":"3 Louse","floor":11,"turns":1}],"seed_played":"7645847942750442106","potions_obtained":[{"floor":3,"key":"Energy Potion"},{"floor":5,"key":"GamblersBrew"}],"is_trial":false,"path_per_floor":["M","?","M","$","M","R","E","R","T","M","M"],"character_chosen":"THE_SILENT","items_purchased":["Infinite Blades","Leg Sweep"],"campfire_rested":0,"item_purchase_floors":[4,4],"current_hp_per_floor":[63,63,62,62,60,60,31,31,31,21,21],"gold":133,"neow_bonus":"UPGRADE_CARD","is_prod":false,"is_daily":false,"chose_seed":false,"campfire_upgraded":2,"win_rate":0,"timestamp":1570676207,"path_taken":["M","?","M","$","?","R","E","R","T","M","?"],"build_version":"2019-07-17","purchased_purges":0,"victory":false,"max_hp_per_floor":[70,70,70,70,70,70,70,70,70,70,70],"card_choices":[{"not_picked":["Deadly Poison","Poisoned Stab"],"picked":"Blade Dance","floor":1},{"not_picked":["Dagger Throw","Poisoned Stab"],"picked":"Cloak And Dagger","floor":3},{"not_picked":["Leg Sweep","Masterful Stab"],"picked":"Caltrops","floor":5},{"not_picked":["Reflex","Bane","Deflect"],"picked":"SKIP","floor":7},{"not_picked":["Outmaneuver","Bouncing Flask"],"picked":"Acrobatics","floor":10}],"player_experience":813560,"relics_obtained":[{"floor":7,"key":"Whetstone"},{"floor":9,"key":"Ancient Tea Set"}],"event_choices":[{"cards_removed":["Defend_G"],"damage_healed":0,"gold_gain":0,"player_choice":"Offered Basic","damage_taken":0,"max_hp_gain":0,"max_hp_loss":0,"event_name":"Bonfire Elementals","floor":2,"gold_loss":0}],"is_beta":false,"boss_relics":[],"items_purged_floors":[],"is_endless":false,"potions_floor_spawned":[3,5],"killed_by":"3 Louse","ascension_level":9}