{"gold_per_floor":[111,286,118,118,138,138,173,188,256,104,104,122,155,165,165,263,263,274,274,274,264,282,282,316,316,365,86,118,134,134,145,145,145],"floor_reached":33,"playtime":3095,"items_purged":["Doubt","Strike_B","Defend_B"],"score":360,"play_id":"78f60986-aabf-4812-bdb8-e4037f657ca9","local_time":"20181118152532","is_ascension_mode":true,"campfire_choices":[{"data":"Storm","floor":6,"key":"SMITH"},{"data":"Reinforced Body","floor":11,"key":"SMITH"},{"data":"Buffer","floor":15,"key":"SMITH"},{"data":"Redo","floor":23,"key":"SMITH"},{"floor":25,"key":"REST"},{"floor":32,"key":"REST"}],"neow_cost":"NONE","seed_source_timestamp":1106267757918324,"circlet_count":0,"master_deck":["Strike_B+1","Strike_B+1","Defend_B","Defend_B","Defend_B","Zap","Dualcast","Storm+1","Loop","Stack","Machine Learning","Self Repair","Electrodynamics","Reinforced Body+1","Leap","Rebound","Buffer+1","Glacier","Core Surge","Conserve Battery","Redo+1","Redo+1"],"relics":["Cracked Core","NeowsBlessing","Potion Belt","Ornamental Fan","Meat on the Bone","White Beast Statue","MutagenicStrength","Red Mask","Whetstone","PreservedInsect","Bag of Marbles"],"potions_floor_usage":[12,22,24,28,31],"damage_taken":[{"damage":0,"enemies":"Cultist","floor":1,"turns":1},{"damage":0,"enemies":"Jaw Worm","floor":5,"turns":1},{"damage":0,"enemies":"3 Sentries","floor":7,"turns":1},{"damage":0,"enemies":"2 Louse","floor":8,"turns":2},{"damage":8,"enemies":"Gremlin Gang","floor":12,"turns":2},{"damage":35,"enemies":"Gremlin Nob","floor":13,"turns":5},{"damage":7,"enemies":"Looter","floor":14,"turns":4},{"damage":18,"enemies":"Slime Boss","floor":16,"turns":8},{"damage":18,"enemies":"3 Byrds","floor":18,"turns":2},{"damage":4,"enemies":"2 Thieves","floor":21,"turns":5},{"damage":24,"enemies":"Snake Plant","floor":22,"turns":5},{"damage":24,"enemies":"Masked Bandits","floor":24,"turns":3},{"damage":41,"enemies":"Slavers","floor":28,"turns":4},{"damage":27,"enemies":"Centurion and Healer","floor":29,"turns":8},{"damage":0,"enemies":"3 Cultists","floor":31,"turns":3},{"damage":76,"enemies":"Automaton","floor":33,"turns":14}],"seed_played":"660111690494731027","potions_obtained":[{"floor":7,"key":"Weak Potion"},{"floor":12,"key":"Swift Potion"},{"floor":14,"key":"FearPotion"},{"floor":18,"key":"Weak Potion"},{"floor":21,"key":"SpeedPotion"},{"floor":22,"key":"SpeedPotion"},{"floor":24,"key":"Strength Potion"},{"floor":28,"key":"Explosive Potion"},{"floor":29,"key":"Ancient Potion"},{"floor":31,"key":"Explosive Potion"}],"is_trial":false,"path_per_floor":["M","?","$","?","M","R","E","M","T","$","R","M","E","M","R","B",null,"M","?","?","M","M","R","?","R","T","$","E","M","?","M","R","B"],"character_chosen":"DEFECT","items_purchased":["Loop","Stack","Leap","PreservedInsect"],"campfire_rested":2,"item_purchase_floors":[3,3,10,27],"current_hp_per_floor":[75,75,75,75,75,75,75,75,75,75,75,67,39,51,51,52,75,64,64,64,67,50,50,45,67,67,67,45,37,37,49,71,0],"gold":145,"neow_bonus":"THREE_ENEMY_KILL","is_prod":false,"is_daily":false,"chose_seed":false,"campfire_upgraded":4,"win_rate":0,"timestamp":1542576332,"path_taken":["M","?","$","?","M","R","E","M","T","$","R","?","E","?","R","BOSS","M","?","?","M","?","R","?","R","T","$","E","M","?","?","R","BOSS"],"build_version":"2018-11-15","purchased_purges":3,"victory":false,"max_hp_per_floor":[75,75,75,75,75,75,75,75,75,75,75,75,75,75,75,75,75,75,75,75,75,75,75,75,75,75,75,75,75,75,75,75,75],"card_choices":[{"not_picked":["Stack","Compile Driver"],"picked":"Storm","floor":1},{"not_picked":["Sweeping Beam","Cold Snap"],"picked":"Self Repair","floor":5},{"not_picked":["Blizzard","Melter"],"picked":"Electrodynamics","floor":7},{"not_picked":["Gash","Rip and Tear"],"picked":"Reinforced Body","floor":8},{"not_picked":["Streamline","Gash"],"picked":"Rebound","floor":12},{"not_picked":["Hologram","Leap"],"picked":"Buffer","floor":13},{"not_picked":["Fusion","Reprogram"],"picked":"Glacier","floor":14},{"not_picked":["Meteor Strike","Multi-Cast"],"picked":"Core Surge","floor":16},{"not_picked":["Coolheaded","Sweeping Beam","Loop"],"picked":"SKIP","floor":18},{"not_picked":["Stack","Undo"],"picked":"Redo","floor":21},{"not_picked":["Genetic Algorithm","Reprogram"],"picked":"Redo+1","floor":22},{"not_picked":["Darkness","Steam Power","Coolheaded"],"picked":"SKIP","floor":28},{"not_picked":["Steam","Conserve Battery","Barrage"],"picked":"SKIP","floor":29},{"not_picked":["Compile Driver","Steam","Beam Cell"],"picked":"SKIP","floor":31}],"player_experience":591340,"relics_obtained":[{"floor":7,"key":"Potion Belt"},{"floor":9,"key":"Ornamental Fan"},{"floor":13,"key":"Meat on the Bone"},{"floor":24,"key":"Red Mask"},{"floor":26,"key":"Whetstone"},{"floor":28,"key":"Bag of Marbles"}],"event_choices":[{"damage_healed":0,"gold_gain":175,"player_choice":"AGREE","damage_taken":0,"max_hp_gain":0,"max_hp_loss":0,"event_name":"Liars Game","floor":2,"gold_loss":0,"cards_obtained":["Doubt"]},{"damage_healed":0,"gold_gain":0,"player_choice":"1 cards matched","damage_taken":0,"max_hp_gain":0,"max_hp_loss":0,"event_name":"Match and Keep!","floor":4,"gold_loss":0,"cards_obtained":["Machine Learning"]},{"damage_healed":0,"gold_gain":0,"player_choice":"Inject Mutagens","damage_taken":0,"relics_obtained":["MutagenicStrength"],"max_hp_gain":0,"max_hp_loss":0,"event_name":"Drug Dealer","floor":19,"gold_loss":0},{"damage_healed":0,"gold_gain":0,"cards_transformed":["Strike_B"],"player_choice":"Transformed","damage_taken":0,"max_hp_gain":0,"max_hp_loss":0,"event_name":"Transmorgrifier","floor":20,"gold_loss":0,"cards_obtained":["Conserve Battery"]},{"damage_healed":0,"gold_gain":0,"player_choice":"Fought Bandits","damage_taken":0,"max_hp_gain":0,"max_hp_loss":0,"event_name":"Masked Bandits","floor":24,"gold_loss":0},{"damage_healed":0,"gold_gain":0,"player_choice":"Bought 0 Potions","damage_taken":0,"max_hp_gain":0,"max_hp_loss":0,"event_name":"The Woman in Blue","floor":30,"gold_loss":0}],"is_beta":false,"boss_relics":[{"not_picked":["Empty Cage","Snecko Eye"],"picked":"White Beast Statue"}],"items_purged_floors":[3,10,27],"is_endless":false,"potions_floor_spawned":[7,12,14,18,21,22,24,28,29,31],"killed_by":"Automaton","ascension_level":4}