{"gold_per_floor":[116,136,136,154,184,184,198,198,198,198,210,238,238,250,250,351,351,371,389,402,415,72,72],"floor_reached":23,"playtime":1269,"items_purged":["Defend_R"],"score":293,"play_id":"cd4bec78-1346-45bc-a9c0-d0845eb13041","local_time":"20191018001059","is_ascension_mode":true,"campfire_choices":[{"floor":6,"key":"DIG"},{"floor":8,"key":"DIG"},{"floor":10,"key":"DIG"},{"floor":13,"key":"DIG"},{"data":"Rage","floor":15,"key":"SMITH"}],"neow_cost":"PERCENT_DAMAGE","seed_source_timestamp":273558857727300,"circlet_count":0,"master_deck":["AscendersBane","Strike_R","Strike_R","Strike_R","Strike_R","Strike_R","Defend_R","Defend_R","Defend_R","Bash","Twin Strike","Carnage","Metallicize","Iron Wave","Rage+1","Juggernaut","Ghostly Armor","Double Tap","Shrug It Off","Body Slam","Armaments+1","Flame Barrier","Shrug It Off"],"relics":["Burning Blood","Shovel","Tiny Chest","Pantograph","Vajra","Paper Frog","Blue Candle","Strawberry","Frozen Egg 2","Sozu","Kunai"],"potions_floor_usage":[12,19],"damage_taken":[{"damage":0,"enemies":"Small Slimes","floor":1,"turns":3},{"damage":1,"enemies":"Cultist","floor":2,"turns":3},{"damage":0,"enemies":"2 Louse","floor":4,"turns":2},{"damage":31,"enemies":"Lots of Slimes","floor":7,"turns":6},{"damage":19,"enemies":"3 Louse","floor":11,"turns":3},{"damage":24,"enemies":"Gremlin Nob","floor":12,"turns":5},{"damage":3,"enemies":"Looter","floor":14,"turns":3},{"damage":57,"enemies":"Hexaghost","floor":16,"turns":10},{"damage":0,"enemies":"Spheric Guardian","floor":18,"turns":3},{"damage":13,"enemies":"3 Byrds","floor":19,"turns":7},{"damage":22,"enemies":"3 Cultists","floor":20,"turns":6},{"damage":27,"enemies":"Shelled Parasite and Fungi","floor":21,"turns":6},{"damage":35,"enemies":"Book of Stabbing","floor":23,"turns":5}],"seed_played":"-6172542806051191012","potions_obtained":[{"floor":2,"key":"GamblersBrew"},{"floor":4,"key":"BloodPotion"},{"floor":12,"key":"SteroidPotion"}],"is_trial":false,"path_per_floor":["M","M","?","M","?","R","M","R","T","R","M","E","R","M","R","B",null,"M","M","M","M","$","E"],"character_chosen":"IRONCLAD","items_purchased":["Kunai","Shrug It Off"],"campfire_rested":0,"item_purchase_floors":[22,22],"current_hp_per_floor":[57,62,62,68,68,68,43,43,43,43,30,39,39,42,42,16,69,75,68,52,31,31,0],"gold":72,"neow_bonus":"ONE_RARE_RELIC","is_prod":false,"is_daily":false,"chose_seed":false,"campfire_upgraded":1,"win_rate":0,"timestamp":1571375459,"path_taken":["M","M","?","?","?","R","?","R","T","R","M","E","R","M","R","BOSS","M","M","M","M","$","E"],"build_version":"2019-07-17","purchased_purges":1,"victory":false,"max_hp_per_floor":[80,80,80,80,80,80,80,80,80,80,80,87,87,87,87,87,87,87,87,87,87,87,87],"card_choices":[{"not_picked":["Warcry","Wild Strike"],"picked":"Twin Strike","floor":1},{"not_picked":["Havoc","Twin Strike"],"picked":"Carnage","floor":2},{"not_picked":["Twin Strike","Iron Wave"],"picked":"Metallicize","floor":4},{"not_picked":["Twin Strike","Havoc"],"picked":"Iron Wave","floor":7},{"not_picked":["Inflame","Cleave"],"picked":"Rage","floor":11},{"not_picked":["Uppercut","Warcry"],"picked":"Juggernaut","floor":12},{"not_picked":["Thunderclap","Iron Wave"],"picked":"Ghostly Armor","floor":14},{"not_picked":["Fiend Fire","Reaper"],"picked":"Double Tap","floor":16},{"not_picked":["Bloodletting","Anger"],"picked":"Shrug It Off","floor":18},{"not_picked":["Headbutt","Sever Soul"],"picked":"Body Slam","floor":19},{"not_picked":["Pummel","Anger"],"picked":"Armaments+1","floor":20},{"not_picked":["Clash+1","Intimidate+1"],"picked":"Flame Barrier","floor":21}],"player_experience":873862,"relics_obtained":[{"floor":6,"key":"Pantograph"},{"floor":8,"key":"Vajra"},{"floor":9,"key":"Paper Frog"},{"floor":10,"key":"Blue Candle"},{"floor":12,"key":"Strawberry"},{"floor":13,"key":"Frozen Egg 2"}],"event_choices":[{"damage_healed":0,"gold_gain":0,"player_choice":"Bought 0 Potions","damage_taken":0,"max_hp_gain":0,"max_hp_loss":0,"event_name":"The Woman in Blue","floor":3,"gold_loss":0},{"damage_healed":0,"gold_gain":0,"player_choice":"Gave Potion","damage_taken":0,"relics_obtained":["Tiny Chest"],"max_hp_gain":0,"max_hp_loss":0,"event_name":"WeMeetAgain","floor":5,"gold_loss":0}],"is_beta":false,"boss_relics":[{"not_picked":["Ectoplasm","Snecko Eye"],"picked":"Sozu"}],"items_purged_floors":[22],"is_endless":false,"potions_floor_spawned":[2,4,12,18,20],"killed_by":"Book of Stabbing","ascension_level":10}