{"gold_per_floor":[110,130,146,162,175,175,153,168,168,168,180,195,210,57,57,158,158,174,188,188,205,220,220,249,249,272,272,287,320,330,240,240,342,342,360,360,372,382,395,395,395,395],"floor_reached":42,"playtime":4123,"items_purged":[],"score":488,"play_id":"fbddb046-03cd-4f08-967d-e35853b78b44","local_time":"20180826202402","is_ascension_mode":false,"campfire_choices":[{"data":"Zap","floor":6,"key":"SMITH"},{"data":"Loop","floor":10,"key":"SMITH"},{"data":"Auto Shields","floor":15,"key":"SMITH"},{"floor":23,"key":"REST"},{"floor":25,"key":"REST"},{"data":"Static Discharge","floor":27,"key":"SMITH"},{"floor":32,"key":"REST"},{"floor":40,"key":"REST"}],"neow_cost":"","seed_source_timestamp":762867813361235,"circlet_count":0,"master_deck":["Strike_B","Strike_B","Strike_B","Defend_B","Defend_B","Defend_B","Zap+1","Dualcast+1","Ball Lightning","Cold Snap","Self Repair","Coolheaded","Auto Shields+1","Loop+1","Ball Lightning","Redo","Biased Cognition","Beam Cell+1","Capacitor+1","FTL","Static Discharge+1","Darkness+1"],"relics":["Cracked Core","Shuriken","Strawberry","Empty Cage","MutagenicStrength","Calipers","Orichalcum","Vajra","Fusion Hammer"],"potions_floor_usage":[33,42,42,42],"damage_taken":[{"damage":0,"enemies":"Cultist","floor":1,"turns":4},{"damage":1,"enemies":"Jaw Worm","floor":2,"turns":3},{"damage":10,"enemies":"Small Slimes","floor":3,"turns":3},{"damage":5,"enemies":"Exordium Wildlife","floor":4,"turns":4},{"damage":9,"enemies":"3 Louse","floor":5,"turns":3},{"damage":6,"enemies":"Lots of Slimes","floor":8,"turns":5},{"damage":3,"enemies":"Red Slaver","floor":11,"turns":3},{"damage":13,"enemies":"3 Louse","floor":12,"turns":3},{"damage":10,"enemies":"Gremlin Gang","floor":13,"turns":5},{"damage":0,"enemies":"The Guardian","floor":16,"turns":10},{"damage":0,"enemies":"Chosen","floor":18,"turns":4},{"damage":19,"enemies":"Shell Parasite","floor":19,"turns":4},{"damage":13,"enemies":"Chosen and Byrds","floor":21,"turns":6},{"damage":26,"enemies":"Snake Plant","floor":22,"turns":5},{"damage":29,"enemies":"Book of Stabbing","floor":24,"turns":6},{"damage":15,"enemies":"Centurion and Healer","floor":28,"turns":6},{"damage":27,"enemies":"Gremlin Leader","floor":29,"turns":4},{"damage":6,"enemies":"Chosen and Byrds","floor":30,"turns":4},{"damage":59,"enemies":"Automaton","floor":33,"turns":8},{"damage":11,"enemies":"3 Darklings","floor":35,"turns":5},{"damage":9,"enemies":"Orb Walker","floor":37,"turns":3},{"damage":23,"enemies":"Flame Bruiser 2 Orb","floor":38,"turns":5},{"damage":3,"enemies":"4 Shapes","floor":39,"turns":5},{"damage":98,"enemies":"Time Eater","floor":42,"turns":8}],"seed_played":"-2811363535354933565","potions_obtained":[{"floor":5,"key":"FocusPotion"},{"floor":8,"key":"SpeedPotion"},{"floor":11,"key":"Regen Potion"},{"floor":35,"key":"SpeedPotion"}],"is_trial":false,"path_per_floor":["M","M","M","M","M","R","$","M","T","R","M","M","M","$","R","B",null,"M","M","?","M","M","R","E","R","T","R","M","E","M","?","R","B",null,"M","?","M","M","M","R","?"],"character_chosen":"DEFECT","items_purchased":["Compile Driver","Strawberry"],"campfire_rested":4,"item_purchase_floors":[7,14],"current_hp_per_floor":[75,74,64,66,64,64,64,58,58,58,62,56,46,53,53,60,82,82,70,70,64,45,69,47,71,71,71,63,43,44,44,68,16,82,78,78,76,60,64,82,82,0],"gold":395,"neow_bonus":"","is_prod":false,"is_daily":false,"chose_seed":false,"campfire_upgraded":4,"win_rate":0.0,"timestamp":1535333042,"path_taken":["M","M","M","M","M","R","$","M","T","R","M","?","M","?","R","BOSS","M","M","?","M","M","R","E","R","T","R","M","E","M","?","R","BOSS","M","?","M","?","M","R","?","BOSS"],"build_version":"2018-08-23v2","purchased_purges":0,"victory":false,"max_hp_per_floor":[75,75,75,75,75,75,75,75,75,75,75,75,75,82,82,82,82,82,82,82,82,82,82,82,82,82,82,82,82,82,82,82,82,82,82,82,82,82,82,82,82,82],"card_choices":[{"not_picked":["Stack","Heatsinks"],"picked":"Ball Lightning","floor":1},{"not_picked":["Stack","Heatsinks"],"picked":"Cold Snap","floor":2},{"not_picked":["Scrape","Chill"],"picked":"Self Repair","floor":3},{"not_picked":["Steam","Doom and Gloom"],"picked":"Coolheaded","floor":4},{"not_picked":["Beam Cell","Go for the Eyes"],"picked":"Auto Shields","floor":5},{"not_picked":["BootSequence","Seek"],"picked":"Loop","floor":8},{"not_picked":["Reprogram","Hologram"],"picked":"Ball Lightning","floor":11},{"not_picked":["Heatsinks","Capacitor","Reprogram"],"picked":"SKIP","floor":12},{"not_picked":["Gash","Go for the Eyes"],"picked":"Redo","floor":13},{"not_picked":["Amplify","Machine Learning"],"picked":"Biased Cognition","floor":16},{"not_picked":["Gash+1","Leap+1","Ball Lightning"],"picked":"SKIP","floor":18},{"not_picked":["Consume","Capacitor"],"picked":"Beam Cell+1","floor":19},{"not_picked":["Sweeping Beam","Storm"],"picked":"Capacitor+1","floor":21},{"not_picked":["Beam Cell","Aggregate+1"],"picked":"FTL","floor":22},{"not_picked":["Stack","BootSequence"],"picked":"Static Discharge","floor":24},{"not_picked":["Beam Cell","Conserve Battery","Ball Lightning"],"picked":"SKIP","floor":28},{"not_picked":["Coolheaded+1","Machine Learning","Conserve Battery"],"picked":"SKIP","floor":29},{"not_picked":["Hologram","Consume","Barrage"],"picked":"SKIP","floor":30},{"not_picked":["Leap","Ball Lightning"],"picked":"Darkness+1","floor":35},{"not_picked":["Steam+1","Cold Snap+1","Stack"],"picked":"SKIP","floor":37},{"not_picked":["Chill+1","Double Energy+1","Coolheaded+1"],"picked":"SKIP","floor":38},{"not_picked":["All For One","Gash+1","Chill+1"],"picked":"SKIP","floor":39}],"player_experience":258851,"relics_obtained":[{"floor":9,"key":"Shuriken"},{"floor":24,"key":"Calipers"},{"floor":26,"key":"Orichalcum"},{"floor":29,"key":"Vajra"}],"event_choices":[{"event_name":"Drug Dealer","player_choice":"Inject Mutagens","floor":20,"damage_taken":0},{"event_name":"Designer","player_choice":"Full Service","floor":31,"damage_taken":0},{"event_name":"The Lab","player_choice":"Got Potions","floor":36,"damage_taken":0},{"event_name":"SecretPortal","player_choice":"Took Portal.","floor":41,"damage_taken":0}],"is_beta":false,"boss_relics":[{"not_picked":["Snecko Eye","Ectoplasm"],"picked":"Empty Cage"},{"not_picked":["Black Star","White Beast Statue"],"picked":"Fusion Hammer"}],"items_purged_floors":[],"is_endless":false,"potions_floor_spawned":[5,8,11,13,21,22,28,30,35],"killed_by":"Time Eater","ascension_level":0}