{"path_per_floor":["M","M","?","M","$","R","E","R","T","E","M","R","M","?","R","B",null,"M","M","?","$","M","R","$","R","T","E","M","M","?","?","R"],"character_chosen":"IRONCLAD","items_purchased":["Flex","Inflame","Flame Barrier","Unceasing Top"],"gold_per_floor":[110,121,121,145,44,44,77,77,124,162,183,183,197,277,277,397,397,412,436,436,60,79,79,79,79,133,177,192,212,212,112,112],"floor_reached":33,"campfire_rested":4,"playtime":2378,"current_hp_per_floor":[80,80,60,66,66,66,54,54,54,41,45,45,58,56,80,35,83,76,50,50,50,41,65,65,83,83,60,48,49,49,49,73],"items_purged":[],"gold":112,"score":275,"play_id":"5d090c20-b833-437c-af7d-4e1e8e018b56","local_time":"20180307225319","is_prod":false,"is_daily":false,"is_ascension_mode":false,"campfire_upgraded":3,"timestamp":1520484799,"path_taken":["M","M","?","M","$","R","E","R","T","E","M","R","M","?","R","BOSS","M","M","?","$","M","R","?","R","T","E","M","M","?","?","R","BOSS"],"build_version":"2018-03-01-PROD1","purchased_purges":1,"victory":false,"master_deck":["Strike_R+1","Strike_R+1","Strike_R+1","Strike_R+1","Strike_R+1","Defend_R+1","Defend_R+1","Defend_R+1","Defend_R+1","Bash","Armaments","Infernal Blade+1","Carnage","Flex+1","Inflame+1","Spot Weakness","Clash","Armaments","Metallicize","Iron Wave","Limit Break","Flex","Flame Barrier","Clash","Heavy Blade","Infernal Blade","J.A.X."],"max_hp_per_floor":[80,80,80,80,80,80,80,80,80,80,80,80,80,83,83,83,83,83,83,83,83,83,83,83,83,83,83,83,83,83,83,83],"relics":["Burning Blood","Golden Idol","Ornamental Fan","Vajra","Blood Vial","Ancient Tea Set","Runic Cube","Unceasing Top","Happy Flower","Orichalcum"],"card_choices":[{"not_picked":["Thunderclap","Cleave"],"picked":"Armaments"},{"not_picked":["Spot Weakness","Feel No Pain"],"picked":"Infernal Blade"},{"not_picked":["Pommel Strike","Feel No Pain"],"picked":"Carnage"},{"not_picked":["Sword Boomerang","Juggernaut"],"picked":"Spot Weakness"},{"not_picked":["Headbutt","Reckless Charge"],"picked":"Clash"},{"not_picked":["Wild Strike","Blood for Blood"],"picked":"Armaments"},{"not_picked":["Armaments","Corruption"],"picked":"Metallicize"},{"not_picked":["Sword Boomerang","Intimidate"],"picked":"Iron Wave"},{"not_picked":["Juggernaut","Dark Embrace"],"picked":"Limit Break"},{"not_picked":["Wild Strike","Perfected Strike"],"picked":"Flex"},{"not_picked":["Pommel Strike","Clothesline"],"picked":"Clash"},{"not_picked":["Immolate","Perfected Strike"],"picked":"Heavy Blade"}],"player_experience":82077,"potions_floor_usage":[7,7,11,19,27,33],"damage_taken":[{"damage":0,"enemies":"2 Louse","floor":1,"turns":3},{"damage":0,"enemies":"Jaw Worm","floor":2,"turns":3},{"damage":0,"enemies":"Small Slimes","floor":4,"turns":3},{"damage":18,"enemies":"Lagavulin","floor":7,"turns":7},{"damage":19,"enemies":"Gremlin Nob","floor":10,"turns":4},{"damage":4,"enemies":"Blue Slaver","floor":11,"turns":3},{"damage":0,"enemies":"Exordium Thugs","floor":13,"turns":4},{"damage":13,"enemies":"Gremlin Nob","floor":14,"turns":3},{"damage":53,"enemies":"Hexaghost","floor":16,"turns":9},{"damage":13,"enemies":"Shell Parasite","floor":18,"turns":4},{"damage":34,"enemies":"Chosen","floor":19,"turns":5},{"damage":17,"enemies":"Snecko","floor":22,"turns":7},{"damage":29,"enemies":"Gremlin Leader","floor":27,"turns":6},{"damage":20,"enemies":"Sentry and Sphere","floor":28,"turns":6},{"damage":7,"enemies":"3 Cultists","floor":29,"turns":5},{"damage":97,"enemies":"Collector","floor":33,"turns":6}],"event_choices":[{"event_name":"Golden Idol","player_choice":"Take Damage","floor":3,"damage_taken":0},{"event_name":"Dead Adventurer","player_choice":"Searched \u00273\u0027 times","floor":14,"damage_taken":0},{"event_name":"Back to Basics","player_choice":"Simplicity","floor":20,"damage_taken":0},{"event_name":"The Library","player_choice":"Read","floor":30,"damage_taken":0},{"event_name":"Drug Dealer","player_choice":"Got JAXXED","floor":31,"damage_taken":0}],"boss_relics":[{"not_picked":["Lizard Tail","Ectoplasm"],"picked":"Runic Cube"}],"potions_floor_spawned":[2,4,10,11,18,29],"seed_played":"3610737148801377988","killed_by":"Collector","ascension_level":0,"is_trial":false}