{"path_per_floor":["M","M","M","M","?","R","?","M","T","M","M","R","M","?","R","B",null,"M","M","$","?","M","R","$","M","T","M","R","M","?","M","R"],"character_chosen":"THE_SILENT","items_purchased":["Regal Pillow","Bronze Scales"],"gold_per_floor":[119,137,147,166,116,116,178,197,252,269,279,279,294,294,294,397,397,416,436,213,213,225,225,82,101,101,116,116,131,56,68,68],"floor_reached":33,"campfire_rested":4,"playtime":3921,"current_hp_per_floor":[68,68,67,67,67,67,61,61,61,59,58,70,70,70,70,37,70,51,20,20,20,15,51,51,15,15,14,50,34,34,34,70],"items_purged":["Strike_G"],"gold":68,"score":245,"play_id":"21faa7e7-5190-4f03-81f0-ea15f24d5986","local_time":"20180304041425","is_prod":false,"is_daily":false,"is_ascension_mode":false,"campfire_upgraded":2,"timestamp":1520158465,"path_taken":["M","M","M","M","?","R","?","M","T","M","M","R","M","?","R","BOSS","M","M","$","?","M","R","$","M","T","M","R","M","?","M","R","BOSS"],"build_version":"2018-03-01-PROD1","purchased_purges":1,"victory":false,"master_deck":["Defend_G+1","Defend_G+1","Defend_G+1","Defend_G+1","Defend_G+1","Strike_G+1","Strike_G+1","Strike_G+1","Neutralize","Bane","Deflect+1","Backflip","Infinite Blades+1","Blur","Endless Agony+1","Acrobatics","Noxious Fumes","Bane","Deadly Poison","Poisoned Stab"],"max_hp_per_floor":[70,70,70,70,70,70,70,70,70,70,70,70,70,70,70,70,70,70,70,70,70,70,70,70,70,70,70,70,70,70,70,70],"relics":["Ring of the Snake","Mercury Hourglass","Orichalcum","White Beast Statue","Regal Pillow","Bronze Scales","Gambling Chip"],"card_choices":[{"not_picked":["Underhanded Strike","Acrobatics"],"picked":"Bane"},{"not_picked":["Backflip","Eviscerate"],"picked":"Deflect"},{"not_picked":["Slice","Flying Knee"],"picked":"Backflip"},{"not_picked":["Underhanded Strike","Well Laid Plans"],"picked":"Infinite Blades"},{"not_picked":["Sucker Punch","Quick Slash"],"picked":"Blur"},{"not_picked":["Sucker Punch","PiercingWail"],"picked":"Endless Agony"},{"not_picked":["PiercingWail","Flechettes"],"picked":"Acrobatics"},{"not_picked":["Bane","Sucker Punch"],"picked":"Noxious Fumes"},{"not_picked":["Finisher","Malaise"],"picked":"Bane"},{"not_picked":["PiercingWail","Infinite Blades"],"picked":"Deadly Poison"},{"not_picked":["Escape Plan","Burst"],"picked":"Poisoned Stab"}],"player_experience":43783,"potions_floor_usage":[4,7,10,18,22,27,29,31,31,33,33],"damage_taken":[{"damage":2,"enemies":"Jaw Worm","floor":1,"turns":5},{"damage":0,"enemies":"Small Slimes","floor":2,"turns":3},{"damage":1,"enemies":"2 Louse","floor":3,"turns":4},{"damage":0,"enemies":"Blue Slaver","floor":4,"turns":4},{"damage":6,"enemies":"3 Sentries","floor":7,"turns":11},{"damage":0,"enemies":"Looter","floor":8,"turns":4},{"damage":2,"enemies":"Large Slime","floor":10,"turns":7},{"damage":1,"enemies":"3 Louse","floor":11,"turns":3},{"damage":0,"enemies":"2 Fungi Beasts","floor":13,"turns":4},{"damage":33,"enemies":"Slime Boss","floor":16,"turns":12},{"damage":19,"enemies":"Chosen","floor":18,"turns":6},{"damage":31,"enemies":"3 Byrds","floor":19,"turns":6},{"damage":5,"enemies":"Snake Plant","floor":22,"turns":6},{"damage":36,"enemies":"Chosen and Byrds","floor":25,"turns":8},{"damage":1,"enemies":"Centurion and Healer","floor":27,"turns":6},{"damage":16,"enemies":"Slaver and Parasite","floor":29,"turns":5},{"damage":0,"enemies":"Chosen and Byrds","floor":31,"turns":5},{"damage":76,"enemies":"Champ","floor":33,"turns":13}],"event_choices":[{"event_name":"The Cleric","player_choice":"Card Removal","floor":5,"damage_taken":0},{"event_name":"Dead Adventurer","player_choice":"Searched \u00272\u0027 times","floor":7,"damage_taken":0},{"event_name":"Living Wall","player_choice":"Grow","floor":14,"damage_taken":0},{"event_name":"Back to Basics","player_choice":"Simplicity","floor":21,"damage_taken":0},{"event_name":"Beggar","player_choice":"Gave Gold","floor":30,"damage_taken":0}],"boss_relics":[{"not_picked":["Snecko Eye","Runic Dome"],"picked":"White Beast Statue"}],"potions_floor_spawned":[2,4,8,16,18,19,22,25,27,29,31],"seed_played":"6512155936524955113","killed_by":"Champ","ascension_level":0,"is_trial":false}