{"gold_per_floor":[114,114,126,143,28,28,60,76,99,99,110,110,110,144,144,240,240,256,87,87,105,30,30,46,79,106,106,119,132,132,144,144,144],"floor_reached":33,"playtime":2101,"items_purged":["Normality","Strike_G"],"score":332,"play_id":"c7645d3c-b16d-4574-8f77-dad71e9e9041","local_time":"20181103012115","is_ascension_mode":true,"campfire_choices":[{"data":"Predator","floor":6,"key":"SMITH"},{"floor":10,"key":"REST"},{"floor":13,"key":"REST"},{"data":"Footwork","floor":15,"key":"SMITH"},{"data":"Slice","floor":23,"key":"SMITH"},{"floor":27,"key":"REST"},{"floor":30,"key":"REST"},{"data":"Calculated Gamble","floor":32,"key":"SMITH"}],"neow_cost":"CURSE","seed_source_timestamp":859064969581492,"circlet_count":0,"master_deck":["Defend_G","Defend_G","Defend_G","Defend_G","Defend_G","Strike_G","Strike_G","Strike_G","Survivor","Neutralize","Blade Dance+1","Slice+1","Predator+1","Footwork+1","Deadly Poison","Masterful Stab","Dash+1","Malaise","Cloak And Dagger","Footwork","Backstab","Calculated Gamble+1","Slice+1"],"relics":["Ring of the Snake","Juzu Bracelet","Snake Skull","Vajra","WristBlade","Omamori","Orichalcum"],"potions_floor_usage":[8,14,14,18,24],"damage_taken":[{"damage":19,"enemies":"Jaw Worm","floor":1,"turns":9},{"damage":1,"enemies":"Cultist","floor":3,"turns":3},{"damage":6,"enemies":"2 Louse","floor":4,"turns":3},{"damage":50,"enemies":"Gremlin Nob","floor":7,"turns":5},{"damage":18,"enemies":"Gremlin Gang","floor":8,"turns":4},{"damage":0,"enemies":"3 Louse","floor":11,"turns":1},{"damage":6,"enemies":"3 Sentries","floor":14,"turns":5},{"damage":31,"enemies":"The Guardian","floor":16,"turns":12},{"damage":8,"enemies":"2 Thieves","floor":18,"turns":4},{"damage":0,"enemies":"Spheric Guardian","floor":21,"turns":3},{"damage":0,"enemies":"Shelled Parasite and Fungi","floor":24,"turns":7},{"damage":44,"enemies":"Slavers","floor":25,"turns":9},{"damage":6,"enemies":"Sentry and Sphere","floor":28,"turns":6},{"damage":6,"enemies":"Centurion and Healer","floor":29,"turns":7},{"damage":6,"enemies":"Snake Plant","floor":31,"turns":4},{"damage":72,"enemies":"Champ","floor":33,"turns":12}],"seed_played":"3712408287175403555","potions_obtained":[{"floor":1,"key":"PowerPotion"},{"floor":3,"key":"SkillPotion"},{"floor":7,"key":"Swift Potion"},{"floor":8,"key":"Explosive Potion"},{"floor":21,"key":"SpeedPotion"}],"is_trial":false,"path_per_floor":["M","?","M","M","$","R","E","M","T","R","M","?","R","E","R","B",null,"M","$","?","M","?","R","M","E","T","R","M","M","R","M","R","B"],"character_chosen":"THE_SILENT","items_purchased":["Footwork","Footwork"],"campfire_rested":4,"item_purchase_floors":[5,19],"current_hp_per_floor":[65,84,83,77,77,77,27,9,9,34,34,34,59,53,53,22,84,76,76,76,76,76,76,76,32,32,57,51,45,70,64,64,0],"gold":144,"neow_bonus":"TWENTY_PERCENT_HP_BONUS","is_prod":false,"is_daily":false,"chose_seed":false,"campfire_upgraded":4,"win_rate":0,"timestamp":1541226075,"path_taken":["M","?","M","M","$","R","E","M","T","R","M","?","R","E","R","BOSS","M","$","?","M","?","R","M","E","T","R","M","M","R","M","R","BOSS"],"build_version":"2018-11-01","purchased_purges":2,"victory":false,"max_hp_per_floor":[84,84,84,84,84,84,84,84,84,84,84,84,84,84,84,84,84,84,84,84,84,84,84,84,84,84,84,84,84,84,84,84,84],"card_choices":[{"not_picked":["Noxious Fumes","Outmaneuver"],"picked":"Blade Dance","floor":1},{"not_picked":["Deadly Poison","Poisoned Stab"],"picked":"Slice","floor":3},{"not_picked":["Acrobatics","Sucker Punch"],"picked":"Predator","floor":4},{"not_picked":["Eviscerate","Bane"],"picked":"Deadly Poison","floor":7},{"not_picked":["Deflect","Die Die Die"],"picked":"Masterful Stab","floor":8},{"not_picked":["Prepared","Bane"],"picked":"Dash","floor":11},{"not_picked":["Poisoned Stab","Blur","Deflect"],"picked":"SKIP","floor":14},{"not_picked":["Wraith Form v2","Glass Knife"],"picked":"Malaise","floor":16},{"not_picked":["Prepared","Slice"],"picked":"Cloak And Dagger","floor":18},{"not_picked":["Skewer","Blade Dance","Blur"],"picked":"SKIP","floor":21},{"not_picked":["Quick Slash+1","Poisoned Stab","Predator"],"picked":"SKIP","floor":24},{"not_picked":["Blade Dance+1","Bouncing Flask+1"],"picked":"Backstab","floor":25},{"not_picked":["Sucker Punch","Slice+1"],"picked":"Calculated Gamble","floor":28},{"not_picked":["Poisoned Stab+1","PiercingWail","After Image"],"picked":"SKIP","floor":29},{"not_picked":["Dagger Throw","Cloak And Dagger"],"picked":"Slice+1","floor":31}],"player_experience":486400,"relics_obtained":[{"floor":7,"key":"Juzu Bracelet"},{"floor":9,"key":"Snake Skull"},{"floor":14,"key":"Vajra"},{"floor":25,"key":"Omamori"},{"floor":26,"key":"Orichalcum"}],"event_choices":[{"damage_healed":19,"gold_gain":0,"player_choice":"Full Heal","damage_taken":0,"max_hp_gain":0,"max_hp_loss":0,"event_name":"Wheel of Change","floor":2,"gold_loss":0},{"damage_healed":0,"gold_gain":0,"player_choice":"Grow","damage_taken":0,"max_hp_gain":0,"max_hp_loss":0,"event_name":"Living Wall","floor":12,"gold_loss":0,"cards_upgraded":["Dash"]},{"damage_healed":0,"gold_gain":0,"player_choice":"Upgraded","damage_taken":0,"max_hp_gain":0,"max_hp_loss":0,"event_name":"Upgrade Shrine","floor":20,"gold_loss":0,"cards_upgraded":["Blade Dance"]},{"cards_removed":["Strike_G"],"damage_healed":0,"gold_gain":0,"player_choice":"Gave Gold","damage_taken":0,"max_hp_gain":0,"max_hp_loss":0,"event_name":"Beggar","floor":22,"gold_loss":75}],"is_beta":false,"boss_relics":[{"not_picked":["Velvet Choker","Philosopher\u0027s Stone"],"picked":"WristBlade"}],"items_purged_floors":[5,19],"is_endless":false,"potions_floor_spawned":[1,3,7,8,21],"killed_by":"Champ","ascension_level":4}