{"gold_per_floor":[115,131,149,149,48,48,1,1,77,89,107,107,135,135,135,135],"floor_reached":16,"playtime":756,"items_purged":["Strike_B"],"score":150,"play_id":"518c622d-3bef-47c1-9906-52c0ef267a42","local_time":"20191017144202","is_ascension_mode":true,"campfire_choices":[{"data":"Fusion","floor":6,"key":"SMITH"},{"data":"Dualcast","floor":8,"key":"SMITH"},{"floor":15,"key":"REST"}],"neow_cost":"NONE","seed_source_timestamp":239934567802600,"circlet_count":0,"master_deck":["AscendersBane","Strike_B","Strike_B","Strike_B","Defend_B+1","Defend_B","Defend_B","Defend_B","Zap+1","Dualcast+1","Reinforced Body+1","Conserve Battery","Fusion+1","Ball Lightning","Beam Cell","Glacier","Chaos","Redo"],"relics":["Cracked Core","Frozen Egg 2","Bag of Preparation"],"potions_floor_usage":[],"damage_taken":[{"damage":2,"enemies":"Jaw Worm","floor":1,"turns":3},{"damage":6,"enemies":"Small Slimes","floor":2,"turns":4},{"damage":1,"enemies":"2 Louse","floor":3,"turns":3},{"damage":1,"enemies":"Looter","floor":10,"turns":3},{"damage":1,"enemies":"2 Fungi Beasts","floor":11,"turns":4},{"damage":15,"enemies":"Gremlin Nob","floor":13,"turns":6},{"damage":58,"enemies":"Hexaghost","floor":16,"turns":12}],"seed_played":"4655236263459224988","potions_obtained":[{"floor":13,"key":"Strength Potion"}],"is_trial":false,"path_per_floor":["M","M","M","?","$","R","$","R","T","M","M","?","E","?","R","B"],"character_chosen":"DEFECT","items_purchased":["Ball Lightning","Beam Cell"],"campfire_rested":1,"item_purchase_floors":[5,7],"current_hp_per_floor":[73,67,66,66,66,66,66,66,66,65,64,48,33,33,57,0],"gold":135,"neow_bonus":"TEN_PERCENT_HP_BONUS","is_prod":false,"is_daily":false,"chose_seed":false,"campfire_upgraded":2,"win_rate":0,"timestamp":1571341322,"path_taken":["M","M","M","?","$","R","$","R","T","M","M","?","E","?","R","BOSS"],"build_version":"2019-07-17","purchased_purges":1,"victory":false,"max_hp_per_floor":[82,82,82,82,82,82,82,82,82,82,82,82,82,82,82,82],"card_choices":[{"not_picked":["Compile Driver","Rebound"],"picked":"Reinforced Body","floor":1},{"not_picked":["Leap","Compile Driver"],"picked":"Conserve Battery","floor":2},{"not_picked":["Go for the Eyes","Loop"],"picked":"Fusion","floor":3},{"not_picked":["Lockon","Cold Snap"],"picked":"Glacier","floor":10},{"not_picked":["Blizzard","Compile Driver"],"picked":"Chaos","floor":11},{"not_picked":["Scrape","Amplify"],"picked":"Redo","floor":13}],"player_experience":871825,"relics_obtained":[{"floor":9,"key":"Frozen Egg 2"},{"floor":13,"key":"Bag of Preparation"}],"event_choices":[{"damage_healed":0,"gold_gain":0,"player_choice":"Grow","damage_taken":0,"max_hp_gain":0,"max_hp_loss":0,"event_name":"Living Wall","floor":4,"gold_loss":0,"cards_upgraded":["Zap"]},{"damage_healed":0,"gold_gain":0,"player_choice":"Entered Light","damage_taken":16,"max_hp_gain":0,"max_hp_loss":0,"event_name":"Shining Light","floor":12,"gold_loss":0,"cards_upgraded":["Reinforced Body","Defend_B"]},{"damage_healed":0,"gold_gain":0,"player_choice":"Ignored","damage_taken":0,"max_hp_gain":0,"max_hp_loss":0,"event_name":"Liars Game","floor":14,"gold_loss":0}],"is_beta":false,"boss_relics":[],"items_purged_floors":[5],"is_endless":false,"potions_floor_spawned":[13],"killed_by":"Hexaghost","ascension_level":10}