{"gold_per_floor":[114,131,149,160,178,178,191,191,246,246,258,283,283,248,248,248],"floor_reached":16,"playtime":988,"items_purged":[],"score":156,"play_id":"f33c7103-bffb-4af0-a66c-a053f56e8a52","local_time":"20191016233651","is_ascension_mode":true,"campfire_choices":[{"data":"Trip","floor":6,"key":"SMITH"},{"floor":10,"key":"REST"},{"floor":13,"key":"REST"},{"data":"Dualcast","floor":15,"key":"SMITH"}],"neow_cost":"TEN_PERCENT_HP_LOSS","seed_source_timestamp":185390948517600,"circlet_count":0,"master_deck":["AscendersBane","Strike_B","Strike_B","Strike_B","Strike_B","Defend_B","Defend_B","Defend_B","Defend_B","Zap+1","Dualcast+1","Jack Of All Trades","Trip+1","Conserve Battery","Leap","Gash","Genetic Algorithm","Hello World","Melter","Lockon"],"relics":["Cracked Core","Juzu Bracelet","Ancient Tea Set"],"potions_floor_usage":[5,12,16],"damage_taken":[{"damage":9,"enemies":"Jaw Worm","floor":1,"turns":2},{"damage":0,"enemies":"Cultist","floor":2,"turns":2},{"damage":0,"enemies":"Small Slimes","floor":3,"turns":3},{"damage":16,"enemies":"3 Louse","floor":4,"turns":4},{"damage":18,"enemies":"Gremlin Gang","floor":5,"turns":6},{"damage":26,"enemies":"Exordium Wildlife","floor":7,"turns":6},{"damage":1,"enemies":"2 Fungi Beasts","floor":11,"turns":4},{"damage":25,"enemies":"3 Sentries","floor":12,"turns":8},{"damage":48,"enemies":"Slime Boss","floor":16,"turns":6}],"seed_played":"-3719554194290282920","potions_obtained":[{"floor":1,"key":"Regen Potion"},{"floor":4,"key":"EssenceOfSteel"},{"floor":12,"key":"AttackPotion"}],"is_trial":false,"path_per_floor":["M","M","M","M","M","R","M","?","T","R","M","E","R","?","R","B"],"character_chosen":"DEFECT","items_purchased":[],"campfire_rested":2,"item_purchase_floors":[],"current_hp_per_floor":[59,59,59,43,40,40,14,14,14,34,33,8,28,45,45,0],"gold":248,"neow_bonus":"RANDOM_COLORLESS_2","is_prod":false,"is_daily":false,"chose_seed":false,"campfire_upgraded":2,"win_rate":0,"timestamp":1571287011,"path_taken":["M","M","M","M","M","R","M","?","T","R","M","E","R","?","R","BOSS"],"build_version":"2019-07-17","purchased_purges":0,"victory":false,"max_hp_per_floor":[68,68,68,68,68,68,68,68,68,68,68,68,68,68,68,68],"card_choices":[{"not_picked":["Sweeping Beam","Beam Cell"],"picked":"Conserve Battery","floor":1},{"not_picked":["Compile Driver","Hologram"],"picked":"Leap","floor":2},{"not_picked":["Hologram","Conserve Battery"],"picked":"Gash","floor":3},{"not_picked":["Double Energy","Chill"],"picked":"Genetic Algorithm","floor":4},{"not_picked":["Fusion","Barrage","Fission"],"picked":"SKIP","floor":5},{"not_picked":["Compile Driver","Reprogram"],"picked":"Hello World","floor":7},{"not_picked":["Capacitor","Storm"],"picked":"Melter","floor":11},{"not_picked":["Storm","Cold Snap"],"picked":"Lockon","floor":12}],"player_experience":864314,"relics_obtained":[{"floor":9,"key":"Juzu Bracelet"},{"floor":12,"key":"Ancient Tea Set"}],"event_choices":[{"damage_healed":0,"gold_gain":0,"player_choice":"Upgraded","damage_taken":0,"max_hp_gain":0,"max_hp_loss":0,"event_name":"Upgrade Shrine","floor":8,"gold_loss":0,"cards_upgraded":["Zap"]},{"damage_healed":17,"gold_gain":0,"player_choice":"Healed","damage_taken":0,"max_hp_gain":0,"max_hp_loss":0,"event_name":"The Cleric","floor":14,"gold_loss":35}],"is_beta":false,"boss_relics":[],"items_purged_floors":[],"is_endless":false,"potions_floor_spawned":[1,4,12],"killed_by":"Slime Boss","ascension_level":10}