{"gold_per_floor":[118,130,143,163,178,211,211,223,223,223,223,223],"floor_reached":12,"playtime":721,"items_purged":[],"score":164,"play_id":"fc21117e-fb51-49b5-8951-93eb5eb36386","local_time":"20191029131324","is_ascension_mode":true,"campfire_choices":[{"data":"Combust","floor":7,"key":"SMITH"},{"floor":10,"key":"REST"}],"neow_cost":"NONE","seed_source_timestamp":6133662528300,"circlet_count":0,"master_deck":["AscendersBane","Strike_R","Strike_R","Strike_R","Strike_R","Strike_R","Defend_R","Defend_R","Defend_R","Defend_R","Bash","Reaper","Clothesline","Combust+1","Rupture","Armaments","Combust","True Grit"],"relics":["Burning Blood","Mercury Hourglass","Matryoshka","Golden Idol"],"potions_floor_usage":[6,6],"damage_taken":[{"damage":1,"enemies":"Small Slimes","floor":1,"turns":4},{"damage":9,"enemies":"Jaw Worm","floor":2,"turns":5},{"damage":9,"enemies":"2 Louse","floor":3,"turns":3},{"damage":30,"enemies":"2 Fungi Beasts","floor":4,"turns":5},{"damage":34,"enemies":"3 Louse","floor":5,"turns":3},{"damage":45,"enemies":"Lagavulin","floor":6,"turns":8},{"damage":9,"enemies":"Looter","floor":8,"turns":4},{"damage":14,"enemies":"Exordium Wildlife","floor":12,"turns":1}],"seed_played":"8980376760762830209","potions_obtained":[{"floor":4,"key":"SkillPotion"},{"floor":5,"key":"LiquidMemories"}],"is_trial":false,"path_per_floor":["M","M","M","M","M","E","R","M","T","R","?","M"],"character_chosen":"IRONCLAD","items_purchased":[],"campfire_rested":1,"item_purchase_floors":[],"current_hp_per_floor":[73,74,75,59,43,10,10,7,7,29,3,0],"gold":223,"neow_bonus":"ONE_RANDOM_RARE_CARD","is_prod":false,"is_daily":false,"chose_seed":false,"campfire_upgraded":1,"win_rate":0,"timestamp":1572369204,"path_taken":["M","M","M","M","M","E","R","M","T","R","?","M"],"build_version":"2019-10-28","purchased_purges":0,"victory":false,"max_hp_per_floor":[75,75,75,75,75,75,75,75,75,75,75,75],"card_choices":[{"not_picked":["Heavy Blade","Second Wind"],"picked":"Clothesline","floor":1},{"not_picked":["True Grit","Armaments"],"picked":"Combust","floor":2},{"not_picked":["Heavy Blade","Sword Boomerang"],"picked":"Rupture","floor":3},{"not_picked":["Clash","Perfected Strike"],"picked":"Armaments","floor":4},{"not_picked":["Bloodletting","Warcry","Fire Breathing"],"picked":"SKIP","floor":5},{"not_picked":["Clash","Sever Soul"],"picked":"Combust","floor":6},{"not_picked":["Flex","Havoc"],"picked":"True Grit","floor":8}],"player_experience":947764,"relics_obtained":[{"floor":6,"key":"Mercury Hourglass"},{"floor":9,"key":"Matryoshka"}],"event_choices":[{"damage_healed":0,"gold_gain":0,"player_choice":"Take Damage","damage_taken":26,"relics_obtained":["Golden Idol"],"max_hp_gain":0,"max_hp_loss":0,"event_name":"Golden Idol","floor":11,"gold_loss":0}],"is_beta":true,"boss_relics":[],"items_purged_floors":[],"is_endless":false,"potions_floor_spawned":[4,5],"killed_by":"Exordium Wildlife","ascension_level":20}