{"gold_per_floor":[114,128,28,0,10,36,36,61,85,100,100,100,117,135,135,236,236,254,72,90,110,110],"floor_reached":22,"playtime":1213,"items_purged":["Strike_B","Strike_B"],"score":317,"play_id":"b7f70d6e-21ab-4c62-a96c-c1b972176c21","local_time":"20191024150237","is_ascension_mode":true,"campfire_choices":[{"data":"Dualcast","floor":7,"key":"SMITH"},{"floor":12,"key":"REST"},{"floor":15,"key":"REST"}],"neow_cost":"NONE","seed_source_timestamp":845593422027900,"circlet_count":0,"master_deck":["AscendersBane","Strike_B+1","Strike_B","Defend_B","Defend_B","Defend_B","Defend_B","Zap+1","Dualcast+1","Ball Lightning","Go for the Eyes+1","Gash","Rip and Tear","Scrape","Gash","Self Repair","Conserve Battery","Hologram","Echo Form","Conserve Battery","Defragment","Coolheaded+1","Core Surge+1"],"relics":["Cracked Core","Whetstone","Centennial Puzzle","Bronze Scales","Molten Egg 2","Philosopher\u0027s Stone"],"potions_floor_usage":[8,16,22],"damage_taken":[{"damage":4,"enemies":"Small Slimes","floor":1,"turns":3},{"damage":0,"enemies":"2 Louse","floor":2,"turns":3},{"damage":0,"enemies":"Cultist","floor":5,"turns":3},{"damage":30,"enemies":"3 Sentries","floor":6,"turns":7},{"damage":19,"enemies":"Gremlin Nob","floor":8,"turns":4},{"damage":9,"enemies":"Blue Slaver","floor":10,"turns":2},{"damage":9,"enemies":"Red Slaver","floor":13,"turns":3},{"damage":19,"enemies":"3 Louse","floor":14,"turns":2},{"damage":33,"enemies":"Slime Boss","floor":16,"turns":9},{"damage":23,"enemies":"Shell Parasite","floor":18,"turns":5},{"damage":25,"enemies":"2 Thieves","floor":20,"turns":4},{"damage":21,"enemies":"3 Cultists","floor":21,"turns":5},{"damage":14,"enemies":"Snecko","floor":22,"turns":2}],"seed_played":"-2646119403889327411","potions_obtained":[{"floor":2,"key":"Strength Potion"},{"floor":5,"key":"Regen Potion"},{"floor":8,"key":"EntropicBrew"},{"floor":10,"key":"PowerPotion"},{"floor":21,"key":"Fire Potion"}],"is_trial":false,"path_per_floor":["M","M","$","?","M","E","R","E","T","M","?","R","M","M","R","B",null,"M","$","M","M","M"],"character_chosen":"DEFECT","items_purchased":["Gash","Defragment"],"campfire_rested":2,"item_purchase_floors":[3,19],"current_hp_per_floor":[64,64,64,64,64,34,34,27,27,18,18,40,38,19,41,15,60,44,44,26,5,0],"gold":110,"neow_bonus":"UPGRADE_CARD","is_prod":false,"is_daily":false,"chose_seed":false,"campfire_upgraded":1,"win_rate":0,"timestamp":1571947357,"path_taken":["M","M","$","?","M","E","R","E","T","M","?","R","?","M","R","BOSS","M","$","M","M","M"],"build_version":"2019-07-17","purchased_purges":2,"victory":false,"max_hp_per_floor":[75,75,75,75,75,75,75,75,75,75,75,75,75,75,75,75,75,75,75,75,75,75],"card_choices":[{"not_picked":["Turbo","Beam Cell"],"picked":"Ball Lightning","floor":1},{"not_picked":["Hologram","Turbo"],"picked":"Go for the Eyes","floor":2},{"not_picked":["Melter","Turbo"],"picked":"Rip and Tear","floor":5},{"not_picked":["Hello World","Reprogram"],"picked":"Scrape","floor":6},{"not_picked":["Stack","Ball Lightning"],"picked":"Gash","floor":8},{"not_picked":["Compile Driver","White Noise"],"picked":"Self Repair","floor":10},{"not_picked":["Coolheaded","Reprogram"],"picked":"Conserve Battery","floor":13},{"not_picked":["Double Energy","Lockon+1"],"picked":"Hologram","floor":14},{"not_picked":["Amplify","Rainbow"],"picked":"Echo Form","floor":16},{"not_picked":["Gash+1","Melter+1"],"picked":"Conserve Battery","floor":18},{"not_picked":["FTL+1","Gash+1"],"picked":"Coolheaded+1","floor":20},{"not_picked":["Aggregate","Ball Lightning+1"],"picked":"Core Surge+1","floor":21}],"player_experience":931121,"relics_obtained":[{"floor":6,"key":"Whetstone"},{"floor":8,"key":"Centennial Puzzle"},{"floor":9,"key":"Bronze Scales"}],"event_choices":[{"damage_healed":0,"gold_gain":0,"player_choice":"Left Gold","damage_taken":0,"max_hp_gain":0,"max_hp_loss":0,"event_name":"World of Goop","floor":4,"gold_loss":28},{"damage_healed":0,"gold_gain":0,"player_choice":"Gave Potion","damage_taken":0,"relics_obtained":["Molten Egg 2"],"max_hp_gain":0,"max_hp_loss":0,"event_name":"WeMeetAgain","floor":11,"gold_loss":0}],"is_beta":false,"boss_relics":[{"not_picked":["Orrery","Fusion Hammer"],"picked":"Philosopher\u0027s Stone"}],"items_purged_floors":[3,19],"is_endless":false,"potions_floor_spawned":[2,5,8,10,21],"killed_by":"Snecko","ascension_level":12}