{"gold_per_floor":[115,43,43,118,132,132,166,177,202,152,171,171,182,195,195,298,298,315,240,240,113,132,164,164,179,179,179,278,290,290,290],"floor_reached":31,"playtime":1199,"items_purged":["Defend_B","Strike_B"],"score":308,"play_id":"8b010439-ffe0-49ec-908f-ccf69e54e39b","local_time":"20181031233419","is_ascension_mode":true,"campfire_choices":[{"data":"Zap","floor":6,"key":"SMITH"},{"data":"Dualcast","floor":12,"key":"SMITH"},{"data":"Conserve Battery","floor":15,"key":"SMITH"},{"floor":24,"key":"REST"}],"neow_cost":"NONE","seed_source_timestamp":680750456395345,"circlet_count":0,"master_deck":["Strike_B","Strike_B","Defend_B","Defend_B","Zap+1","Dualcast+1","Rebound","Stack","Ball Lightning","Leap","Gash","Ball Lightning","Conserve Battery+1","Electrodynamics","Defragment","Leap","Gash","Leap","Lockon+1"],"relics":["Cracked Core","NeowsBlessing","Bronze Scales","Ancient Tea Set","Eternal Feather","Cables","Gremlin Horn"],"potions_floor_usage":[11,16,25,29],"damage_taken":[{"damage":0,"enemies":"Cultist","floor":1,"turns":1},{"damage":0,"enemies":"Small Slimes","floor":5,"turns":1},{"damage":0,"enemies":"Gremlin Nob","floor":7,"turns":1},{"damage":0,"enemies":"2 Louse","floor":8,"turns":2},{"damage":4,"enemies":"2 Fungi Beasts","floor":11,"turns":2},{"damage":0,"enemies":"3 Louse","floor":13,"turns":2},{"damage":0,"enemies":"Blue Slaver","floor":14,"turns":2},{"damage":32,"enemies":"Slime Boss","floor":16,"turns":8},{"damage":0,"enemies":"Spheric Guardian","floor":18,"turns":3},{"damage":22,"enemies":"2 Thieves","floor":22,"turns":2},{"damage":28,"enemies":"Book of Stabbing","floor":23,"turns":5},{"damage":24,"enemies":"Centurion and Healer","floor":25,"turns":5},{"damage":28,"enemies":"Shelled Parasite and Fungi","floor":29,"turns":5},{"damage":12,"enemies":"Snecko","floor":31,"turns":3}],"seed_played":"2899529567674367755","potions_obtained":[{"floor":7,"key":"Swift Potion"},{"floor":8,"key":"Fire Potion"},{"floor":18,"key":"GamblersBrew"},{"floor":23,"key":"Swift Potion"}],"is_trial":false,"path_per_floor":["M","$","$","?","M","R","E","M","T","?","M","R","M","M","R","B",null,"M","$","?","$","M","E","R","M","T","?","?","M","?"],"character_chosen":"DEFECT","items_purchased":["Stack","Ball Lightning","Leap"],"campfire_rested":1,"item_purchase_floors":[2,2,21],"current_hp_per_floor":[75,75,75,64,64,64,64,64,64,64,60,60,60,60,60,28,75,75,75,75,75,53,25,56,32,32,32,32,4,4,0],"gold":290,"neow_bonus":"THREE_ENEMY_KILL","is_prod":false,"is_daily":false,"chose_seed":false,"campfire_upgraded":3,"win_rate":0,"timestamp":1541046859,"path_taken":["M","?","$","?","M","R","E","M","T","?","M","R","?","M","R","BOSS","M","$","?","$","M","E","R","M","T","?","?","?","?","M"],"build_version":"2018-10-25v2","purchased_purges":2,"victory":false,"max_hp_per_floor":[75,75,75,75,75,75,75,75,75,75,75,75,75,75,75,75,75,75,75,75,75,75,75,75,75,75,75,75,75,75,75],"card_choices":[{"not_picked":["Compile Driver","Hello World"],"picked":"Rebound","floor":1},{"not_picked":["Darkness","FTL"],"picked":"Leap","floor":5},{"not_picked":["Meteor Strike","Blizzard"],"picked":"Gash","floor":7},{"not_picked":["Streamline","Sweeping Beam"],"picked":"Ball Lightning","floor":8},{"not_picked":["Force Field","Tempest","Go for the Eyes"],"picked":"SKIP","floor":11},{"not_picked":["Ball Lightning","Streamline"],"picked":"Conserve Battery","floor":13},{"not_picked":["Barrage","Heatsinks","Tempest"],"picked":"SKIP","floor":14},{"not_picked":["Hyperbeam","Buffer"],"picked":"Electrodynamics","floor":16},{"not_picked":["Doom and Gloom","Consume","Glacier+1"],"picked":"SKIP","floor":18},{"not_picked":["Leap","Beam Cell+1","Go for the Eyes"],"picked":"SKIP","floor":22},{"not_picked":["Barrage","Turbo"],"picked":"Gash","floor":23},{"not_picked":["Ball Lightning","Go for the Eyes+1","FTL"],"picked":"SKIP","floor":25},{"not_picked":["Rip and Tear","Leap"],"picked":"Lockon+1","floor":29}],"player_experience":470785,"relics_obtained":[{"floor":7,"key":"Bronze Scales"},{"floor":9,"key":"Ancient Tea Set"},{"floor":23,"key":"Cables"},{"floor":26,"key":"Gremlin Horn"}],"event_choices":[{"damage_healed":0,"gold_gain":75,"player_choice":"Gather Gold","damage_taken":11,"max_hp_gain":0,"max_hp_loss":0,"event_name":"World of Goop","floor":4,"gold_loss":0},{"cards_removed":["Strike_B"],"damage_healed":0,"gold_gain":0,"player_choice":"Card Removal","damage_taken":0,"max_hp_gain":0,"max_hp_loss":0,"event_name":"The Cleric","floor":10,"gold_loss":50},{"damage_healed":0,"gold_gain":0,"player_choice":"Read","damage_taken":0,"max_hp_gain":0,"max_hp_loss":0,"event_name":"The Library","floor":20,"gold_loss":0,"cards_obtained":["Defragment"]},{"damage_healed":0,"gold_gain":0,"player_choice":"Copied","damage_taken":0,"max_hp_gain":0,"max_hp_loss":0,"event_name":"Duplicator","floor":27,"gold_loss":0,"cards_obtained":["Leap"]},{"damage_healed":0,"gold_gain":99,"player_choice":"Stole From Cult","damage_taken":0,"max_hp_gain":0,"max_hp_loss":0,"event_name":"Nest","floor":28,"gold_loss":0},{"cards_removed":["Defend_B"],"damage_healed":0,"gold_gain":0,"player_choice":"Purged","damage_taken":0,"max_hp_gain":0,"max_hp_loss":0,"event_name":"Purifier","floor":30,"gold_loss":0}],"is_beta":false,"boss_relics":[{"not_picked":["Orrery","Astrolabe"],"picked":"Eternal Feather"}],"items_purged_floors":[19,21],"is_endless":false,"potions_floor_spawned":[7,8,18,23],"killed_by":"Snecko","ascension_level":2}