{"gold_per_floor":[112,124,138,5,15,15,346,415,415,446,464,464,483,513,513,614,614,629,639,659,659,271,271,284,284,284,309,309,30,86,104,104,200,200,219,219,219,236,247,247,282,282,308,341,355,154,154,168,168,168],"floor_reached":51,"playtime":3780,"items_purged":["Strike_G","Strike_G","Strike_G"],"score":873,"play_id":"6b1076ea-d6d8-4497-b8aa-2b0cd1f72d56","local_time":"20181111232101","is_ascension_mode":true,"campfire_choices":[{"data":"Dash","floor":6,"key":"SMITH"},{"floor":12,"key":"REST"},{"data":"Backflip","floor":15,"key":"SMITH"},{"floor":23,"key":"REST"},{"data":"Burst","floor":25,"key":"SMITH"},{"floor":28,"key":"REST"},{"floor":32,"key":"REST"},{"data":"Blade Dance","floor":40,"key":"SMITH"},{"data":"Backflip","floor":42,"key":"SMITH"},{"data":"Blade Dance","floor":47,"key":"SMITH"},{"data":"Accuracy","floor":49,"key":"SMITH"}],"neow_cost":"NONE","seed_source_timestamp":529270017632402,"circlet_count":0,"master_deck":["Defend_G","Defend_G","Defend_G","Defend_G","Defend_G","Strike_G","Strike_G","Survivor","Neutralize","Dash+1","Leg Sweep","Cloak And Dagger","Caltrops","Blade Dance+1","Backflip+1","Accuracy+1","Blade Dance+1","Dagger Spray","Backstab","Burst+1","Caltrops","Accuracy+1","Calculated Gamble+1","Accuracy","Deflect+1","Footwork","The Bomb","Cloak And Dagger+1","Caltrops","Storm of Steel+1","Acrobatics+1","Dodge and Roll+1","Backflip+1","Terror"],"relics":["Ring of the Snake","Old Coin","Ice Cream","Tingsha","Sozu","Mummified Hand","Kunai","Dream Catcher","Tiny Chest","Eternal Feather","Ninja Scroll","Regal Pillow","Ancient Tea Set"],"potions_floor_usage":[7,16,38],"damage_taken":[{"damage":1,"enemies":"Jaw Worm","floor":1,"turns":4},{"damage":0,"enemies":"2 Louse","floor":2,"turns":3},{"damage":0,"enemies":"Cultist","floor":3,"turns":4},{"damage":4,"enemies":"2 Fungi Beasts","floor":5,"turns":3},{"damage":28,"enemies":"Gremlin Nob","floor":7,"turns":5},{"damage":15,"enemies":"Lagavulin","floor":10,"turns":8},{"damage":0,"enemies":"3 Louse","floor":11,"turns":4},{"damage":2,"enemies":"Red Slaver","floor":13,"turns":5},{"damage":13,"enemies":"The Guardian","floor":16,"turns":13},{"damage":9,"enemies":"Shell Parasite","floor":18,"turns":6},{"damage":3,"enemies":"Spheric Guardian","floor":19,"turns":4},{"damage":25,"enemies":"Cultist and Chosen","floor":20,"turns":7},{"damage":15,"enemies":"Shelled Parasite and Fungi","floor":24,"turns":6},{"damage":1,"enemies":"Book of Stabbing","floor":27,"turns":5},{"damage":1,"enemies":"Gremlin Leader","floor":30,"turns":5},{"damage":23,"enemies":"Centurion and Healer","floor":31,"turns":5},{"damage":21,"enemies":"Automaton","floor":33,"turns":10},{"damage":12,"enemies":"3 Shapes","floor":35,"turns":3},{"damage":2,"enemies":"3 Darklings","floor":38,"turns":5},{"damage":0,"enemies":"Maw","floor":39,"turns":7},{"damage":11,"enemies":"Reptomancer","floor":41,"turns":6},{"damage":21,"enemies":"Nemesis","floor":44,"turns":7},{"damage":0,"enemies":"Sphere and 2 Shapes","floor":45,"turns":3},{"damage":0,"enemies":"Transient","floor":48,"turns":5},{"damage":9,"enemies":"Donu and Deca","floor":50,"turns":8}],"seed_played":"801901298082584402","potions_obtained":[{"floor":2,"key":"AttackPotion"},{"floor":7,"key":"SkillPotion"},{"floor":16,"key":"Fire Potion"}],"is_trial":false,"path_per_floor":["M","M","M","$","M","R","E","?","T","E","M","R","M","?","R","B",null,"M","M","M","?","$","R","M","R","T","E","R","$","E","M","R","B",null,"M","?","?","M","M","R","E","R","T","E","M","$","R","M","R","B",null],"character_chosen":"THE_SILENT","items_purchased":["Caltrops","Blade Dance","Mummified Hand","Accuracy","The Bomb","Terror"],"campfire_rested":4,"item_purchase_floors":[4,4,22,22,29,46],"current_hp_per_floor":[76,76,76,76,72,72,44,44,44,29,29,52,50,50,50,37,77,68,65,40,40,40,63,48,48,48,47,70,70,69,46,69,48,77,65,65,65,63,63,77,66,77,77,56,56,56,74,74,77,68],"gold":168,"neow_bonus":"TEN_PERCENT_HP_BONUS","is_prod":false,"is_daily":false,"chose_seed":false,"campfire_upgraded":7,"win_rate":0,"timestamp":1542000061,"path_taken":["M","M","M","$","M","R","E","?","T","E","M","R","M","?","R","BOSS","M","M","M","?","$","R","?","R","T","E","R","$","E","M","R","BOSS","M","?","?","?","M","R","E","R","T","E","M","$","R","M","R","BOSS"],"build_version":"2018-11-08","purchased_purges":3,"victory":true,"max_hp_per_floor":[77,77,77,77,77,77,77,77,77,77,77,77,77,77,77,77,77,77,77,77,77,77,77,77,77,77,77,77,77,77,77,77,77,77,77,77,77,77,77,77,77,77,77,77,77,77,77,77,77,77],"card_choices":[{"not_picked":["Acrobatics","Dodge and Roll"],"picked":"Dash","floor":1},{"not_picked":["PiercingWail","Dodge and Roll"],"picked":"Leg Sweep","floor":2},{"not_picked":["Sucker Punch","Blade Dance"],"picked":"Cloak And Dagger","floor":3},{"not_picked":["Dodge and Roll","Deflect"],"picked":"Backflip","floor":5},{"not_picked":["Crippling Poison","Cloak And Dagger"],"picked":"Accuracy","floor":7},{"not_picked":["Prepared","Noxious Fumes"],"picked":"Blade Dance","floor":10},{"not_picked":["Heel Hook","Tools of the Trade"],"picked":"Dagger Spray","floor":11},{"not_picked":["Deadly Poison","Dagger Spray"],"picked":"Backstab","floor":13},{"not_picked":["A Thousand Cuts","Glass Knife"],"picked":"Burst","floor":16},{"not_picked":["Bouncing Flask","Heel Hook"],"picked":"Caltrops","floor":18},{"not_picked":["Distraction","Prepared"],"picked":"Accuracy+1","floor":19},{"not_picked":["Predator","Dodge and Roll"],"picked":"Calculated Gamble","floor":20},{"not_picked":["Tactician+1","Sucker Punch"],"picked":"Deflect+1","floor":24},{"not_picked":["Night Terror","Crippling Poison+1","Outmaneuver"],"picked":"SKIP","floor":27},{"not_picked":["Skewer","Cloak And Dagger"],"picked":"Footwork","floor":28},{"not_picked":["Poisoned Stab","Backflip"],"picked":"Cloak And Dagger+1","floor":30},{"not_picked":["Dagger Throw","All Out Attack","Outmaneuver"],"picked":"SKIP","floor":31},{"not_picked":["PiercingWail+1","Wraith Form v2"],"picked":"Caltrops","floor":32},{"not_picked":["Corpse Explosion","Die Die Die"],"picked":"Storm of Steel","floor":33},{"not_picked":["Outmaneuver+1","Sucker Punch+1"],"picked":"Acrobatics+1","floor":35},{"not_picked":["Underhanded Strike+1","Tactician+1","Sucker Punch+1"],"picked":"SKIP","floor":38},{"not_picked":["Sucker Punch+1","Heel Hook"],"picked":"Dodge and Roll+1","floor":39},{"not_picked":["Expertise","Deadly Poison"],"picked":"Backflip","floor":41},{"not_picked":["Backflip","Quick Slash","Setup"],"picked":"SKIP","floor":44},{"not_picked":["Choke","Acrobatics","Adrenaline"],"picked":"SKIP","floor":45},{"not_picked":["PiercingWail","Dagger Throw","Acrobatics"],"picked":"SKIP","floor":48}],"player_experience":555387,"relics_obtained":[{"floor":7,"key":"Old Coin"},{"floor":9,"key":"Ice Cream"},{"floor":10,"key":"Tingsha"},{"floor":26,"key":"Kunai"},{"floor":27,"key":"Dream Catcher"},{"floor":30,"key":"Tiny Chest"},{"floor":41,"key":"Ninja Scroll"},{"floor":43,"key":"Regal Pillow"},{"floor":44,"key":"Ancient Tea Set"}],"event_choices":[{"damage_healed":0,"gold_gain":69,"player_choice":"Gained Gold","damage_taken":0,"max_hp_gain":0,"max_hp_loss":0,"event_name":"Golden Wing","floor":8,"gold_loss":0},{"damage_healed":0,"gold_gain":30,"player_choice":"Searched \u00272\u0027 times","damage_taken":0,"max_hp_gain":0,"max_hp_loss":0,"event_name":"Dead Adventurer","floor":14,"gold_loss":0},{"damage_healed":0,"gold_gain":0,"player_choice":"Upgraded","damage_taken":0,"max_hp_gain":0,"max_hp_loss":0,"event_name":"Upgrade Shrine","floor":21,"gold_loss":0,"cards_upgraded":["Calculated Gamble"]},{"damage_healed":0,"gold_gain":0,"player_choice":"Ignored","damage_taken":0,"max_hp_gain":0,"max_hp_loss":0,"event_name":"Mysterious Sphere","floor":36,"gold_loss":0},{"damage_healed":0,"gold_gain":0,"player_choice":"Forge","damage_taken":0,"max_hp_gain":0,"max_hp_loss":0,"event_name":"Accursed Blacksmith","floor":37,"gold_loss":0,"cards_upgraded":["Storm of Steel"]}],"is_beta":false,"boss_relics":[{"not_picked":["Snecko Eye","Busted Crown"],"picked":"Sozu"},{"not_picked":["White Beast Statue","Orrery"],"picked":"Eternal Feather"}],"items_purged_floors":[22,29,46],"is_endless":false,"potions_floor_spawned":[2,7,16,19,20,31,33,41,44,48],"ascension_level":4}