{"path_per_floor":["M","M","$","M","?","R","M","M","T","R","M","M","M","M","R","B",null,"M","$","?","M","M","R","?","R","T","M","?","?","E","M","R","B",null,"M","?","?","?","M"],"character_chosen":"IRONCLAD","items_purchased":["Ghostly Armor","Flex","Rampage"],"gold_per_floor":[111,128,34,53,53,53,65,79,106,106,126,144,162,176,176,280,280,280,169,84,9,9,9,9,9,9,9,9,9,9,9,9,9,9,9,9,9,0,0],"floor_reached":40,"campfire_rested":1,"playtime":3071,"current_hp_per_floor":[80,75,75,80,73,73,70,68,68,68,74,75,80,80,80,40,80,67,67,67,65,66,66,51,51,51,63,85,85,28,32,57,65,85,63,63,63,63,65],"items_purged":["Bash"],"gold":0,"score":377,"play_id":"3d023c8a-ef5d-4be0-b511-69726e620b38","local_time":"20180308235731","is_prod":false,"is_daily":false,"is_ascension_mode":false,"campfire_upgraded":5,"timestamp":1520575051,"path_taken":["M","M","$","M","?","R","M","M","T","R","M","M","M","M","R","BOSS","M","$","?","M","?","R","?","R","T","M","?","?","E","M","R","BOSS","M","?","?","?","M","E"],"build_version":"2018-03-01-PROD1","purchased_purges":1,"victory":false,"master_deck":["Strike_R","Strike_R","Strike_R","Defend_R","Defend_R","Defend_R","Defend_R","Metallicize+1","Ghostly Armor+1","Flex+1","Heavy Blade+1","Armaments+1","Spot Weakness","Shrug It Off","Demon Form+1","Rampage","Flex","Perfected Strike","Body Slam+1"],"max_hp_per_floor":[80,80,80,80,80,80,80,80,80,80,80,80,80,80,80,80,80,80,80,80,80,80,80,85,85,85,85,85,85,85,85,85,85,85,85,85,85,85,85],"relics":["Burning Blood","Self Forming Clay","Anchor","Ectoplasm","Darkstone Periapt","Lantern","Toolbox","Lizard Tail","Red Mask"],"card_choices":[{"not_picked":["Headbutt","Clothesline"],"picked":"Metallicize"},{"not_picked":["Iron Wave","Clash"],"picked":"Heavy Blade"},{"not_picked":["Sentinel","Sever Soul"],"picked":"Armaments"},{"not_picked":["Warcry","Feel No Pain"],"picked":"Spot Weakness"},{"not_picked":["Sword Boomerang","Perfected Strike"],"picked":"Shrug It Off"},{"not_picked":["Impervious","Offering"],"picked":"Demon Form"},{"not_picked":["Wild Strike","Cleave"],"picked":"Flex"},{"not_picked":["Juggernaut","Warcry"],"picked":"Perfected Strike"},{"not_picked":["Reckless Charge","Wild Strike"],"picked":"Body Slam"}],"player_experience":100014,"potions_floor_usage":[8,16,27,30,31,33,40],"damage_taken":[{"damage":3,"enemies":"Small Slimes","floor":1,"turns":3},{"damage":11,"enemies":"Jaw Worm","floor":2,"turns":4},{"damage":0,"enemies":"2 Louse","floor":4,"turns":4},{"damage":9,"enemies":"Large Slime","floor":7,"turns":9},{"damage":8,"enemies":"Lots of Slimes","floor":8,"turns":6},{"damage":0,"enemies":"2 Fungi Beasts","floor":11,"turns":3},{"damage":5,"enemies":"Red Slaver","floor":12,"turns":6},{"damage":0,"enemies":"Looter","floor":13,"turns":3},{"damage":6,"enemies":"Large Slime","floor":14,"turns":7},{"damage":46,"enemies":"The Guardian","floor":16,"turns":12},{"damage":19,"enemies":"3 Byrds","floor":18,"turns":7},{"damage":8,"enemies":"2 Thieves","floor":21,"turns":5},{"damage":5,"enemies":"Snecko","floor":22,"turns":7},{"damage":6,"enemies":"Slaver and Parasite","floor":27,"turns":5},{"damage":63,"enemies":"Gremlin Leader","floor":30,"turns":5},{"damage":2,"enemies":"Snake Plant","floor":31,"turns":4},{"damage":13,"enemies":"Champ","floor":33,"turns":9},{"damage":28,"enemies":"3 Darklings","floor":35,"turns":7},{"damage":8,"enemies":"Orb Walker","floor":39,"turns":6},{"damage":129,"enemies":"2 Orb Walkers","floor":40,"turns":6}],"event_choices":[{"event_name":"Scrap Ooze","player_choice":"success","floor":5,"damage_taken":7},{"event_name":"Addict","player_choice":"Obtained Relic","floor":20,"damage_taken":0},{"event_name":"Forgotten Altar","player_choice":"Shed Blood","floor":24,"damage_taken":0},{"event_name":"The Library","player_choice":"Heal","floor":28,"damage_taken":0},{"event_name":"Bonfire Elementals","player_choice":"BASIC","floor":29,"damage_taken":0},{"event_name":"Mysterious Sphere","player_choice":"Ignore","floor":36,"damage_taken":0},{"event_name":"Upgrade Shrine","player_choice":"Upgraded","floor":37,"damage_taken":0},{"event_name":"Tomb of Lord Red Mask","player_choice":"Paid","floor":38,"damage_taken":0}],"boss_relics":[{"not_picked":["Runic Dome","Philosopher\u0027s Stone"],"picked":"Ectoplasm"},{"not_picked":["Cursed Key","Pandora\u0027s Box"],"picked":"Lizard Tail"}],"potions_floor_spawned":[1,8,16,18,21,27,39],"seed_played":"-7344431409209149275","killed_by":"2 Orb Walkers","ascension_level":0,"is_trial":false}