{"gold_per_floor":[15,30,30,30,30,53,87,87,87,87,126,1,1,26,26,26],"floor_reached":16,"playtime":824,"items_purged":["Strike_G"],"score":167,"play_id":"aafed802-baeb-4281-91ac-fd79366009d9","local_time":"20191029142617","is_ascension_mode":true,"campfire_choices":[{"floor":8,"key":"REST"},{"floor":10,"key":"REST"},{"floor":15,"key":"REST"}],"neow_cost":"NO_GOLD","seed_source_timestamp":49785180213400,"circlet_count":0,"master_deck":["AscendersBane","Strike_G","Strike_G","Defend_G","Defend_G","Defend_G","Defend_G","Survivor","Neutralize","Choke","Skewer","Escape Plan","Slice","Burst","Bouncing Flask","Infinite Blades","Deflect","Blade Dance","Flying Knee"],"relics":["Ring of the Snake","Golden Idol","Ninja Scroll","Smiling Mask","Ornamental Fan","Oddly Smooth Stone"],"potions_floor_usage":[7],"damage_taken":[{"damage":0,"enemies":"Cultist","floor":1,"turns":5},{"damage":0,"enemies":"2 Louse","floor":2,"turns":3},{"damage":6,"enemies":"Small Slimes","floor":6,"turns":4},{"damage":48,"enemies":"Lagavulin","floor":7,"turns":7},{"damage":31,"enemies":"Gremlin Nob","floor":11,"turns":4},{"damage":0,"enemies":"Blue Slaver","floor":14,"turns":3},{"damage":42,"enemies":"Slime Boss","floor":16,"turns":6}],"seed_played":"-8600756050722709781","potions_obtained":[{"floor":6,"key":"FearPotion"}],"is_trial":false,"path_per_floor":["M","M","?","?","?","M","E","R","T","R","E","$","T","M","R","B"],"character_chosen":"THE_SILENT","items_purchased":["Deflect","Blade Dance"],"campfire_rested":3,"item_purchase_floors":[12,12],"current_hp_per_floor":[63,63,63,56,61,55,7,28,28,49,18,18,18,18,39,0],"gold":26,"neow_bonus":"TRANSFORM_TWO_CARDS","is_prod":false,"is_daily":false,"chose_seed":false,"campfire_upgraded":0,"win_rate":0,"timestamp":1572377177,"path_taken":["M","M","?","?","?","M","E","R","T","R","E","$","?","M","R","BOSS"],"build_version":"2019-07-17","purchased_purges":1,"victory":false,"max_hp_per_floor":[70,70,65,65,70,70,70,70,70,70,70,70,70,70,70,70],"card_choices":[{"not_picked":["Bane","Blade Dance"],"picked":"Escape Plan","floor":1},{"not_picked":["Crippling Poison","Backflip"],"picked":"Slice","floor":2},{"not_picked":["Underhanded Strike","Bane"],"picked":"Burst","floor":6},{"not_picked":["PiercingWail","Flying Knee"],"picked":"Bouncing Flask","floor":7},{"not_picked":["Poisoned Stab","Blur"],"picked":"Infinite Blades","floor":11},{"not_picked":["Underhanded Strike","Dagger Throw"],"picked":"Flying Knee","floor":14}],"player_experience":948181,"relics_obtained":[{"floor":7,"key":"Ninja Scroll"},{"floor":9,"key":"Smiling Mask"},{"floor":11,"key":"Ornamental Fan"},{"floor":13,"key":"Oddly Smooth Stone"}],"event_choices":[{"damage_healed":0,"gold_gain":0,"player_choice":"Lose Max HP","damage_taken":0,"relics_obtained":["Golden Idol"],"max_hp_gain":0,"max_hp_loss":5,"event_name":"Golden Idol","floor":3,"gold_loss":0},{"cards_removed":["Strike_G"],"damage_healed":0,"gold_gain":0,"player_choice":"Card Removal","damage_taken":7,"max_hp_gain":0,"max_hp_loss":0,"event_name":"Golden Wing","floor":4,"gold_loss":0},{"damage_healed":0,"gold_gain":0,"player_choice":"Donut","damage_taken":0,"max_hp_gain":5,"max_hp_loss":0,"event_name":"Big Fish","floor":5,"gold_loss":0}],"is_beta":false,"boss_relics":[],"items_purged_floors":[12],"is_endless":false,"potions_floor_spawned":[6],"killed_by":"Slime Boss","ascension_level":11}