{"gold_per_floor":[117,117,117,137,154,154,183,183,183,193,212,212,86,104,104,104],"floor_reached":16,"playtime":715,"items_purged":["Defend_B"],"score":128,"play_id":"6ecf30ec-ce10-4aa8-a404-0004bd878939","local_time":"20181126231632","is_ascension_mode":true,"campfire_choices":[{"data":"Zap","floor":6,"key":"SMITH"},{"floor":12,"key":"REST"},{"floor":15,"key":"REST"}],"neow_cost":"NONE","seed_source_timestamp":380738369051696,"circlet_count":0,"master_deck":["Strike_B","Strike_B","Strike_B","Strike_B","Defend_B","Defend_B","Defend_B","Zap+1","Dualcast","Biased Cognition","Conserve Battery","Auto Shields","BootSequence","Glacier","Leap","Cold Snap","Ball Lightning"],"relics":["Cracked Core","Pear","Pantograph","Symbiotic Virus"],"potions_floor_usage":[],"damage_taken":[{"damage":1,"enemies":"Cultist","floor":1,"turns":4},{"damage":0,"enemies":"Small Slimes","floor":4,"turns":3},{"damage":6,"enemies":"2 Louse","floor":5,"turns":3},{"damage":35,"enemies":"3 Sentries","floor":7,"turns":10},{"damage":1,"enemies":"Large Slime","floor":10,"turns":5},{"damage":0,"enemies":"Red Slaver","floor":11,"turns":3},{"damage":0,"enemies":"3 Louse","floor":14,"turns":3},{"damage":28,"enemies":"Hexaghost","floor":16,"turns":9}],"seed_played":"4116598649017662248","potions_obtained":[{"floor":7,"key":"Poison Potion"},{"floor":11,"key":"Regen Potion"}],"is_trial":false,"path_per_floor":["M","?","?","M","M","R","E","$","T","M","M","R","$","M","R","B"],"character_chosen":"DEFECT","items_purchased":["Cold Snap"],"campfire_rested":2,"item_purchase_floors":[13],"current_hp_per_floor":[74,74,59,59,53,53,18,18,18,17,17,42,42,42,67,57],"gold":104,"neow_bonus":"ONE_RANDOM_RARE_CARD","is_prod":false,"is_daily":false,"chose_seed":false,"campfire_upgraded":1,"win_rate":0,"timestamp":1543295792,"path_taken":["M","?","?","M","M","R","E","$","T","M","M","R","$","M","R","BOSS"],"build_version":"2018-11-15","purchased_purges":1,"victory":false,"max_hp_per_floor":[75,75,85,85,85,85,85,85,85,85,85,85,85,85,85,85],"card_choices":[{"not_picked":["Sweeping Beam","Chaos"],"picked":"Conserve Battery","floor":1},{"not_picked":["Gash","Recycle","Blizzard"],"picked":"SKIP","floor":4},{"not_picked":["Streamline","Barrage"],"picked":"Auto Shields","floor":5},{"not_picked":["Skim","Steam Power"],"picked":"BootSequence","floor":7},{"not_picked":["Stack","Conserve Battery"],"picked":"Glacier","floor":10},{"not_picked":["Reinforced Body","Capacitor"],"picked":"Leap","floor":11},{"not_picked":["Conserve Battery","Hologram"],"picked":"Ball Lightning","floor":14}],"player_experience":622162,"relics_obtained":[{"floor":7,"key":"Pantograph"},{"floor":9,"key":"Symbiotic Virus"}],"event_choices":[{"damage_healed":0,"gold_gain":0,"player_choice":"Ignored","damage_taken":0,"max_hp_gain":0,"max_hp_loss":0,"event_name":"Golden Idol","floor":2,"gold_loss":0},{"damage_healed":0,"gold_gain":0,"player_choice":"Success","damage_taken":25,"relics_obtained":["Pear"],"max_hp_gain":0,"max_hp_loss":0,"event_name":"Scrap Ooze","floor":3,"gold_loss":0}],"is_beta":false,"boss_relics":[],"items_purged_floors":[13],"is_endless":false,"potions_floor_spawned":[7,11],"killed_by":"Hexaghost","ascension_level":5}