{"gold_per_floor":[119,44,62,80,92,126,126,146,197,197,228,228,228,228,228,326,326,336,336,236,252,263,263,263,263,263,278,295,295],"floor_reached":29,"playtime":1651,"items_purged":["Shame","Parasite"],"score":259,"play_id":"2eb9532d-6d2e-456d-9c76-a30e22fdcc0f","local_time":"20181105163117","is_ascension_mode":true,"campfire_choices":[{"floor":7,"key":"REST"},{"floor":10,"key":"REST"},{"data":"Zap","floor":12,"key":"SMITH"},{"data":"Dualcast","floor":15,"key":"SMITH"},{"floor":23,"key":"REST"},{"data":"Creative AI","floor":25,"key":"SMITH"}],"neow_cost":"CURSE","seed_source_timestamp":1090516301126911,"circlet_count":0,"master_deck":["Strike_B","Strike_B","Strike_B","Strike_B","Defend_B","Defend_B","Defend_B","Defend_B","Zap+1","Dualcast+1","Gash","Conserve Battery","Coolheaded","Steam","Ball Lightning","Seek","Creative AI+1","White Noise+1","Gash","Sunder","Finesse","Defragment","White Noise+1"],"relics":["Cracked Core","Mango","Lantern","Bronze Scales","Singing Bowl","Inserter","Mercury Hourglass","Gremlin Horn"],"potions_floor_usage":[6,8],"damage_taken":[{"damage":0,"enemies":"Cultist","floor":1,"turns":2},{"damage":2,"enemies":"Jaw Worm","floor":3,"turns":4},{"damage":0,"enemies":"Small Slimes","floor":4,"turns":4},{"damage":61,"enemies":"Gremlin Gang","floor":5,"turns":5},{"damage":19,"enemies":"Gremlin Nob","floor":6,"turns":5},{"damage":3,"enemies":"Large Slime","floor":8,"turns":5},{"damage":13,"enemies":"Lagavulin","floor":11,"turns":6},{"damage":62,"enemies":"Slime Boss","floor":16,"turns":10},{"damage":24,"enemies":"Shell Parasite","floor":18,"turns":7},{"damage":11,"enemies":"2 Thieves","floor":21,"turns":3},{"damage":28,"enemies":"Sentry and Sphere","floor":22,"turns":5},{"damage":20,"enemies":"Snake Plant","floor":27,"turns":4},{"damage":1,"enemies":"3 Cultists","floor":28,"turns":3},{"damage":14,"enemies":"Gremlin Leader","floor":29,"turns":2}],"seed_played":"3055869833985899605","potions_obtained":[{"floor":3,"key":"Poison Potion"},{"floor":6,"key":"Energy Potion"},{"floor":21,"key":"EntropicBrew"},{"floor":22,"key":"Energy Potion"}],"is_trial":false,"path_per_floor":["M","$","M","M","M","E","R","M","T","R","E","R","?","?","R","B",null,"M","T","$","M","M","R","?","R","T","M","M","E"],"character_chosen":"DEFECT","items_purchased":[],"campfire_rested":3,"item_purchase_floors":[],"current_hp_per_floor":[89,89,87,87,26,7,33,30,30,56,43,43,65,65,65,3,89,65,65,65,54,26,51,35,35,35,15,14,0],"gold":295,"neow_bonus":"ONE_RARE_RELIC","is_prod":false,"is_daily":false,"chose_seed":false,"campfire_upgraded":3,"win_rate":0,"timestamp":1541457077,"path_taken":["M","$","M","M","M","E","R","M","T","R","E","R","?","?","R","BOSS","M","?","$","M","M","R","?","R","T","M","M","E"],"build_version":"2018-11-01","purchased_purges":2,"victory":false,"max_hp_per_floor":[89,89,89,89,89,89,89,89,89,89,89,89,89,89,89,89,89,89,89,86,86,86,86,86,86,86,86,86,86],"card_choices":[{"not_picked":["Barrage","Aggregate"],"picked":"Gash","floor":1},{"not_picked":["Turbo","Scrape"],"picked":"Conserve Battery","floor":3},{"not_picked":["Lockon","Skim"],"picked":"Coolheaded","floor":4},{"not_picked":["Ball Lightning","Compile Driver"],"picked":"Steam","floor":5},{"not_picked":["Reinforced Body","Barrage"],"picked":"Ball Lightning","floor":6},{"not_picked":["Barrage","Lockon","Stack"],"picked":"SKIP","floor":8},{"not_picked":["Hologram","Ball Lightning"],"picked":"Seek","floor":11},{"not_picked":["Hyperbeam","Seek"],"picked":"Creative AI","floor":16},{"not_picked":["Beam Cell","Rebound+1"],"picked":"White Noise+1","floor":18},{"not_picked":["Ball Lightning+1","Rebound+1"],"picked":"Gash","floor":21},{"not_picked":["Turbo","Rebound"],"picked":"Sunder","floor":22},{"not_picked":["Heatsinks","Seek"],"picked":"Defragment","floor":27},{"not_picked":["Tempest","Melter+1"],"picked":"White Noise+1","floor":28}],"player_experience":504958,"relics_obtained":[{"floor":6,"key":"Lantern"},{"floor":9,"key":"Bronze Scales"},{"floor":11,"key":"Singing Bowl"},{"floor":19,"key":"Mercury Hourglass"},{"floor":26,"key":"Gremlin Horn"}],"event_choices":[{"damage_healed":22,"gold_gain":0,"player_choice":"Healed and dodged fight","damage_taken":0,"max_hp_gain":0,"max_hp_loss":0,"event_name":"Mushrooms","floor":13,"gold_loss":0,"cards_obtained":["Parasite"]},{"damage_healed":0,"gold_gain":0,"player_choice":"Leave","damage_taken":0,"max_hp_gain":0,"max_hp_loss":0,"event_name":"FaceTrader","floor":14,"gold_loss":0},{"damage_healed":0,"gold_gain":0,"player_choice":"CARD ","damage_taken":16,"max_hp_gain":0,"max_hp_loss":0,"event_name":"Knowing Skull","floor":24,"potions_obtained":[],"gold_loss":0,"cards_obtained":["Finesse"]}],"is_beta":false,"boss_relics":[{"not_picked":["Coffee Dripper","Tiny House"],"picked":"Inserter"}],"items_purged_floors":[2,20],"is_endless":false,"potions_floor_spawned":[3,6,21,22],"killed_by":"Gremlin Leader","ascension_level":2}