{"gold_per_floor":[11,11,23,38,49,49,81,81,81,5,5,5,21,40,40,171,171,186,109,109,134,134,134,134,134,134,165,165,186,202,256,256,256],"floor_reached":33,"playtime":1784,"items_purged":[],"score":265,"play_id":"efcf1afb-11b5-4d9a-817e-fd036fdf9e7a","local_time":"20180829215914","is_ascension_mode":false,"campfire_choices":[{"data":"Zap","floor":6,"key":"SMITH"},{"floor":8,"key":"REST"},{"data":"Lockon","floor":12,"key":"SMITH"},{"data":"Sunder","floor":15,"key":"SMITH"},{"floor":23,"key":"REST"},{"data":"Creative AI","floor":25,"key":"SMITH"},{"data":"Storm","floor":28,"key":"SMITH"},{"floor":32,"key":"REST"}],"neow_cost":"NO_GOLD","seed_source_timestamp":1030147938921038,"circlet_count":0,"master_deck":["Strike_B","Strike_B","Strike_B","Defend_B","Defend_B","Zap+1","Dualcast","Leap","Go for the Eyes","Lockon+1","Sunder+1","Genetic Algorithm","Creative AI+1","Storm+1"],"relics":["Cracked Core","Omamori","Regal Pillow","Golden Idol","Black Star","Pantograph","MutagenicStrength","Singing Bowl","Vajra","Bag of Preparation","Boot"],"potions_floor_usage":[13,16,18,18,27,29],"damage_taken":[{"damage":1,"enemies":"Jaw Worm","floor":1,"turns":3},{"damage":2,"enemies":"2 Louse","floor":3,"turns":3},{"damage":0,"enemies":"Cultist","floor":4,"turns":3},{"damage":0,"enemies":"Looter","floor":5,"turns":2},{"damage":27,"enemies":"Lagavulin","floor":7,"turns":6},{"damage":0,"enemies":"3 Louse","floor":13,"turns":2},{"damage":1,"enemies":"Exordium Wildlife","floor":14,"turns":3},{"damage":21,"enemies":"The Guardian","floor":16,"turns":9},{"damage":45,"enemies":"3 Byrds","floor":18,"turns":4},{"damage":20,"enemies":"Spheric Guardian","floor":21,"turns":4},{"damage":26,"enemies":"Slavers","floor":27,"turns":4},{"damage":4,"enemies":"3 Cultists","floor":29,"turns":5},{"damage":21,"enemies":"Sentry and Sphere","floor":30,"turns":4},{"damage":81,"enemies":"Automaton","floor":33,"turns":6}],"seed_played":"4247984066277388681","potions_obtained":[{"floor":3,"key":"PowerPotion"},{"floor":5,"key":"Fire Potion"},{"floor":7,"key":"PowerPotion"},{"floor":16,"key":"Regen Potion"},{"floor":21,"key":"SkillPotion"},{"floor":27,"key":"Energy Potion"}],"is_trial":false,"path_per_floor":["M","?","M","M","M","R","E","R","T","$","?","R","M","M","R","B",null,"M","$","?","M","?","R","?","R","T","E","R","M","M","T","R"],"character_chosen":"DEFECT","items_purchased":["Genetic Algorithm","Storm"],"campfire_rested":3,"item_purchase_floors":[10,19],"current_hp_per_floor":[74,67,65,65,65,65,38,60,60,60,60,60,60,59,59,38,69,29,29,29,9,9,44,67,67,67,43,43,41,22,22,59,0],"gold":256,"neow_bonus":"REMOVE_TWO","is_prod":false,"is_daily":false,"chose_seed":false,"campfire_upgraded":5,"win_rate":0.0,"timestamp":1535597954,"path_taken":["M","?","M","M","M","R","E","R","T","$","?","R","M","M","R","BOSS","M","$","?","M","?","R","?","R","T","E","R","M","?","?","R","BOSS"],"build_version":"2018-08-23v2","purchased_purges":0,"victory":false,"max_hp_per_floor":[75,75,75,75,75,75,75,75,75,75,69,69,69,69,69,69,69,69,69,69,69,69,69,69,69,69,71,71,73,75,75,75,75],"card_choices":[{"not_picked":["Rebound","Storm"],"picked":"Leap","floor":1},{"not_picked":["Steam","Streamline"],"picked":"Go for the Eyes","floor":3},{"not_picked":["Reprogram","Leap"],"picked":"Lockon","floor":4},{"not_picked":["Steam Power","Barrage","Go for the Eyes"],"picked":"SKIP","floor":5},{"not_picked":["Beam Cell","Fission"],"picked":"Sunder","floor":7},{"not_picked":["Coolheaded","Leap","Stack"],"picked":"SKIP","floor":13},{"not_picked":["Leap","Fusion","Coolheaded"],"picked":"SKIP","floor":14},{"not_picked":["Rainbow","Buffer"],"picked":"Creative AI","floor":16},{"not_picked":["Beam Cell+1","Barrage+1","Fusion"],"picked":"SKIP","floor":18},{"not_picked":["Compile Driver","Conserve Battery","Stack+1"],"picked":"SKIP","floor":21},{"not_picked":["Biased Cognition","Chill","Reinforced Body"],"picked":"Singing Bowl","floor":27},{"not_picked":["Darkness","Defragment+1","Force Field"],"picked":"Singing Bowl","floor":29},{"not_picked":["Redo","Steam Power","Turbo"],"picked":"Singing Bowl","floor":30}],"player_experience":281816,"relics_obtained":[{"floor":7,"key":"Omamori"},{"floor":9,"key":"Regal Pillow"},{"floor":26,"key":"Singing Bowl"},{"floor":27,"key":"Vajra"},{"floor":27,"key":"Bag of Preparation"},{"floor":31,"key":"Boot"}],"event_choices":[{"event_name":"Golden Wing","player_choice":"Card Removal","floor":2,"damage_taken":0},{"event_name":"Golden Idol","player_choice":"Lose Max HP","floor":11,"damage_taken":0},{"event_name":"Accursed Blacksmith","player_choice":"Rummage","floor":20,"damage_taken":0},{"event_name":"Drug Dealer","player_choice":"Inject Mutagens","floor":22,"damage_taken":0},{"event_name":"The Library","player_choice":"Heal","floor":24,"damage_taken":0}],"is_beta":false,"boss_relics":[{"not_picked":["Busted Crown","Coffee Dripper"],"picked":"Black Star"}],"items_purged_floors":[],"is_endless":false,"potions_floor_spawned":[3,5,7,16,21,27],"killed_by":"Automaton","ascension_level":0}