{"gold_per_floor":[115,126,6,6,25,54,54,66,66,145,145],"floor_reached":11,"playtime":457,"items_purged":["Strike_B"],"score":99,"play_id":"b9e35d5e-66d3-4f84-a87f-b5cd78f0cfa9","local_time":"20191001134528","is_ascension_mode":true,"campfire_choices":[{"data":"Zap","floor":7,"key":"SMITH"}],"neow_cost":"NONE","seed_source_timestamp":735910951999900,"circlet_count":0,"master_deck":["Strike_B","Strike_B","Strike_B","Defend_B","Defend_B","Defend_B","Defend_B","Zap+1","Dualcast","Defragment","Streamline","Rebound","Buffer","Doom and Gloom"],"relics":["Cracked Core","DataDisk","Peace Pipe","Sundial"],"potions_floor_usage":[11],"damage_taken":[{"damage":1,"enemies":"Cultist","floor":1,"turns":3},{"damage":0,"enemies":"2 Louse","floor":2,"turns":2},{"damage":1,"enemies":"Small Slimes","floor":5,"turns":3},{"damage":30,"enemies":"Lagavulin","floor":6,"turns":5},{"damage":32,"enemies":"Gremlin Gang","floor":8,"turns":6},{"damage":15,"enemies":"Gremlin Nob","floor":11,"turns":3}],"seed_played":"-6262411411827211272","potions_obtained":[{"floor":8,"key":"PowerPotion"}],"is_trial":false,"path_per_floor":["M","M","$","?","M","E","R","M","T","?","E"],"character_chosen":"DEFECT","items_purchased":["Streamline"],"campfire_rested":0,"item_purchase_floors":[3],"current_hp_per_floor":[74,74,74,71,70,40,40,8,8,8,0],"gold":145,"neow_bonus":"TEN_PERCENT_HP_BONUS","is_prod":false,"is_daily":false,"chose_seed":false,"campfire_upgraded":1,"win_rate":0,"timestamp":1569955528,"path_taken":["M","?","$","?","M","E","R","M","T","?","E"],"build_version":"2019-07-17","purchased_purges":1,"victory":false,"max_hp_per_floor":[82,82,82,82,82,82,82,82,82,82,82],"card_choices":[{"not_picked":["Rebound","Blizzard"],"picked":"Defragment","floor":1},{"not_picked":["Turbo","Compile Driver","Lockon"],"picked":"SKIP","floor":2},{"not_picked":["Compile Driver","Melter"],"picked":"Rebound","floor":5},{"not_picked":["Hologram","Consume"],"picked":"Buffer","floor":6},{"not_picked":["Heatsinks","Aggregate"],"picked":"Doom and Gloom","floor":8}],"player_experience":772026,"relics_obtained":[{"floor":6,"key":"Peace Pipe"},{"floor":9,"key":"Sundial"}],"event_choices":[{"damage_healed":0,"gold_gain":0,"player_choice":"Success","damage_taken":3,"relics_obtained":["DataDisk"],"max_hp_gain":0,"max_hp_loss":0,"event_name":"Scrap Ooze","floor":4,"gold_loss":0},{"damage_healed":0,"gold_gain":79,"player_choice":"Gained Gold","damage_taken":0,"max_hp_gain":0,"max_hp_loss":0,"event_name":"Golden Wing","floor":10,"gold_loss":0}],"is_beta":false,"boss_relics":[],"items_purged_floors":[3],"is_endless":false,"potions_floor_spawned":[8],"killed_by":"Gremlin Nob","ascension_level":7}