{"gold_per_floor":[116,116,134,147,166,166,196,250,304,304,320,337,337,364,364,459,459,459,66,83,100,114,114,114,114],"floor_reached":25,"playtime":1609,"items_purged":[],"score":323,"play_id":"7c1bc286-63bb-4ab8-8295-1ce08ef31fef","local_time":"20191015144052","is_ascension_mode":true,"campfire_choices":[{"floor":6,"key":"REST"},{"data":"Noxious Fumes","floor":10,"key":"SMITH"},{"floor":13,"key":"REST"},{"floor":15,"key":"REST"},{"floor":23,"key":"REST"}],"neow_cost":"NONE","seed_source_timestamp":66206035370500,"circlet_count":0,"master_deck":["AscendersBane","Strike_G","Strike_G+1","Strike_G","Strike_G","Strike_G","Defend_G","Defend_G","Defend_G","Defend_G","Defend_G","Survivor+1","Neutralize","Dagger Spray","Noxious Fumes+1","Expertise","Footwork","Bullet Time","Quick Slash","Setup","Poisoned Stab","Envenom","Crippling Poison","Cloak And Dagger","Poisoned Stab","Slice","Acrobatics","Sadistic Nature","Adrenaline","Noxious Fumes","Underhanded Strike+1","Caltrops+1","Crippling Poison+1"],"relics":["Ring of the Snake","Letter Opener","Blood Vial","Anchor","Potion Belt","Orrery","Vajra"],"potions_floor_usage":[5,14,16,18,21,25],"damage_taken":[{"damage":0,"enemies":"2 Louse","floor":1,"turns":3},{"damage":0,"enemies":"Jaw Worm","floor":3,"turns":4},{"damage":0,"enemies":"Cultist","floor":4,"turns":4},{"damage":12,"enemies":"Gremlin Gang","floor":5,"turns":3},{"damage":38,"enemies":"Lagavulin","floor":7,"turns":13},{"damage":0,"enemies":"Red Slaver","floor":11,"turns":4},{"damage":1,"enemies":"Looter","floor":12,"turns":4},{"damage":24,"enemies":"Gremlin Nob","floor":14,"turns":4},{"damage":8,"enemies":"Hexaghost","floor":16,"turns":11},{"damage":0,"enemies":"Spheric Guardian","floor":18,"turns":2},{"damage":19,"enemies":"Shell Parasite","floor":20,"turns":7},{"damage":3,"enemies":"Snake Plant","floor":21,"turns":5},{"damage":52,"enemies":"Snecko","floor":22,"turns":6},{"damage":35,"enemies":"Slavers","floor":25,"turns":2}],"seed_played":"-618430259827033315","potions_obtained":[{"floor":4,"key":"AttackPotion"},{"floor":7,"key":"SmokeBomb"},{"floor":11,"key":"SkillPotion"},{"floor":12,"key":"FearPotion"},{"floor":16,"key":"Dexterity Potion"},{"floor":20,"key":"Block Potion"}],"is_trial":false,"path_per_floor":["M","?","M","M","M","R","E","T","T","R","M","M","R","E","R","B",null,"M","$","M","M","M","R","T","E"],"character_chosen":"THE_SILENT","items_purchased":["Sadistic Nature","Adrenaline","Noxious Fumes"],"campfire_rested":4,"item_purchase_floors":[19,19,19],"current_hp_per_floor":[70,55,55,55,43,66,28,28,28,28,30,31,54,32,55,49,70,72,72,55,54,4,27,27,0],"gold":114,"neow_bonus":"TEN_PERCENT_HP_BONUS","is_prod":false,"is_daily":false,"chose_seed":false,"campfire_upgraded":1,"win_rate":0,"timestamp":1571168452,"path_taken":["M","?","M","M","M","R","E","?","T","R","M","?","R","E","R","BOSS","M","$","?","M","M","R","?","E"],"build_version":"2019-07-17","purchased_purges":0,"victory":false,"max_hp_per_floor":[77,77,77,77,77,77,77,77,77,77,77,77,77,77,77,77,77,77,77,77,77,77,77,77,77],"card_choices":[{"not_picked":["Endless Agony","Quick Slash"],"picked":"Dagger Spray","floor":1},{"not_picked":["Dash","Outmaneuver"],"picked":"Noxious Fumes","floor":3},{"not_picked":["Flying Knee","Flechettes"],"picked":"Expertise","floor":4},{"not_picked":["Dagger Spray","Cloak And Dagger"],"picked":"Footwork","floor":5},{"not_picked":["Expertise","Bouncing Flask"],"picked":"Bullet Time","floor":7},{"not_picked":["Bane","Deflect"],"picked":"Quick Slash","floor":11},{"not_picked":["Quick Slash","Deflect"],"picked":"Setup","floor":12},{"not_picked":["Skewer","Deadly Poison"],"picked":"Poisoned Stab","floor":14},{"not_picked":["Wraith Form v2","Doppelganger"],"picked":"Envenom","floor":16},{"not_picked":["Tactician","Slice"],"picked":"Crippling Poison","floor":17},{"not_picked":["Setup","Escape Plan"],"picked":"Cloak And Dagger","floor":17},{"not_picked":["Deadly Poison","Dodge and Roll"],"picked":"Poisoned Stab","floor":17},{"not_picked":["Expertise","Deadly Poison"],"picked":"Slice","floor":17},{"not_picked":["Choke","All Out Attack"],"picked":"Acrobatics","floor":17},{"not_picked":["Acrobatics+1","Eviscerate"],"picked":"Underhanded Strike+1","floor":20},{"not_picked":["Dagger Spray","Finisher"],"picked":"Caltrops+1","floor":21},{"not_picked":["Blade Dance","Concentrate"],"picked":"Crippling Poison+1","floor":22}],"player_experience":848299,"relics_obtained":[{"floor":7,"key":"Letter Opener"},{"floor":8,"key":"Blood Vial"},{"floor":9,"key":"Anchor"},{"floor":14,"key":"Potion Belt"},{"floor":24,"key":"Vajra"}],"event_choices":[{"damage_healed":0,"gold_gain":0,"player_choice":"Entered Light","damage_taken":15,"max_hp_gain":0,"max_hp_loss":0,"event_name":"Shining Light","floor":2,"gold_loss":0,"cards_upgraded":["Survivor","Strike_G"]}],"is_beta":false,"boss_relics":[{"not_picked":["White Beast Statue","Pandora\u0027s Box"],"picked":"Orrery"}],"items_purged_floors":[],"is_endless":false,"potions_floor_spawned":[4,7,11,12,16,20],"killed_by":"Slavers","ascension_level":10}