{"gold_per_floor":[110,129,54,69,87,87,98,98,98,114,114,88,88,120,120,225,225,241,141,141,160,160],"floor_reached":22,"playtime":1076,"items_purged":["Strike_R","Strike_R"],"score":279,"play_id":"b9c13123-5e98-44e5-a02c-a718dd1b0393","local_time":"20191018204903","is_ascension_mode":true,"campfire_choices":[{"data":"Seeing Red","floor":6,"key":"SMITH"},{"data":"Uppercut","floor":8,"key":"SMITH"},{"data":"True Grit","floor":11,"key":"SMITH"},{"data":"Shockwave","floor":13,"key":"SMITH"},{"data":"Demon Form","floor":15,"key":"SMITH"}],"neow_cost":"TEN_PERCENT_HP_LOSS","seed_source_timestamp":348034611457700,"circlet_count":0,"master_deck":["AscendersBane","Strike_R+1","Strike_R+1","Strike_R+1","Defend_R+1","Defend_R+1","Defend_R+1","Defend_R+1","Bash","Shockwave+1","Seeing Red+1","Uppercut+1","Thunderclap","True Grit+1","Demon Form+1","Immolate","Headbutt+1","Pommel Strike"],"relics":["Burning Blood","Champion Belt","Torii","Du-Vu Doll","Mark of Pain"],"potions_floor_usage":[14,16,18,21],"damage_taken":[{"damage":9,"enemies":"Small Slimes","floor":1,"turns":4},{"damage":7,"enemies":"2 Louse","floor":2,"turns":4},{"damage":0,"enemies":"Cultist","floor":4,"turns":3},{"damage":0,"enemies":"Large Slime","floor":5,"turns":4},{"damage":9,"enemies":"3 Louse","floor":7,"turns":3},{"damage":18,"enemies":"Exordium Thugs","floor":10,"turns":6},{"damage":17,"enemies":"3 Sentries","floor":14,"turns":8},{"damage":21,"enemies":"Hexaghost","floor":16,"turns":8},{"damage":8,"enemies":"Chosen","floor":18,"turns":6},{"damage":0,"enemies":"3 Byrds","floor":21,"turns":5}],"seed_played":"4480615494956394400","potions_obtained":[{"floor":5,"key":"EssenceOfSteel"},{"floor":10,"key":"SkillPotion"},{"floor":14,"key":"Strength Potion"},{"floor":16,"key":"Block Potion"},{"floor":18,"key":"SneckoOil"}],"is_trial":false,"path_per_floor":["M","M","$","M","M","R","M","R","T","M","R","?","R","E","R","B",null,"M","$","?","M","$"],"character_chosen":"IRONCLAD","items_purchased":[],"campfire_rested":0,"item_purchase_floors":[],"current_hp_per_floor":[69,68,68,72,72,72,69,69,69,57,57,57,57,46,46,31,62,60,60,60,66,66],"gold":160,"neow_bonus":"ONE_RARE_RELIC","is_prod":false,"is_daily":false,"chose_seed":false,"campfire_upgraded":5,"win_rate":0,"timestamp":1571449743,"path_taken":["M","M","$","M","M","R","M","R","T","M","R","?","R","E","R","BOSS","M","$","?","M","$"],"build_version":"2019-07-17","purchased_purges":2,"victory":false,"max_hp_per_floor":[72,72,72,72,72,72,72,72,72,72,72,72,72,72,72,72,72,72,72,72,72,72],"card_choices":[{"not_picked":["Iron Wave","Shrug It Off"],"picked":"Shockwave","floor":1},{"not_picked":["Twin Strike","Warcry"],"picked":"Seeing Red","floor":2},{"not_picked":["Feel No Pain","True Grit"],"picked":"Uppercut","floor":4},{"not_picked":["Flex","Searing Blow","Rupture"],"picked":"SKIP","floor":5},{"not_picked":["Twin Strike","Whirlwind"],"picked":"Thunderclap","floor":7},{"not_picked":["Intimidate","Clash"],"picked":"True Grit","floor":10},{"not_picked":["Searing Blow","Power Through"],"picked":"Demon Form","floor":14},{"not_picked":["Fiend Fire","Offering"],"picked":"Immolate","floor":16},{"not_picked":["Clash","Searing Blow"],"picked":"Headbutt+1","floor":18},{"not_picked":["Wild Strike","Rage"],"picked":"Pommel Strike","floor":21}],"player_experience":882328,"relics_obtained":[{"floor":9,"key":"Torii"},{"floor":14,"key":"Du-Vu Doll"}],"event_choices":[{"damage_healed":0,"gold_gain":0,"player_choice":"Left Gold","damage_taken":0,"max_hp_gain":0,"max_hp_loss":0,"event_name":"World of Goop","floor":12,"gold_loss":26},{"damage_healed":0,"gold_gain":0,"player_choice":"Simplicity","damage_taken":0,"max_hp_gain":0,"max_hp_loss":0,"event_name":"Back to Basics","floor":20,"gold_loss":0,"cards_upgraded":["Strike_R","Strike_R","Strike_R","Defend_R","Defend_R","Defend_R","Defend_R"]}],"is_beta":false,"boss_relics":[{"not_picked":["Orrery","Black Star"],"picked":"Mark of Pain"}],"items_purged_floors":[3,19],"is_endless":false,"potions_floor_spawned":[5,10,14,16,18],"ascension_level":10}