{"path_per_floor":["M","T","$","M","$","R","E","R","T","E","R","M","$","E","R","B",null,"M","$","M","$","?","R","$","?","T","M","?","?","R","M","R","B",null,"M","M","?","?","?","$","R","M","T"],"character_chosen":"IRONCLAD","items_purchased":["Bag of Preparation","Calipers","Apotheosis"],"gold_per_floor":[110,163,13,25,25,25,60,60,87,120,120,130,130,165,165,270,270,290,290,310,11,11,11,11,11,38,57,57,57,57,67,67,168,168,188,198,198,198,198,8,8,19,43],"floor_reached":44,"campfire_rested":2,"playtime":3002,"current_hp_per_floor":[80,80,80,80,80,80,80,80,80,72,72,78,78,64,64,9,80,67,67,60,60,60,60,60,67,67,50,50,50,76,76,76,58,87,37,23,23,23,23,23,49,37,37],"items_purged":[],"gold":43,"score":445,"play_id":"68596e5c-6015-4ecf-82c6-9ca53ea981a1","local_time":"20180319224846","is_prod":false,"is_daily":false,"is_ascension_mode":false,"campfire_upgraded":6,"timestamp":1521517726,"path_taken":["M","?","$","?","$","R","E","R","T","E","R","M","$","E","R","BOSS","M","?","M","$","?","R","$","?","T","M","?","?","R","M","R","BOSS","M","M","?","?","?","$","R","M","T","M"],"build_version":"2018-03-15v3","purchased_purges":0,"victory":false,"master_deck":["Strike_R","Strike_R","Strike_R","Strike_R","Defend_R","Defend_R","Defend_R","Defend_R","Bash+1","Entrench+1","Pommel Strike","Rage+1","Rampage+1","Iron Wave","Demon Form+1","Pommel Strike+1","Pommel Strike+1","Inflame","Flex+1","Barricade+1","Double Tap","Flex","Apotheosis","Flex"],"max_hp_per_floor":[80,80,80,80,80,80,80,80,80,80,80,80,80,80,80,80,80,80,80,80,80,80,80,80,87,87,87,87,87,87,87,87,87,87,87,87,87,87,87,87,87,87,87],"relics":["Black Blood","NeowsBlessing","Ancient Tea Set","Bag of Preparation","Anchor","Pen Nib","Dream Catcher","Art of War","Calipers","Strawberry","Juzu Bracelet","Black Star","Bronze Scales"],"card_choices":[{"not_picked":["Armaments","Thunderclap"],"picked":"Entrench"},{"not_picked":["Disarm","Dark Embrace"],"picked":"Pommel Strike"},{"not_picked":["Dual Wield","Uppercut"],"picked":"Rage"},{"not_picked":["Shrug It Off","Infernal Blade"],"picked":"Rampage"},{"not_picked":["Shrug It Off","Armaments"],"picked":"Iron Wave"},{"not_picked":["Brutality","Juggernaut"],"picked":"Demon Form"},{"not_picked":["Intimidate","Heavy Blade"],"picked":"Pommel Strike"},{"not_picked":["Headbutt","Rage"],"picked":"Pommel Strike"},{"not_picked":["Iron Wave","Clothesline"],"picked":"Flex"},{"not_picked":["Spot Weakness","Wild Strike"],"picked":"Barricade"},{"not_picked":["Offering","Bludgeon"],"picked":"Double Tap"},{"not_picked":["Twin Strike","Whirlwind"],"picked":"Flex"},{"not_picked":["Clothesline","Burning Pact"],"picked":"Flex"}],"player_experience":207706,"potions_floor_usage":[18,35,44],"damage_taken":[{"damage":0,"enemies":"Cultist","floor":1,"turns":1},{"damage":0,"enemies":"Jaw Worm","floor":4,"turns":1},{"damage":0,"enemies":"Lagavulin","floor":7,"turns":1},{"damage":14,"enemies":"Gremlin Nob","floor":10,"turns":3},{"damage":0,"enemies":"2 Louse","floor":12,"turns":1},{"damage":20,"enemies":"3 Sentries","floor":14,"turns":10},{"damage":61,"enemies":"Hexaghost","floor":16,"turns":10},{"damage":23,"enemies":"3 Byrds","floor":18,"turns":7},{"damage":17,"enemies":"Shell Parasite","floor":20,"turns":5},{"damage":27,"enemies":"Centurion and Healer","floor":27,"turns":6},{"damage":10,"enemies":"Snecko","floor":31,"turns":4},{"damage":28,"enemies":"Champ","floor":33,"turns":8},{"damage":72,"enemies":"3 Darklings","floor":35,"turns":6},{"damage":24,"enemies":"3 Shapes","floor":36,"turns":10},{"damage":22,"enemies":"Maw","floor":42,"turns":7},{"damage":38,"enemies":"4 Shapes","floor":44,"turns":4}],"event_choices":[{"event_name":"The Library","player_choice":"Read","floor":22,"damage_taken":0},{"event_name":"The Mausoleum","player_choice":"Yes","floor":25,"damage_taken":0},{"event_name":"Beggar","player_choice":"Ignored","floor":28,"damage_taken":0},{"event_name":"Addict","player_choice":"Ignored","floor":29,"damage_taken":0},{"event_name":"Purifier","player_choice":"One Purge","floor":37,"damage_taken":0},{"event_name":"Tomb of Lord Red Mask","player_choice":"Ignored","floor":39,"damage_taken":0}],"boss_relics":[{"not_picked":["Philosopher\u0027s Stone","Mark of Pain"],"picked":"Black Blood"},{"not_picked":["Pandora\u0027s Box","White Beast Statue"],"picked":"Black Star"}],"potions_floor_spawned":[4,12,14,16,27,31,33,35,42],"seed_played":"7975974184664018402","killed_by":"4 Shapes","ascension_level":0,"is_trial":false}