{"gold_per_floor":[114,39,50,66,66,66,94,94,94,94,14,14,29,46,46,145,145,158,6,6,6,6,6,21,21,21,21],"floor_reached":27,"playtime":1780,"items_purged":["Strike_G","Defend_G"],"score":219,"play_id":"75d16f83-be91-4603-bfd1-ebb0c880ff5f","local_time":"20181002161131","is_ascension_mode":true,"campfire_choices":[{"data":"Storm of Steel","floor":6.0,"key":"SMITH"},{"data":"Defend_G","floor":8.0,"key":"SMITH"},{"data":"Defend_G","floor":10.0,"key":"SMITH"},{"floor":15.0,"key":"REST"},{"floor":23.0,"key":"REST"}],"neow_cost":"NONE","seed_source_timestamp":0,"circlet_count":0,"master_deck":["Defend_G+1","Defend_G+1","Defend_G","Defend_G","Strike_G","Strike_G","Survivor","Neutralize","Storm of Steel+1","Quick Slash","Crippling Poison","Crippling Poison","Infinite Blades","Backflip+1","Distraction+1","Apotheosis+1","Flying Knee+1"],"special_seed":0,"relics":["Ring of the Serpent","Toxic Egg 2","MutagenicStrength","Nloth\u0027s Gift","Dodecahedron"],"potions_floor_usage":[24],"damage_taken":[{"damage":0.0,"enemies":"Jaw Worm","floor":1.0,"turns":5.0},{"damage":0.0,"enemies":"Cultist","floor":3.0,"turns":3.0},{"damage":2.0,"enemies":"2 Louse","floor":4.0,"turns":3.0},{"damage":27.0,"enemies":"Lagavulin","floor":7.0,"turns":8.0},{"damage":0.0,"enemies":"Looter","floor":13.0,"turns":4.0},{"damage":0.0,"enemies":"Exordium Wildlife","floor":14.0,"turns":3.0},{"damage":40.0,"enemies":"Hexaghost","floor":16.0,"turns":14.0},{"damage":22.0,"enemies":"Spheric Guardian","floor":18.0,"turns":4.0},{"damage":21.0,"enemies":"Colosseum Slavers","floor":20.0,"turns":6.0},{"damage":3,"enemies":"Shell Parasite","floor":24,"turns":7},{"damage":26,"enemies":"Slavers","floor":27,"turns":4}],"seed_played":"2176171419553875325","potions_obtained":[{"floor":1.0,"key":"Energy Potion"},{"floor":13.0,"key":"Poison Potion"},{"floor":14.0,"key":"Dexterity Potion"},{"floor":18.0,"key":"Block Potion"},{"floor":24,"key":"SkillPotion"}],"is_trial":false,"path_per_floor":["M","$","M","M","?","R","E","R","T","R","$","?","M","M","R","B",null,"M","$","?","?","?","R","M","?","T"],"character_chosen":"THE_SILENT","items_purchased":["Apotheosis+1"],"campfire_rested":2,"item_purchase_floors":[19],"current_hp_per_floor":[70,70,70,68,68,68,41,41,41,41,41,41,41,41,62,22,70,48,48,27,27,27,48,45,45,45,19],"gold":21,"neow_bonus":"ONE_RANDOM_RARE_CARD","is_prod":false,"is_daily":false,"chose_seed":false,"campfire_upgraded":3,"win_rate":0,"timestamp":1538514691,"path_taken":["M","$","M","M","?","R","E","R","T","R","$","?","M","M","R","BOSS","M","$","?","?","?","R","?","?","T","E"],"build_version":"2018-09-27","purchased_purges":2,"victory":false,"max_hp_per_floor":[70,70,70,70,70,70,70,70,70,70,70,70,70,70,70,70,70,70,70,70,70,70,70,70,70,70,70],"card_choices":[{"not_picked":["Dodge and Roll","Dagger Spray"],"picked":"Quick Slash","floor":1.0},{"not_picked":["Outmaneuver","Calculated Gamble","Dagger Spray"],"picked":"SKIP","floor":3.0},{"not_picked":["Prepared","Flying Knee"],"picked":"Crippling Poison","floor":4.0},{"not_picked":["Slice","Acrobatics"],"picked":"Infinite Blades","floor":7.0},{"not_picked":["Caltrops","Infinite Blades"],"picked":"Backflip+1","floor":13.0},{"not_picked":["Quick Slash","Masterful Stab","All Out Attack"],"picked":"SKIP","floor":14.0},{"not_picked":["Choke+1","Deflect+1"],"picked":"Distraction+1","floor":18.0},{"not_picked":["Blade Dance+1","Backflip+1"],"picked":"Flying Knee+1","floor":24}],"player_experience":351582,"relics_obtained":[{"floor":7.0,"key":"Toxic Egg 2"},{"floor":9.0,"key":"The Courier"},{"floor":26,"key":"Dodecahedron"}],"event_choices":[{"event_name":"Transmorgrifier","player_choice":"Transform","floor":5.0,"damage_taken":0.0},{"event_name":"Liars Game","player_choice":"disagreed","floor":12.0,"damage_taken":0.0},{"event_name":"Colosseum","player_choice":"Fight","floor":20.0,"damage_taken":0.0},{"event_name":"Colosseum","player_choice":"Fled From Nobs","floor":20.0,"damage_taken":0.0},{"event_name":"Drug Dealer","player_choice":"Inject Mutagens","floor":21.0,"damage_taken":0.0},{"event_name":"N\u0027loth","player_choice":"Traded a The Courier","floor":22.0,"damage_taken":0.0},{"event_name":"Back to Basics","player_choice":"Elegance","floor":25,"damage_taken":0}],"is_beta":false,"boss_relics":[{"not_picked":["HoveringKite","Tiny House"],"picked":"Ring of the Serpent"}],"items_purged_floors":[2,11],"is_endless":false,"potions_floor_spawned":[1,13,14,18,20,24],"killed_by":"Slavers","ascension_level":1}