{"gold_per_floor":[12,12,12,12,12,12,47,66,66,25,25,45,45,45,45,164,164,183,183,203,228,228,228,241,241],"floor_reached":25,"playtime":1320,"items_purged":[],"score":289,"play_id":"e6e7cd06-3803-4940-b456-2203cdb5ecd2","local_time":"20191012213724","is_ascension_mode":true,"campfire_choices":[{"floor":6,"key":"REST"},{"data":"Glacier","floor":11,"key":"SMITH"},{"data":"Streamline","floor":15,"key":"SMITH"},{"data":"Buffer","floor":23,"key":"SMITH"}],"neow_cost":"NO_GOLD","seed_source_timestamp":238381581759700,"circlet_count":0,"master_deck":["Strike_B","Strike_B","Defend_B","Defend_B","Defend_B","Zap+1","Dualcast+1","Sweeping Beam+1","Streamline+1","Sunder","Glacier+1","Buffer+1","Reprogram","Glacier"],"relics":["Cracked Core","Golden Idol","StoneCalendar","Du-Vu Doll","NlothsMask","Inserter"],"potions_floor_usage":[16,18],"damage_taken":[{"damage":2,"enemies":"Jaw Worm","floor":1,"turns":3},{"damage":22,"enemies":"Gremlin Nob","floor":7,"turns":4},{"damage":0,"enemies":"Small Slimes","floor":8,"turns":2},{"damage":0,"enemies":"2 Louse","floor":12,"turns":1},{"damage":13,"enemies":"Slime Boss","floor":16,"turns":6},{"damage":8,"enemies":"Spheric Guardian","floor":18,"turns":5},{"damage":8,"enemies":"3 Byrds","floor":20,"turns":6},{"damage":15,"enemies":"Centurion and Healer","floor":21,"turns":8},{"damage":14,"enemies":"Shelled Parasite and Fungi","floor":24,"turns":7},{"damage":0,"enemies":"Snake Plant","floor":25,"turns":1}],"seed_played":"-4535512587117583322","potions_obtained":[{"floor":7,"key":"Poison Potion"},{"floor":16,"key":"SkillPotion"},{"floor":18,"key":"Ancient Potion"},{"floor":21,"key":"PowerPotion"},{"floor":22,"key":"Strength Potion"}],"is_trial":false,"path_per_floor":["M","?","?","?","?","R","E","M","T","$","R","M","?","$","R","B",null,"M","?","M","M","?","R","M","M"],"character_chosen":"DEFECT","items_purchased":["Glacier"],"campfire_rested":1,"item_purchase_floors":[10],"current_hp_per_floor":[66,66,52,45,45,65,43,43,43,43,43,43,43,43,43,30,59,51,51,43,28,28,28,14,14],"gold":241,"neow_bonus":"REMOVE_TWO","is_prod":false,"is_daily":false,"chose_seed":false,"campfire_upgraded":3,"win_rate":0,"timestamp":1570934244,"path_taken":["M","?","?","?","?","R","E","?","T","$","R","M","?","?","R","BOSS","M","?","M","M","?","R","M","?"],"build_version":"2019-07-17","purchased_purges":0,"victory":false,"max_hp_per_floor":[75,69,69,69,69,69,69,69,69,69,69,69,69,69,69,69,69,69,69,69,69,69,69,69,69],"card_choices":[{"not_picked":["Compile Driver","Storm"],"picked":"Sweeping Beam","floor":1},{"not_picked":["Coolheaded","Chaos"],"picked":"Streamline","floor":7},{"not_picked":["Compile Driver","Reinforced Body"],"picked":"Sunder","floor":8},{"not_picked":["Rip and Tear","Beam Cell","Stack"],"picked":"SKIP","floor":12},{"not_picked":["Creative AI","Machine Learning"],"picked":"Buffer","floor":16},{"not_picked":["White Noise","Go for the Eyes"],"picked":"Reprogram","floor":18},{"not_picked":["Blizzard","Static Discharge"],"picked":"Glacier","floor":20},{"not_picked":["Gash","Steam+1","Go for the Eyes"],"picked":"SKIP","floor":21},{"not_picked":["Multi-Cast","Go for the Eyes+1","Hello World+1"],"picked":"SKIP","floor":24}],"player_experience":830154,"relics_obtained":[{"floor":7,"key":"StoneCalendar"},{"floor":9,"key":"Du-Vu Doll"}],"event_choices":[{"damage_healed":0,"gold_gain":0,"player_choice":"Lose Max HP","damage_taken":0,"relics_obtained":["Golden Idol"],"max_hp_gain":0,"max_hp_loss":6,"event_name":"Golden Idol","floor":2,"gold_loss":0},{"damage_healed":0,"gold_gain":0,"player_choice":"Entered Light","damage_taken":14,"max_hp_gain":0,"max_hp_loss":0,"event_name":"Shining Light","floor":3,"gold_loss":0,"cards_upgraded":["Zap","Sweeping Beam"]},{"cards_removed":["Defend_B"],"damage_healed":0,"gold_gain":0,"player_choice":"Card Removal","damage_taken":7,"max_hp_gain":0,"max_hp_loss":0,"event_name":"Golden Wing","floor":4,"gold_loss":0},{"damage_healed":0,"gold_gain":0,"player_choice":"Forge","damage_taken":0,"max_hp_gain":0,"max_hp_loss":0,"event_name":"Accursed Blacksmith","floor":5,"gold_loss":0,"cards_upgraded":["Dualcast"]},{"damage_healed":0,"gold_gain":0,"player_choice":"Trade","damage_taken":0,"relics_obtained":["NlothsMask"],"max_hp_gain":0,"max_hp_loss":0,"event_name":"FaceTrader","floor":13,"gold_loss":0},{"damage_healed":0,"gold_gain":0,"player_choice":"Ignored","damage_taken":0,"max_hp_gain":0,"max_hp_loss":0,"event_name":"Ghosts","floor":19,"gold_loss":0},{"damage_healed":0,"gold_gain":0,"player_choice":"Got Potions","damage_taken":0,"max_hp_gain":0,"max_hp_loss":0,"event_name":"Lab","floor":22,"gold_loss":0}],"is_beta":false,"boss_relics":[{"not_picked":["Velvet Choker","Lizard Tail"],"picked":"Inserter"}],"items_purged_floors":[],"is_endless":false,"potions_floor_spawned":[7,16,18,21],"killed_by":"Snake Plant","ascension_level":9}