{"gold_per_floor":[15,32,32,32,50,50,105,105,152,152,152,166,176,191,191,288,338,356,376,291,341,353,353,353],"floor_reached":24,"playtime":1114,"items_purged":[],"score":277,"play_id":"2348376c-1cd8-4ab1-b560-9848a45cf9ce","local_time":"20191005202817","is_ascension_mode":true,"campfire_choices":[{"data":"Beam Cell","floor":6,"key":"SMITH"},{"data":"Coolheaded","floor":8,"key":"SMITH"},{"data":"Dualcast","floor":11,"key":"SMITH"},{"data":"Undo","floor":15,"key":"SMITH"},{"data":"Undo","floor":23,"key":"SMITH"}],"neow_cost":"NO_GOLD","seed_source_timestamp":153035105136500,"circlet_count":0,"master_deck":["Strike_B","Strike_B","Strike_B","Defend_B","Defend_B+1","Defend_B","Zap+1","Dualcast+1","Core Surge","Beam Cell+1","Cold Snap","Ball Lightning","Coolheaded+1","Decay","Undo+1","All For One","Static Discharge","Doom and Gloom+1","Undo+1"],"relics":["Cracked Core","Dream Catcher","Tiny Chest","Regal Pillow","Tiny House","Boot","Bag of Preparation"],"potions_floor_usage":[16,22,24],"damage_taken":[{"damage":2,"enemies":"Jaw Worm","floor":1,"turns":2},{"damage":0,"enemies":"2 Louse","floor":2,"turns":1},{"damage":0,"enemies":"Cultist","floor":5,"turns":2},{"damage":16,"enemies":"Gremlin Nob","floor":7,"turns":3},{"damage":6,"enemies":"3 Louse","floor":12,"turns":3},{"damage":6,"enemies":"Blue Slaver","floor":13,"turns":2},{"damage":12,"enemies":"Exordium Thugs","floor":14,"turns":3},{"damage":7,"enemies":"Slime Boss","floor":16,"turns":9},{"damage":19,"enemies":"3 Byrds","floor":18,"turns":4},{"damage":0,"enemies":"Chosen","floor":19,"turns":4},{"damage":13,"enemies":"Snecko","floor":22,"turns":4},{"damage":41,"enemies":"Book of Stabbing","floor":24,"turns":3}],"seed_played":"586913320365055437","potions_obtained":[{"floor":7,"key":"AttackPotion"},{"floor":12,"key":"Energy Potion"},{"floor":13,"key":"Strength Potion"},{"floor":17,"key":"GamblersBrew"},{"floor":22,"key":"FocusPotion"}],"is_trial":false,"path_per_floor":["M","M","?","?","M","R","E","R","T","?","R","M","M","M","R","B",null,"M","M","?","T","M","R","E"],"character_chosen":"DEFECT","items_purchased":[],"campfire_rested":0,"item_purchase_floors":[],"current_hp_per_floor":[66,66,66,59,59,59,43,43,43,43,43,37,31,19,19,12,64,45,45,45,45,32,32,0],"gold":353,"neow_bonus":"TRANSFORM_TWO_CARDS","is_prod":false,"is_daily":false,"chose_seed":false,"campfire_upgraded":5,"win_rate":0,"timestamp":1570325297,"path_taken":["M","M","?","?","M","R","E","R","T","?","R","M","?","M","R","BOSS","M","M","?","?","M","R","E"],"build_version":"2019-07-17","purchased_purges":0,"victory":false,"max_hp_per_floor":[75,75,75,75,75,75,75,75,75,75,75,75,75,75,75,75,80,80,80,80,80,80,80,80],"card_choices":[{"not_picked":["Gash","Turbo"],"picked":"Cold Snap","floor":1},{"not_picked":["Lockon","Heatsinks"],"picked":"Ball Lightning","floor":2},{"not_picked":["Ball Lightning","Gash"],"picked":"Coolheaded","floor":5},{"not_picked":["Coolheaded","Storm","Hyperbeam"],"picked":"SKIP","floor":7},{"not_picked":["Sweeping Beam","Compile Driver","Melter"],"picked":"SKIP","floor":12},{"not_picked":["Rebound","Loop","Ball Lightning"],"picked":"SKIP","floor":13},{"not_picked":["Reprogram","FTL"],"picked":"Undo","floor":14},{"not_picked":["Amplify","Rainbow"],"picked":"All For One","floor":16},{"not_picked":["Ball Lightning","Beam Cell"],"picked":"Static Discharge","floor":17},{"not_picked":["Steam","Gash"],"picked":"Doom and Gloom+1","floor":18},{"not_picked":["Skim","Cold Snap","Genetic Algorithm"],"picked":"SKIP","floor":19},{"not_picked":["Fusion","Steam"],"picked":"Undo","floor":22}],"player_experience":790502,"relics_obtained":[{"floor":7,"key":"Tiny Chest"},{"floor":9,"key":"Regal Pillow"},{"floor":21,"key":"Bag of Preparation"}],"event_choices":[{"damage_healed":0,"gold_gain":0,"player_choice":"Grow","damage_taken":0,"max_hp_gain":0,"max_hp_loss":0,"event_name":"Living Wall","floor":3,"gold_loss":0,"cards_upgraded":["Zap"]},{"damage_healed":0,"gold_gain":0,"player_choice":"Success","damage_taken":7,"relics_obtained":["Dream Catcher"],"max_hp_gain":0,"max_hp_loss":0,"event_name":"Scrap Ooze","floor":4,"gold_loss":0},{"damage_healed":0,"gold_gain":0,"player_choice":"Cursed","damage_taken":0,"max_hp_gain":0,"max_hp_loss":0,"event_name":"Wheel of Change","floor":10,"gold_loss":0,"cards_obtained":["Decay"]},{"damage_healed":0,"gold_gain":0,"player_choice":"Obtained Relic","damage_taken":0,"relics_obtained":["Boot"],"max_hp_gain":0,"max_hp_loss":0,"event_name":"Addict","floor":20,"gold_loss":85}],"is_beta":false,"boss_relics":[{"not_picked":["Coffee Dripper","Velvet Choker"],"picked":"Tiny House"}],"items_purged_floors":[],"is_endless":false,"potions_floor_spawned":[7,12,13,14,22],"killed_by":"Book of Stabbing","ascension_level":8}