{"gold_per_floor":[109,128,128,2,13,38,38,38,120,20,38,63,77,92,92,92],"floor_reached":16,"playtime":1123,"items_purged":["Strike_B","Injury"],"score":114,"play_id":"ec033dbb-dad6-4caf-8b44-9e8c0e98cc69","local_time":"20181019193455","is_ascension_mode":true,"campfire_choices":[{"floor":15,"key":"REST"}],"neow_cost":"NONE","seed_source_timestamp":13737233502419,"circlet_count":0,"master_deck":["Strike_B","Strike_B","Strike_B","Defend_B","Defend_B","Defend_B","Defend_B","Zap","Dualcast","Self Repair","Consume","Leap","Sweeping Beam","Glacier","Seek","BootSequence","Redo"],"relics":["Cracked Core","NeowsBlessing","Pen Nib","Ginger","Golden Idol","Bottled Flame"],"potions_floor_usage":[11,12,13],"damage_taken":[{"damage":0,"enemies":"2 Louse","floor":1,"turns":1},{"damage":0,"enemies":"Cultist","floor":2,"turns":1},{"damage":0,"enemies":"Small Slimes","floor":5,"turns":1},{"damage":51,"enemies":"3 Sentries","floor":6,"turns":16},{"damage":9,"enemies":"2 Fungi Beasts","floor":11,"turns":2},{"damage":12,"enemies":"Large Slime","floor":12,"turns":10},{"damage":0,"enemies":"Red Slaver","floor":13,"turns":4},{"damage":0,"enemies":"Lots of Slimes","floor":14,"turns":3},{"damage":53,"enemies":"Slime Boss","floor":16,"turns":9}],"seed_played":"6806999036215818653","potions_obtained":[{"floor":1,"key":"FearPotion"},{"floor":11,"key":"SkillPotion"},{"floor":12,"key":"AttackPotion"},{"floor":13,"key":"FocusPotion"}],"is_trial":false,"path_per_floor":["M","M","?","$","M","E","?","?","T","$","M","M","M","M","R"],"character_chosen":"DEFECT","items_purchased":["Leap"],"campfire_rested":1,"item_purchase_floors":[4],"current_hp_per_floor":[75,75,68,68,68,24,24,29,29,29,20,15,22,29,53,0],"gold":92,"neow_bonus":"THREE_ENEMY_KILL","is_prod":false,"is_daily":false,"chose_seed":false,"campfire_upgraded":0,"win_rate":0,"timestamp":1539995695,"path_taken":["M","M","?","$","?","E","?","?","T","$","M","?","M","?","R","BOSS"],"build_version":"2018-10-18","purchased_purges":2,"victory":false,"max_hp_per_floor":[75,75,75,75,75,75,75,80,80,80,80,80,80,80,80,80],"card_choices":[{"not_picked":["Gash","Turbo"],"picked":"Self Repair","floor":1},{"not_picked":["Turbo","Reprogram"],"picked":"Consume","floor":2},{"not_picked":["Stack","Gash","Beam Cell"],"picked":"SKIP","floor":5},{"not_picked":["Turbo","Leap"],"picked":"Sweeping Beam","floor":6},{"not_picked":["Leap","Streamline"],"picked":"Glacier","floor":11},{"not_picked":["Go for the Eyes","Redo"],"picked":"Seek","floor":12},{"not_picked":["Leap","Beam Cell"],"picked":"BootSequence","floor":13},{"not_picked":["Conserve Battery","Coolheaded"],"picked":"Redo","floor":14}],"player_experience":444508,"relics_obtained":[{"floor":6,"key":"Ginger"},{"floor":9,"key":"Bottled Flame"}],"event_choices":[{"damage_healed":0,"gold_gain":0,"player_choice":"Success","damage_taken":7,"relics_obtained":["Pen Nib"],"max_hp_gain":0,"max_hp_loss":0,"event_name":"Scrap Ooze","floor":3,"gold_loss":0},{"damage_healed":0,"gold_gain":0,"player_choice":"Take Wound","damage_taken":0,"relics_obtained":["Golden Idol"],"max_hp_gain":0,"max_hp_loss":0,"event_name":"Golden Idol","floor":7,"gold_loss":0,"cards_obtained":["Injury"]},{"damage_healed":0,"gold_gain":0,"player_choice":"Donut","damage_taken":0,"max_hp_gain":5,"max_hp_loss":0,"event_name":"Big Fish","floor":8,"gold_loss":0}],"is_beta":false,"boss_relics":[],"items_purged_floors":[4,10],"is_endless":false,"potions_floor_spawned":[1,11,12,13],"killed_by":"Slime Boss","ascension_level":2}