{"gold_per_floor":[117,128,16,34,59,85,85,100,100,111,111,111,141,41,41,140,140,150,25,25,39,39,66,81,81,105,105,134,134,134,134,134,230,230,244,244,55,68,68],"floor_reached":39,"playtime":2195,"items_purged":["Strike_G","Defend_G","Unload","Strike_G"],"score":446,"play_id":"e3bc990a-0d17-4d2e-ab22-a3adfe7d9b10","local_time":"20181003002316","is_ascension_mode":true,"campfire_choices":[{"data":"Defend_G","floor":7,"key":"SMITH"},{"floor":15,"key":"REST"},{"data":"Defend_G","floor":25,"key":"SMITH"},{"data":"Defend_G","floor":27,"key":"SMITH"},{"floor":32,"key":"REST"}],"neow_cost":"NONE","seed_source_timestamp":1145438860366957,"circlet_count":0,"master_deck":["Defend_G+1","Defend_G+1","Defend_G+1","Defend_G+1","Strike_G","Survivor","Neutralize","Quick Slash","Deadly Poison","Noxious Fumes","Dagger Spray","Bane","Concentrate","Dodge and Roll+1","Tactician","Writhe","Leg Sweep+1","Madness","Madness","Footwork"],"relics":["Ring of the Snake","Art of War","Lantern","Darkstone Periapt","Pen Nib","Runic Pyramid","Regal Pillow","PreservedInsect","Kunai","Shuriken","Black Star"],"potions_floor_usage":[8,24,24],"damage_taken":[{"damage":0,"enemies":"Cultist","floor":1,"turns":3},{"damage":1,"enemies":"Small Slimes","floor":2,"turns":4},{"damage":0,"enemies":"2 Louse","floor":4,"turns":3},{"damage":18,"enemies":"Gremlin Nob","floor":6,"turns":5},{"damage":1,"enemies":"2 Fungi Beasts","floor":8,"turns":3},{"damage":0,"enemies":"Looter","floor":10,"turns":4},{"damage":11,"enemies":"Lagavulin","floor":13,"turns":6},{"damage":19,"enemies":"The Guardian","floor":16,"turns":11},{"damage":0,"enemies":"Spheric Guardian","floor":18,"turns":5},{"damage":0,"enemies":"Shell Parasite","floor":21,"turns":5},{"damage":11,"enemies":"Book of Stabbing","floor":23,"turns":7},{"damage":6,"enemies":"Snake Plant","floor":24,"turns":5},{"damage":13,"enemies":"Gremlin Leader","floor":28,"turns":5},{"damage":69,"enemies":"Automaton","floor":33,"turns":13},{"damage":2,"enemies":"Orb Walker","floor":35,"turns":4},{"damage":36,"enemies":"3 Shapes","floor":38,"turns":5},{"damage":0,"enemies":"Maw","floor":39,"turns":2}],"seed_played":"-8193370823824770243","potions_obtained":[{"floor":6,"key":"Fire Potion"},{"floor":10,"key":"Poison Potion"},{"floor":13,"key":"Fire Potion"},{"floor":16,"key":"Regen Potion"},{"floor":23,"key":"Block Potion"},{"floor":38,"key":"LiquidBronze"}],"is_trial":false,"path_per_floor":["M","M","$","M","T","E","R","M","T","M","?","?","E","$","R","B",null,"M","$","?","M","$","E","M","R","T","R","E","?","?","$","R","B",null,"M","?","$","M"],"character_chosen":"THE_SILENT","items_purchased":["Noxious Fumes","Footwork"],"campfire_rested":2,"item_purchase_floors":[3,37],"current_hp_per_floor":[70,69,69,69,69,51,51,50,50,50,50,43,32,32,53,34,70,70,70,70,70,70,59,53,53,53,53,40,40,46,46,76,7,76,74,64,64,28,28],"gold":68,"neow_bonus":"UPGRADE_CARD","is_prod":false,"is_daily":false,"chose_seed":false,"campfire_upgraded":3,"win_rate":0,"timestamp":1538544196,"path_taken":["M","M","$","M","?","E","R","M","T","M","?","?","E","$","R","BOSS","M","$","?","M","?","E","?","R","T","R","E","?","?","$","R","BOSS","M","?","$","M","?"],"build_version":"2018-09-27","purchased_purges":4,"victory":false,"max_hp_per_floor":[70,70,70,70,70,70,70,70,70,70,70,70,70,70,70,70,70,70,70,70,70,70,70,70,70,70,70,70,70,76,76,76,76,76,76,76,76,76,76],"card_choices":[{"not_picked":["Blur","Dash"],"picked":"Quick Slash","floor":1},{"not_picked":["Dash","Slice"],"picked":"Deadly Poison","floor":2},{"not_picked":["Acrobatics","Dagger Throw","Flying Knee"],"picked":"SKIP","floor":4},{"not_picked":["Predator","Bouncing Flask"],"picked":"Dagger Spray","floor":6},{"not_picked":["Sucker Punch","Cloak And Dagger","Dagger Throw"],"picked":"SKIP","floor":8},{"not_picked":["Catalyst","Distraction","Eviscerate"],"picked":"SKIP","floor":10},{"not_picked":["Eviscerate","Distraction","Dash"],"picked":"SKIP","floor":13},{"not_picked":["Tools of the Trade","Burst"],"picked":"Unload","floor":16},{"not_picked":["Slice","Deflect+1"],"picked":"Bane","floor":18},{"not_picked":["Expertise","Backstab","Flying Knee"],"picked":"SKIP","floor":21},{"not_picked":["Bouncing Flask","Infinite Blades"],"picked":"Concentrate","floor":23},{"not_picked":["Slice+1","Choke"],"picked":"Dodge and Roll+1","floor":24},{"not_picked":["Masterful Stab","Flying Knee","Adrenaline"],"picked":"SKIP","floor":28},{"not_picked":["Poisoned Stab+1","PiercingWail"],"picked":"Leg Sweep+1","floor":35},{"not_picked":["Backflip","Cloak And Dagger","Accuracy"],"picked":"SKIP","floor":38}],"player_experience":356478,"relics_obtained":[{"floor":5,"key":"Art of War"},{"floor":6,"key":"Lantern"},{"floor":9,"key":"Darkstone Periapt"},{"floor":13,"key":"Pen Nib"},{"floor":23,"key":"Regal Pillow"},{"floor":26,"key":"PreservedInsect"},{"floor":28,"key":"Kunai"}],"event_choices":[{"event_name":"Living Wall","player_choice":"Forget","floor":11,"damage_taken":0},{"event_name":"Golden Wing","player_choice":"Card Removal","floor":12,"damage_taken":0},{"event_name":"Cursed Tome","player_choice":"Ignored","floor":20,"damage_taken":0},{"event_name":"The Library","player_choice":"Read","floor":29,"damage_taken":0},{"event_name":"The Mausoleum","player_choice":"Yes","floor":30,"damage_taken":0},{"event_name":"Winding Halls","player_choice":"Embrace Madness","floor":36,"damage_taken":0}],"is_beta":false,"boss_relics":[{"not_picked":["HoveringKite","Velvet Choker"],"picked":"Runic Pyramid"},{"not_picked":["Eternal Feather","Philosopher\u0027s Stone"],"picked":"Black Star"}],"items_purged_floors":[3,14,19,37],"is_endless":false,"potions_floor_spawned":[6,10,13,16,21,23,38],"killed_by":"Maw","ascension_level":1}