{"gold_per_floor":[115,129,129,140,120,120,130,155,237,262,262,277,135,135,135,237,237,257,257,257,84,97,97,97,97,97,97,114,114,132,7,7,103,103,119,119,137,137,154,154,172,184,184,34,50,60,70,90,90,90],"floor_reached":50,"playtime":3995,"items_purged":["Decay","Strike_G","Strike_G","Defend_G"],"score":524,"play_id":"1bd77ab1-4101-475c-83b0-03f82fa727c8","local_time":"20181011213609","is_ascension_mode":true,"campfire_choices":[{"data":"Calculated Gamble","floor":6.0,"key":"SMITH"},{"data":"Glass Knife","floor":15,"key":"SMITH"},{"data":"Defend_G","floor":23,"key":"SMITH"},{"data":"Terror","floor":25,"key":"SMITH"},{"data":"Backflip","floor":27,"key":"SMITH"},{"data":"Defend_G","floor":29,"key":"SMITH"},{"data":"Defend_G","floor":32,"key":"SMITH"},{"floor":40,"key":"REST"},{"floor":49,"key":"REST"}],"neow_cost":"NONE","seed_source_timestamp":0,"circlet_count":0,"master_deck":["Defend_G+1","Defend_G+1","Defend_G+1","Strike_G","Strike_G","Survivor","Neutralize","Flying Knee","Dagger Throw","Calculated Gamble+1","Backflip+1","Glass Knife+1","Acrobatics","Terror+1","Well Laid Plans","After Image","Quick Slash+1","Flechettes+1","Slice+1","Masterful Stab+1","Storm of Steel","Backstab+1","Footwork","Adrenaline","Prepared+1","Blade Dance+1"],"special_seed":0,"relics":["Ring of the Serpent","Tough Bandages","Molten Egg 2","Art of War","Bottled Flame","WristBlade","Gambling Chip","Vajra"],"potions_floor_usage":[16,30,42,48,50,50],"damage_taken":[{"damage":0.0,"enemies":"2 Louse","floor":1.0,"turns":5.0},{"damage":1.0,"enemies":"Jaw Worm","floor":2.0,"turns":3.0},{"damage":0.0,"enemies":"Cultist","floor":4.0,"turns":3.0},{"damage":0.0,"enemies":"Exordium Wildlife","floor":7.0,"turns":4.0},{"damage":13.0,"enemies":"Gremlin Nob","floor":8.0,"turns":5.0},{"damage":5.0,"enemies":"3 Sentries","floor":10.0,"turns":9.0},{"damage":2.0,"enemies":"Red Slaver","floor":12.0,"turns":3.0},{"damage":15,"enemies":"The Guardian","floor":16,"turns":10},{"damage":0,"enemies":"Chosen","floor":18,"turns":5},{"damage":1,"enemies":"Spheric Guardian","floor":22,"turns":3},{"damage":0,"enemies":"Centurion and Healer","floor":28,"turns":4},{"damage":0,"enemies":"Snake Plant","floor":30,"turns":3},{"damage":53,"enemies":"Collector","floor":33,"turns":12},{"damage":0,"enemies":"Orb Walker","floor":35,"turns":3},{"damage":10,"enemies":"3 Darklings","floor":37,"turns":7},{"damage":17,"enemies":"Mind Bloom Boss Battle","floor":38,"turns":5},{"damage":0,"enemies":"Reptomancer","floor":39,"turns":4},{"damage":0,"enemies":"Spire Growth","floor":41,"turns":2},{"damage":0,"enemies":"Sphere and 2 Shapes","floor":42,"turns":4},{"damage":0,"enemies":"Transient","floor":45,"turns":5},{"damage":13,"enemies":"3 Darklings","floor":46,"turns":5},{"damage":2,"enemies":"4 Shapes","floor":47,"turns":6},{"damage":0,"enemies":"Maw","floor":48,"turns":6},{"damage":85,"enemies":"Time Eater","floor":50,"turns":13}],"seed_played":"-7939953556227291739","potions_obtained":[{"floor":4.0,"key":"GhostInAJar"},{"floor":5.0,"key":"EntropicBrew"},{"floor":7.0,"key":"AttackPotion"},{"floor":18,"key":"SpeedPotion"},{"floor":37,"key":"Energy Potion"},{"floor":45,"key":"Weak Potion"}],"is_trial":false,"path_per_floor":["M","M","?","M","?","R","M","E","T","E","?","M","$","?","R","B",null,"M","?","?","$","M","R","?","R","T","R","M","R","M","$","R","B",null,"M","$","M","?","M","R","M","M","T","$","M","M","M","M","R"],"character_chosen":"THE_SILENT","items_purchased":["Well Laid Plans","Flechettes+1"],"campfire_rested":2,"item_purchase_floors":[13,21],"current_hp_per_floor":[70,69,74,74,74,74,74,61,61,56,56,54,54,47,47,32,75,75,61,61,61,60,60,65,65,65,65,65,65,65,65,65,12,80,80,80,70,53,53,77,77,77,77,77,77,64,62,62,80,0],"gold":90,"neow_bonus":"TRANSFORM_CARD","is_prod":false,"is_daily":false,"chose_seed":false,"campfire_upgraded":7,"win_rate":0,"timestamp":1539311769,"path_taken":["M","M","?","M","?","R","?","E","T","E","?","M","$","?","R","BOSS","M","?","?","$","?","R","?","R","T","R","M","R","M","?","R","BOSS","M","$","M","?","M","R","M","M","T","$","M","?","M","M","R","BOSS"],"build_version":"2018-10-11","purchased_purges":4,"victory":false,"max_hp_per_floor":[70,70,75,75,75,75,75,75,75,75,75,75,75,75,75,75,75,75,80,80,80,80,80,80,80,80,80,80,80,80,80,80,80,80,80,80,80,80,80,80,80,80,80,80,80,80,80,80,80,80],"card_choices":[{"not_picked":["Underhanded Strike","Bane"],"picked":"Flying Knee","floor":1.0},{"not_picked":["Dagger Spray","Prepared"],"picked":"Dagger Throw","floor":2.0},{"not_picked":["Setup","Outmaneuver"],"picked":"Calculated Gamble","floor":4.0},{"not_picked":["Quick Slash","Reflex"],"picked":"Backflip","floor":7.0},{"not_picked":["Expertise","Choke"],"picked":"Glass Knife","floor":8.0},{"not_picked":["Choke+1","Dagger Spray+1"],"picked":"Acrobatics","floor":10.0},{"not_picked":["Sucker Punch+1","Noxious Fumes"],"picked":"Terror","floor":12.0},{"not_picked":["Doppelganger","Burst"],"picked":"After Image","floor":16},{"not_picked":["Caltrops","Blur"],"picked":"Quick Slash+1","floor":18},{"not_picked":["Flying Knee+1","Dagger Spray+1"],"picked":"Slice+1","floor":22},{"not_picked":["Backflip","Dagger Throw+1","Choke+1"],"picked":"SKIP","floor":28},{"not_picked":["Backflip+1","Flying Knee+1"],"picked":"Masterful Stab+1","floor":30},{"not_picked":["Die Die Die+1","Phantasmal Killer"],"picked":"Storm of Steel","floor":33},{"not_picked":["PiercingWail+1","Bane+1","Flechettes+1"],"picked":"SKIP","floor":35},{"not_picked":["Cloak And Dagger+1","Heel Hook+1","Dodge and Roll"],"picked":"SKIP","floor":37},{"not_picked":["Acrobatics","Concentrate"],"picked":"Backstab+1","floor":38},{"not_picked":["Cloak And Dagger","Dodge and Roll"],"picked":"Footwork","floor":39},{"not_picked":["Tactician","Crippling Poison","Predator+1"],"picked":"SKIP","floor":41},{"not_picked":["Backstab+1","Cloak And Dagger"],"picked":"Adrenaline","floor":42},{"not_picked":["Finisher+1","Dagger Spray+1","Concentrate+1"],"picked":"SKIP","floor":45},{"not_picked":["Underhanded Strike+1","Poisoned Stab+1"],"picked":"Prepared+1","floor":46},{"not_picked":["Predator+1","Distraction"],"picked":"Blade Dance+1","floor":47},{"not_picked":["Outmaneuver","Distraction","Endless Agony+1"],"picked":"SKIP","floor":48}],"player_experience":432056,"relics_obtained":[{"floor":8.0,"key":"Tough Bandages"},{"floor":9.0,"key":"Molten Egg 2"},{"floor":10.0,"key":"Art of War"},{"floor":26,"key":"Bottled Flame"},{"floor":38,"key":"Gambling Chip"},{"floor":43,"key":"Vajra"}],"event_choices":[{"event_name":"Big Fish","player_choice":"Donut","floor":3.0,"damage_taken":0.0},{"event_name":"The Woman in Blue","player_choice":"Bought 1 Potion","floor":5.0,"damage_taken":0.0},{"event_name":"Wheel of Change","player_choice":"Curse","floor":11.0,"damage_taken":0.0},{"event_name":"Golden Wing","player_choice":"Card Removal","floor":14,"damage_taken":0},{"event_name":"Forgotten Altar","player_choice":"Shed Blood","floor":19,"damage_taken":0},{"event_name":"Vampires","player_choice":"Ignored","floor":20,"damage_taken":0},{"event_name":"Bonfire Elementals","player_choice":"COMMON","floor":24,"damage_taken":0},{"event_name":"MindBloom","player_choice":"Fight","floor":38,"damage_taken":0}],"is_beta":false,"boss_relics":[{"not_picked":["Busted Crown","Runic Dome"],"picked":"Ring of the Serpent"},{"not_picked":["Runic Pyramid","Pandora\u0027s Box"],"picked":"WristBlade"}],"items_purged_floors":[13,21,31,44],"is_endless":false,"potions_floor_spawned":[4,7,10,12,18,22,37,41,45],"killed_by":"Time Eater","ascension_level":3}