{"gold_per_floor":[116,291,291,241,37,68,81,81],"floor_reached":8,"playtime":577,"items_purged":[],"score":76,"play_id":"9d477ae1-348b-4a94-afe1-648294479b0a","local_time":"20190223163031","is_ascension_mode":true,"campfire_choices":[],"neow_cost":"NONE","seed_source_timestamp":82276865962324,"circlet_count":0,"master_deck":["Strike_R","Strike_R","Strike_R","Strike_R","Defend_R","Defend_R","Defend_R","Defend_R","Bash","Double Tap","Iron Wave","Battle Trance"],"relics":["Burning Blood","Frozen Eye","Darkstone Periapt"],"potions_floor_usage":[8,8],"damage_taken":[{"damage":12,"enemies":"Jaw Worm","floor":1,"turns":4},{"damage":45,"enemies":"3 Sentries","floor":6,"turns":11},{"damage":5,"enemies":"Small Slimes","floor":7,"turns":3},{"damage":25,"enemies":"Lagavulin","floor":8,"turns":6}],"seed_played":"-7862886511428233201","potions_obtained":[{"floor":6,"key":"EssenceOfSteel"},{"floor":7,"key":"Ancient Potion"}],"is_trial":false,"path_per_floor":["M","?","?","?","$","E","M","E"],"character_chosen":"IRONCLAD","items_purchased":["Frozen Eye"],"campfire_rested":0,"item_purchase_floors":[5],"current_hp_per_floor":[66,66,59,59,59,20,21,0],"gold":81,"neow_bonus":"ONE_RANDOM_RARE_CARD","is_prod":false,"is_daily":false,"chose_seed":false,"campfire_upgraded":0,"win_rate":0,"timestamp":1550961031,"path_taken":["M","?","?","?","$","E","M","E"],"build_version":"2019-01-23","purchased_purges":0,"victory":false,"max_hp_per_floor":[80,80,80,80,80,80,80,80],"card_choices":[{"not_picked":["Entrench","Dual Wield"],"picked":"Iron Wave","floor":1},{"not_picked":["Searing Blow","Cleave"],"picked":"Battle Trance","floor":6},{"not_picked":["Rupture","Heavy Blade","Hemokinesis"],"picked":"SKIP","floor":7}],"player_experience":727877,"relics_obtained":[{"floor":6,"key":"Darkstone Periapt"}],"event_choices":[{"damage_healed":0,"gold_gain":175,"player_choice":"AGREE","damage_taken":0,"max_hp_gain":0,"max_hp_loss":0,"event_name":"Liars Game","floor":2,"gold_loss":0,"cards_obtained":["Doubt"]},{"cards_removed":["Doubt"],"damage_healed":0,"gold_gain":0,"player_choice":"Card Removal","damage_taken":7,"max_hp_gain":0,"max_hp_loss":0,"event_name":"Golden Wing","floor":3,"gold_loss":0},{"cards_removed":["Strike_R"],"damage_healed":0,"gold_gain":0,"player_choice":"Card Removal","damage_taken":0,"max_hp_gain":0,"max_hp_loss":0,"event_name":"The Cleric","floor":4,"gold_loss":50}],"is_beta":false,"boss_relics":[],"items_purged_floors":[],"is_endless":false,"potions_floor_spawned":[6,7],"killed_by":"Lagavulin","ascension_level":8}