{"path_per_floor":["M","M","M","?","?","M","M","R","T","M","?","M","R","M","R","B",null,"M","?","?","?","?","R","M","$","T","?","R","M","M","M","R"],"character_chosen":"THE_SILENT","items_purchased":["Noxious Fumes"],"gold_per_floor":[115,132,147,147,147,159,173,173,173,186,136,146,146,165,165,261,261,272,272,272,187,187,187,168,56,56,56,56,76,95,109,109],"floor_reached":33,"campfire_rested":3,"playtime":3441,"current_hp_per_floor":[70,68,65,65,65,65,64,64,64,53,53,53,70,62,62,40,70,53,53,53,63,63,80,73,73,73,73,73,65,63,62,80],"items_purged":["Strike_G"],"gold":109,"score":241,"play_id":"71e7d18a-d833-4a6f-9a96-87c943061508","local_time":"20180305002328","is_prod":false,"is_daily":false,"is_ascension_mode":false,"campfire_upgraded":3,"timestamp":1520231008,"path_taken":["M","M","M","?","?","M","M","R","T","?","?","M","R","M","R","BOSS","M","?","?","?","?","R","M","$","T","?","R","?","M","M","R","BOSS"],"build_version":"2018-03-01-PROD1","purchased_purges":1,"victory":false,"master_deck":["Defend_G+1","Defend_G+1","Defend_G+1","Strike_G+1","Strike_G+1","Survivor","Neutralize","Deflect+1","Dodge and Roll","Deflect+1","Deadly Poison","Poisoned Stab","Catalyst","Deflect","Envenom","Neutralize","Dagger Throw","Noxious Fumes+1","Poisoned Stab","Deadly Poison+1"],"max_hp_per_floor":[70,70,70,70,70,70,70,70,70,70,70,70,70,70,70,70,70,70,70,70,80,80,80,80,80,80,80,80,80,80,80,80],"relics":["Ring of the Snake","Pen Nib","Black Star","Pear","Omamori","Torii"],"card_choices":[{"not_picked":["Finisher","Dodge and Roll"],"picked":"Deflect"},{"not_picked":["Dagger Spray","Well Laid Plans"],"picked":"Dodge and Roll"},{"not_picked":["Bane","Quick Slash"],"picked":"Deflect"},{"not_picked":["Distraction","Riddle With Holes"],"picked":"Deadly Poison"},{"not_picked":["Masterful Stab","Predator"],"picked":"Poisoned Stab"},{"not_picked":["Dagger Throw","Blur"],"picked":"Catalyst"},{"not_picked":["Dagger Throw","Malaise"],"picked":"Deflect"},{"not_picked":["Tactician","Die Die Die"],"picked":"Envenom"},{"not_picked":["Deflect","Quick Slash"],"picked":"Poisoned Stab"},{"not_picked":["Acrobatics","Leg Sweep"],"picked":"Deadly Poison"}],"player_experience":49601,"potions_floor_usage":[10,16,24,24,33,33],"damage_taken":[{"damage":0,"enemies":"Small Slimes","floor":1,"turns":5},{"damage":2,"enemies":"Cultist","floor":2,"turns":6},{"damage":3,"enemies":"Jaw Worm","floor":3,"turns":7},{"damage":0,"enemies":"Blue Slaver","floor":6,"turns":6},{"damage":1,"enemies":"3 Louse","floor":7,"turns":5},{"damage":11,"enemies":"Gremlin Gang","floor":10,"turns":6},{"damage":0,"enemies":"Large Slime","floor":12,"turns":8},{"damage":8,"enemies":"3 Louse","floor":14,"turns":5},{"damage":22,"enemies":"The Guardian","floor":16,"turns":14},{"damage":17,"enemies":"Spheric Guardian","floor":18,"turns":6},{"damage":7,"enemies":"2 Thieves","floor":24,"turns":4},{"damage":8,"enemies":"Sentry and Sphere","floor":29,"turns":6},{"damage":2,"enemies":"Centurion and Healer","floor":30,"turns":7},{"damage":1,"enemies":"Snake Plant","floor":31,"turns":5},{"damage":96,"enemies":"Collector","floor":33,"turns":6}],"event_choices":[{"event_name":"Purifier","player_choice":"One Purge","floor":4,"damage_taken":0},{"event_name":"Living Wall","player_choice":"Forget","floor":5,"damage_taken":0},{"event_name":"The Cleric","player_choice":"Card Removal","floor":11,"damage_taken":0},{"event_name":"Match and Keep!","player_choice":"2 cards matched","floor":19,"damage_taken":0},{"event_name":"Cursed Tome","player_choice":"Ignored","floor":20,"damage_taken":0},{"event_name":"Addict","player_choice":"Obtained Relic","floor":21,"damage_taken":0},{"event_name":"The Mausoleum","player_choice":"Yes","floor":22,"damage_taken":0},{"event_name":"Back to Basics","player_choice":"Simplicity","floor":27,"damage_taken":0}],"boss_relics":[{"not_picked":["Eternal Feather","Snecko Eye"],"picked":"Black Star"}],"potions_floor_spawned":[1,10,12,14,18,30],"seed_played":"-8349733487440746281","killed_by":"Collector","ascension_level":0,"is_trial":false}