{"gold_per_floor":[109,109,59,79,89,89,115,129,129,145,145,70,83,98,98,201,201,218,98,118,134,233,233,253,265,265,265,10,10,22,37,37,132,132,145,145,164,18,18,18,18,44,44,44,44,63,0,0,0,0],"floor_reached":51,"playtime":3233,"items_purged":["Strike_G","Strike_G"],"score":949,"play_id":"6d84fbb9-ebe6-460d-bb95-9e32c0d0ba83","local_time":"20181210235409","is_ascension_mode":true,"campfire_choices":[{"data":"Skewer","floor":6,"key":"SMITH"},{"floor":11,"key":"REST"},{"data":"Accuracy","floor":15,"key":"SMITH"},{"floor":23,"key":"REST"},{"floor":29,"key":"REST"},{"floor":32,"key":"REST"},{"data":"Ghostly","floor":40,"key":"SMITH"},{"data":"Ghostly","floor":45,"key":"SMITH"},{"data":"Ghostly","floor":49,"key":"SMITH"}],"neow_cost":"NONE","seed_source_timestamp":92168770226231,"circlet_count":0,"master_deck":["Defend_G","Defend_G","Defend_G","Defend_G","Defend_G","Strike_G","Strike_G","Survivor","Neutralize","Blind","Cloak And Dagger","Cloak And Dagger","Slice","Cloak And Dagger","Dash","Accuracy+1","Infinite Blades","Dagger Spray","Storm of Steel","Escape Plan","Backflip","Blade Dance+1","Blade Dance+1","Cloak And Dagger","Ghostly+1","Ghostly+1","Ghostly+1","Ghostly","Ghostly","Accuracy","Terror","Backstab+1","Well Laid Plans","Wraith Form v2","Acrobatics+1","Wraith Form v2"],"relics":["Ring of the Snake","Centennial Puzzle","Juzu Bracelet","Eternal Feather","Prayer Wheel","Busted Crown","Paper Crane","Red Mask"],"potions_floor_usage":[25,31,50,50],"damage_taken":[{"damage":1,"enemies":"Small Slimes","floor":1,"turns":5},{"damage":0,"enemies":"2 Louse","floor":4,"turns":3},{"damage":1,"enemies":"Jaw Worm","floor":5,"turns":5},{"damage":30,"enemies":"Lagavulin","floor":7,"turns":6},{"damage":0,"enemies":"2 Fungi Beasts","floor":8,"turns":3},{"damage":1,"enemies":"Looter","floor":10,"turns":3},{"damage":3,"enemies":"Exordium Wildlife","floor":13,"turns":5},{"damage":0,"enemies":"2 Fungi Beasts","floor":14,"turns":3},{"damage":33,"enemies":"Hexaghost","floor":16,"turns":10},{"damage":13,"enemies":"Shell Parasite","floor":18,"turns":7},{"damage":7,"enemies":"3 Byrds","floor":20,"turns":5},{"damage":26,"enemies":"Snake Plant","floor":21,"turns":7},{"damage":15,"enemies":"Sentry and Sphere","floor":24,"turns":4},{"damage":30,"enemies":"Snecko","floor":25,"turns":5},{"damage":10,"enemies":"Centurion and Healer","floor":30,"turns":7},{"damage":14,"enemies":"Shelled Parasite and Fungi","floor":31,"turns":8},{"damage":12,"enemies":"Champ","floor":33,"turns":9},{"damage":3,"enemies":"3 Shapes","floor":35,"turns":5},{"damage":2,"enemies":"3 Darklings","floor":37,"turns":5},{"damage":4,"enemies":"Nemesis","floor":42,"turns":7},{"damage":0,"enemies":"Transient","floor":46,"turns":5},{"damage":18,"enemies":"Awakened One","floor":50,"turns":14}],"seed_played":"6108475514686646107","potions_obtained":[{"floor":1,"key":"Explosive Potion"},{"floor":5,"key":"Swift Potion"},{"floor":8,"key":"SneckoOil"},{"floor":30,"key":"Strength Potion"},{"floor":31,"key":"SpeedPotion"}],"is_trial":false,"path_per_floor":["M","?","?","M","M","R","E","M","T","M","R","$","M","M","R","B",null,"M","$","M","M","?","R","M","M","T","?","$","R","M","M","R","B",null,"M","$","M","$","?","R","?","E","T","?","R","M","?","?","R","B",null],"character_chosen":"THE_SILENT","items_purchased":["Accuracy","Backflip","Accuracy","Terror","Wraith Form v2"],"campfire_rested":4,"item_purchase_floors":[12,19,28,28,38],"current_hp_per_floor":[62,62,62,62,61,61,31,31,31,30,51,51,48,48,48,15,56,43,43,36,10,10,46,31,1,1,1,1,29,19,5,33,21,32,29,29,27,27,27,35,35,31,31,31,33,33,33,33,33,15],"gold":0,"neow_bonus":"RANDOM_COLORLESS","is_prod":false,"is_daily":false,"chose_seed":false,"campfire_upgraded":5,"win_rate":0,"timestamp":1544507649,"path_taken":["M","?","?","M","M","R","E","M","T","M","R","?","M","M","R","BOSS","M","$","M","M","?","R","M","M","T","?","$","R","M","M","R","BOSS","M","$","M","$","?","R","?","E","T","?","R","M","?","?","R","BOSS"],"build_version":"2018-12-06","purchased_purges":2,"victory":true,"max_hp_per_floor":[70,70,70,70,70,70,70,70,70,70,70,70,70,70,70,70,70,70,70,70,70,70,70,70,70,70,35,35,35,35,35,35,35,35,35,35,35,35,35,35,35,35,35,33,33,33,33,33,33,33],"card_choices":[{"not_picked":["Quick Slash","Prepared"],"picked":"Skewer","floor":1},{"not_picked":["Slice","Dodge and Roll"],"picked":"Cloak And Dagger","floor":4},{"not_picked":["Bane","Deflect"],"picked":"Cloak And Dagger","floor":5},{"not_picked":["All Out Attack","Calculated Gamble"],"picked":"Slice","floor":7},{"not_picked":["Blur","Underhanded Strike"],"picked":"Cloak And Dagger","floor":8},{"not_picked":["Prepared","Sucker Punch"],"picked":"Dash","floor":10},{"not_picked":["Slice","Blade Dance"],"picked":"Infinite Blades","floor":13},{"not_picked":["Terror","PiercingWail"],"picked":"Dagger Spray","floor":14},{"not_picked":["Malaise","Die Die Die"],"picked":"Storm of Steel","floor":16},{"not_picked":["Flying Knee","Deadly Poison"],"picked":"Escape Plan","floor":18},{"not_picked":["Predator","Dodge and Roll+1"],"picked":"Blade Dance+1","floor":20},{"not_picked":["Tactician","Die Die Die"],"picked":"Blade Dance+1","floor":21},{"not_picked":["Sucker Punch+1","Deflect","Bane"],"picked":"SKIP","floor":24},{"not_picked":["Quick Slash","Underhanded Strike"],"picked":"Cloak And Dagger","floor":25},{"not_picked":["Outmaneuver","Bane"],"picked":"Backstab+1","floor":30},{"not_picked":["Outmaneuver","Sucker Punch","Underhanded Strike+1"],"picked":"SKIP","floor":30},{"not_picked":["Acrobatics","Flying Knee"],"picked":"Well Laid Plans","floor":31},{"not_picked":["Bane","Deadly Poison","Poisoned Stab+1"],"picked":"SKIP","floor":31},{"not_picked":["Doppelganger","Glass Knife"],"picked":"Wraith Form v2","floor":33},{"not_picked":[],"picked":"Acrobatics+1","floor":35},{"not_picked":["Skewer"],"picked":"SKIP","floor":35},{"not_picked":["Acrobatics+1"],"picked":"SKIP","floor":37},{"not_picked":["Deadly Poison+1"],"picked":"SKIP","floor":37},{"not_picked":["Heel Hook"],"picked":"SKIP","floor":42},{"not_picked":["Prepared"],"picked":"SKIP","floor":46},{"not_picked":["Storm of Steel"],"picked":"SKIP","floor":46}],"player_experience":646633,"relics_obtained":[{"floor":7,"key":"Centennial Puzzle"},{"floor":9,"key":"Juzu Bracelet"},{"floor":26,"key":"Prayer Wheel"},{"floor":42,"key":"Paper Crane"}],"event_choices":[{"damage_healed":0,"gold_gain":0,"player_choice":"Ignored","damage_taken":0,"max_hp_gain":0,"max_hp_loss":0,"event_name":"Liars Game","floor":2,"gold_loss":0},{"cards_removed":["Strike_G"],"damage_healed":0,"gold_gain":0,"player_choice":"Card Removal","damage_taken":0,"max_hp_gain":0,"max_hp_loss":0,"event_name":"The Cleric","floor":3,"gold_loss":50},{"damage_healed":0,"gold_gain":99,"player_choice":"Stole From Cult","damage_taken":0,"max_hp_gain":0,"max_hp_loss":0,"event_name":"Nest","floor":22,"gold_loss":0},{"damage_healed":0,"gold_gain":0,"player_choice":"Became a Ghost","damage_taken":0,"max_hp_gain":0,"max_hp_loss":35,"event_name":"Ghosts","floor":27,"gold_loss":0,"cards_obtained":["Ghostly","Ghostly","Ghostly","Ghostly","Ghostly"]},{"damage_healed":0,"gold_gain":0,"player_choice":"Memory 1","damage_taken":0,"max_hp_gain":0,"max_hp_loss":0,"event_name":"SensoryStone","floor":39,"gold_loss":0},{"cards_removed":["Skewer"],"damage_healed":0,"gold_gain":0,"player_choice":"Removed Attack","damage_taken":0,"max_hp_gain":0,"max_hp_loss":0,"event_name":"Falling","floor":41,"gold_loss":0},{"damage_healed":0,"gold_gain":0,"player_choice":"Max HP","damage_taken":0,"max_hp_gain":0,"max_hp_loss":2,"event_name":"Winding Halls","floor":44,"gold_loss":0},{"damage_healed":0,"gold_gain":0,"player_choice":"Paid","damage_taken":0,"relics_obtained":["Red Mask"],"max_hp_gain":0,"max_hp_loss":0,"event_name":"Tomb of Lord Red Mask","floor":47,"gold_loss":63},{"damage_healed":0,"gold_gain":0,"player_choice":"Ignored","damage_taken":0,"max_hp_gain":0,"max_hp_loss":0,"event_name":"Mysterious Sphere","floor":48,"gold_loss":0}],"is_beta":false,"boss_relics":[{"not_picked":["Velvet Choker","HoveringKite"],"picked":"Eternal Feather"},{"not_picked":["Empty Cage","Philosopher\u0027s Stone"],"picked":"Busted Crown"}],"items_purged_floors":[19,28],"is_endless":false,"potions_floor_spawned":[1,5,8,14,18,21,30,31,37,46],"ascension_level":7}