{"gold_per_floor":[115,65,65,84,52,52,65,98,98,98,48,48,48,66,66,171,171,187,199,49,49,62,62,78,90,90,119,119,119,142,153,153,254,254,270,270,188,188,198,198,225,225,225,235,235,246,263,0,0,0],"floor_reached":50,"playtime":2679,"items_purged":[],"score":711,"play_id":"87125a28-6b70-4d20-8a2c-314ba12739fa","local_time":"20190301235249","is_ascension_mode":true,"campfire_choices":[{"data":"Twin Strike","floor":6,"key":"SMITH"},{"data":"True Grit","floor":13,"key":"SMITH"},{"data":"Pommel Strike","floor":15,"key":"SMITH"},{"data":"Shrug It Off","floor":23,"key":"SMITH"},{"floor":28,"key":"REST"},{"floor":32,"key":"REST"},{"data":"Rage","floor":40,"key":"SMITH"},{"floor":45,"key":"REST"},{"floor":49,"key":"REST"}],"neow_cost":"NONE","seed_source_timestamp":625110083038782,"circlet_count":0,"master_deck":["Strike_R","Strike_R","Strike_R","Strike_R","Strike_R","Defend_R","Defend_R","Defend_R","Bash","Pommel Strike+1","Shrug It Off+1","Twin Strike+1","Cleave","Pommel Strike","Flash of Steel","Inflame","True Grit+1","Headbutt","Feed","Metallicize","Shrug It Off","True Grit+1","Immolate","Iron Wave+1","Heavy Blade","Iron Wave+1","Double Tap","Sword Boomerang+1","Infernal Blade","Rage+1","Panacea","Sentinel+1","Metallicize"],"relics":["Burning Blood","Nunchaku","Girya","Shuriken","Sozu","Vajra","Bag of Marbles","Juzu Bracelet","Dead Branch","Oddly Smooth Stone","Orrery","Smiling Mask","Toxic Egg 2","Red Mask"],"potions_floor_usage":[8,16],"damage_taken":[{"damage":8,"enemies":"2 Louse","floor":1,"turns":4},{"damage":0,"enemies":"Small Slimes","floor":4,"turns":3},{"damage":7,"enemies":"Jaw Worm","floor":7,"turns":3},{"damage":35,"enemies":"Lagavulin","floor":8,"turns":4},{"damage":3,"enemies":"Looter","floor":14,"turns":3},{"damage":21,"enemies":"Slime Boss","floor":16,"turns":7},{"damage":5,"enemies":"3 Byrds","floor":18,"turns":5},{"damage":16,"enemies":"2 Thieves","floor":19,"turns":4},{"damage":18,"enemies":"Snake Plant","floor":22,"turns":4},{"damage":14,"enemies":"Centurion and Healer","floor":24,"turns":4},{"damage":27,"enemies":"Cultist and Chosen","floor":25,"turns":5},{"damage":28,"enemies":"Slavers","floor":27,"turns":4},{"damage":0,"enemies":"Snake Plant","floor":31,"turns":2},{"damage":85,"enemies":"Champ","floor":33,"turns":11},{"damage":0,"enemies":"3 Shapes","floor":35,"turns":3},{"damage":0,"enemies":"Orb Walker","floor":39,"turns":3},{"damage":67,"enemies":"Reptomancer","floor":41,"turns":7},{"damage":5,"enemies":"Spire Growth","floor":44,"turns":6},{"damage":0,"enemies":"4 Shapes","floor":46,"turns":4},{"damage":23,"enemies":"Jaw Worm Horde","floor":47,"turns":4},{"damage":86,"enemies":"Awakened One","floor":50,"turns":11}],"seed_played":"2656470459628055337","potions_obtained":[{"floor":4,"key":"Strength Potion"},{"floor":14,"key":"Explosive Potion"}],"is_trial":false,"path_per_floor":["M","$","?","M","?","R","M","E","T","?","$","T","R","M","R","B",null,"M","M","$","?","M","R","M","M","T","E","R","?","T","M","R","B",null,"M","?","$","?","M","R","E","?","T","M","R","M","M","?","R","B"],"character_chosen":"IRONCLAD","items_purchased":["Shrug It Off","True Grit","Vajra","Rage"],"campfire_rested":4,"item_purchase_floors":[2,11,20,37],"current_hp_per_floor":[78,78,78,84,84,84,83,54,54,54,54,54,54,57,57,42,77,81,74,74,74,62,62,57,39,39,20,50,50,50,56,86,7,79,85,85,85,85,91,91,30,30,30,31,61,70,53,53,84,0],"gold":0,"neow_bonus":"TEN_PERCENT_HP_BONUS","is_prod":false,"is_daily":false,"chose_seed":false,"campfire_upgraded":5,"win_rate":0,"timestamp":1551505969,"path_taken":["M","$","?","M","?","R","?","E","T","?","?","?","R","?","R","BOSS","M","M","$","?","M","R","M","M","T","E","R","?","?","M","R","BOSS","M","?","$","?","M","R","E","?","T","M","R","M","M","?","R","BOSS"],"build_version":"2019-01-23","purchased_purges":0,"victory":false,"max_hp_per_floor":[88,88,88,88,88,88,88,88,88,88,88,88,88,88,88,88,88,91,94,94,94,94,94,97,100,100,103,103,103,103,103,103,103,103,103,103,103,103,103,103,103,103,103,103,103,106,106,106,106,106],"card_choices":[{"not_picked":["Clash","Clothesline"],"picked":"Pommel Strike","floor":1},{"not_picked":["Wild Strike","Power Through"],"picked":"Twin Strike","floor":4},{"not_picked":["Iron Wave","Second Wind"],"picked":"Cleave","floor":7},{"not_picked":["Sentinel","Sever Soul"],"picked":"Pommel Strike","floor":8},{"not_picked":["Havoc","Sword Boomerang"],"picked":"Headbutt","floor":14},{"not_picked":["Juggernaut","Barricade"],"picked":"Feed","floor":16},{"not_picked":["Twin Strike","Clash"],"picked":"Metallicize","floor":18},{"not_picked":["Thunderclap","True Grit"],"picked":"Shrug It Off","floor":19},{"not_picked":["Spot Weakness+1","Iron Wave"],"picked":"True Grit+1","floor":22},{"not_picked":["Combust","Disarm"],"picked":"Immolate","floor":24},{"not_picked":["Shockwave","Blood for Blood+1"],"picked":"Iron Wave+1","floor":25},{"not_picked":["Perfected Strike","Dual Wield"],"picked":"Heavy Blade","floor":27},{"not_picked":["Cleave+1","Burning Pact"],"picked":"Iron Wave+1","floor":31},{"not_picked":["Dark Embrace","Reaper"],"picked":"Double Tap","floor":33},{"not_picked":["Pummel","Thunderclap"],"picked":"Sword Boomerang+1","floor":34},{"not_picked":["Dropkick","Iron Wave"],"picked":"Infernal Blade","floor":34},{"not_picked":["Clothesline+1","Combust","Infernal Blade"],"picked":"SKIP","floor":35},{"not_picked":["Magnetism","Transmutation"],"picked":"Panacea","floor":38},{"not_picked":["Entrench","Pummel+1"],"picked":"Sentinel+1","floor":39},{"not_picked":["Armaments","Headbutt"],"picked":"Metallicize","floor":41},{"not_picked":["Shockwave+1","Uppercut","Twin Strike"],"picked":"SKIP","floor":44},{"not_picked":["Flex+1","Uppercut","Rupture+1"],"picked":"SKIP","floor":46},{"not_picked":["Iron Wave","Havoc+1","Dropkick"],"picked":"SKIP","floor":47}],"player_experience":737406,"relics_obtained":[{"floor":8,"key":"Nunchaku"},{"floor":9,"key":"Girya"},{"floor":12,"key":"Shuriken"},{"floor":26,"key":"Bag of Marbles"},{"floor":27,"key":"Juzu Bracelet"},{"floor":30,"key":"Oddly Smooth Stone"},{"floor":41,"key":"Smiling Mask"},{"floor":43,"key":"Toxic Egg 2"}],"event_choices":[{"damage_healed":0,"gold_gain":0,"player_choice":"Ignored","damage_taken":0,"max_hp_gain":0,"max_hp_loss":0,"event_name":"Liars Game","floor":3,"gold_loss":0},{"damage_healed":0,"gold_gain":0,"player_choice":"Left Gold","damage_taken":0,"max_hp_gain":0,"max_hp_loss":0,"event_name":"World of Goop","floor":5,"gold_loss":32},{"damage_healed":0,"gold_gain":0,"player_choice":"2 cards matched","damage_taken":0,"max_hp_gain":0,"max_hp_loss":0,"event_name":"Match and Keep!","floor":10,"gold_loss":0,"cards_obtained":["Flash of Steel","Inflame"]},{"damage_healed":0,"gold_gain":0,"player_choice":"Ignored","damage_taken":0,"max_hp_gain":0,"max_hp_loss":0,"event_name":"Beggar","floor":21,"gold_loss":0},{"damage_healed":0,"gold_gain":0,"player_choice":"Opened","damage_taken":0,"relics_obtained":["Dead Branch"],"max_hp_gain":0,"max_hp_loss":0,"event_name":"The Mausoleum","floor":29,"gold_loss":0},{"cards_removed":["Defend_R"],"damage_healed":0,"gold_gain":0,"player_choice":"Removed Skill","damage_taken":0,"max_hp_gain":0,"max_hp_loss":0,"event_name":"Falling","floor":36,"gold_loss":0},{"damage_healed":0,"gold_gain":0,"player_choice":"Memory 1","damage_taken":0,"max_hp_gain":0,"max_hp_loss":0,"event_name":"SensoryStone","floor":38,"gold_loss":0},{"damage_healed":0,"gold_gain":0,"player_choice":"Bought 0 Potions","damage_taken":0,"max_hp_gain":0,"max_hp_loss":0,"event_name":"The Woman in Blue","floor":42,"gold_loss":0},{"damage_healed":0,"gold_gain":0,"player_choice":"Paid","damage_taken":0,"relics_obtained":["Red Mask"],"max_hp_gain":0,"max_hp_loss":0,"event_name":"Tomb of Lord Red Mask","floor":48,"gold_loss":263}],"is_beta":false,"boss_relics":[{"not_picked":["Fusion Hammer","Runic Pyramid"],"picked":"Sozu"},{"not_picked":["Tiny House","Velvet Choker"],"picked":"Orrery"}],"items_purged_floors":[],"is_endless":false,"potions_floor_spawned":[4,14,19,25,27,31,35,47],"killed_by":"Awakened One","ascension_level":8}