{"gold_per_floor":[109,119,119,21,41,41,72,72,99,99,116,130,57,91,91,190,190,206,218,19,31,31,31,64,64,64,78,78,32,60,60,60,60],"floor_reached":33,"playtime":2483,"items_purged":["Strike_G"],"score":454,"play_id":"911a324f-4fe8-44e1-8c9c-88f21b865107","local_time":"20191025232705","is_ascension_mode":true,"campfire_choices":[{"data":"Backflip","floor":6,"key":"SMITH"},{"data":"Acrobatics","floor":8,"key":"SMITH"},{"data":"Quick Slash","floor":10,"key":"SMITH"},{"data":"Footwork","floor":15,"key":"SMITH"},{"data":"Adrenaline","floor":23,"key":"SMITH"},{"floor":25,"key":"REST"},{"data":"Noxious Fumes","floor":32,"key":"SMITH"}],"neow_cost":"NONE","seed_source_timestamp":960996412996500,"circlet_count":0,"master_deck":["AscendersBane","Strike_G","Strike_G","Strike_G","Defend_G+1","Defend_G","Defend_G","Defend_G","Survivor","Neutralize","Underhanded Strike","Dagger Spray","Acrobatics+1","Backflip+1","Quick Slash+1","Escape Plan+1","Footwork+1","Adrenaline+1","Noxious Fumes+1","Adrenaline","Poisoned Stab+1","Tactician","Quick Slash","Caltrops","Underhanded Strike","Bane","Backflip","Eviscerate"],"relics":["HoveringKite","Strawberry","Snake Skull","Bronze Scales","Empty Cage","MutagenicStrength","War Paint","Pen Nib","Du-Vu Doll"],"potions_floor_usage":[7,24],"damage_taken":[{"damage":7,"enemies":"Jaw Worm","floor":1,"turns":6},{"damage":3,"enemies":"Cultist","floor":2,"turns":4},{"damage":2,"enemies":"2 Louse","floor":5,"turns":3},{"damage":17,"enemies":"Gremlin Nob","floor":7,"turns":5},{"damage":0,"enemies":"2 Fungi Beasts","floor":11,"turns":3},{"damage":0,"enemies":"3 Louse","floor":12,"turns":2},{"damage":5,"enemies":"3 Sentries","floor":14,"turns":7},{"damage":27,"enemies":"Slime Boss","floor":16,"turns":11},{"damage":7,"enemies":"Shell Parasite","floor":18,"turns":5},{"damage":1,"enemies":"3 Byrds","floor":19,"turns":4},{"damage":19,"enemies":"Snecko","floor":21,"turns":5},{"damage":4,"enemies":"Book of Stabbing","floor":24,"turns":4},{"damage":16,"enemies":"Snake Plant","floor":27,"turns":4},{"damage":9,"enemies":"Slavers","floor":30,"turns":4},{"damage":63,"enemies":"Automaton","floor":33,"turns":8}],"seed_played":"-3567475162003481170","potions_obtained":[{"floor":2,"key":"GhostInAJar"},{"floor":5,"key":"Weak Potion"},{"floor":16,"key":"FearPotion"},{"floor":27,"key":"Regen Potion"}],"is_trial":false,"path_per_floor":["M","M","?","$","M","R","E","R","T","R","M","M","$","E","R","B",null,"M","M","$","M","?","R","E","R","T","M","?","$","E","$","R","B"],"character_chosen":"THE_SILENT","items_purchased":["Acrobatics","Backflip","Noxious Fumes","Quick Slash","Caltrops","Backflip"],"campfire_rested":1,"item_purchase_floors":[4,4,13,20,20,29],"current_hp_per_floor":[56,53,53,53,51,51,41,41,41,41,41,41,41,36,36,9,60,53,52,52,33,33,33,29,52,52,36,61,61,52,52,52,0],"gold":60,"neow_bonus":"BOSS_RELIC","is_prod":false,"is_daily":false,"chose_seed":false,"campfire_upgraded":6,"win_rate":0,"timestamp":1572064025,"path_taken":["M","M","?","$","M","R","E","R","T","R","M","M","?","E","R","BOSS","M","M","$","M","?","R","E","R","T","M","?","$","E","?","R","BOSS"],"build_version":"2019-07-17","purchased_purges":1,"victory":false,"max_hp_per_floor":[70,70,70,70,70,70,77,77,77,77,77,77,77,77,77,77,77,77,77,77,77,77,77,77,77,77,77,77,77,77,77,77,77],"card_choices":[{"not_picked":["Prepared","Deflect"],"picked":"Underhanded Strike","floor":1},{"not_picked":["Escape Plan","Calculated Gamble"],"picked":"Dagger Spray","floor":2},{"not_picked":["Dodge and Roll","Dagger Throw"],"picked":"Quick Slash","floor":5},{"not_picked":["Endless Agony","Bane"],"picked":"Escape Plan","floor":7},{"not_picked":["Dagger Spray","Calculated Gamble"],"picked":"Footwork","floor":11},{"not_picked":["Prepared","Deflect"],"picked":"Adrenaline","floor":12},{"not_picked":["Outmaneuver","Well Laid Plans","Blade Dance"],"picked":"SKIP","floor":14},{"not_picked":["Envenom","Bullet Time"],"picked":"Adrenaline","floor":16},{"not_picked":["Blade Dance","Outmaneuver+1"],"picked":"Poisoned Stab+1","floor":18},{"not_picked":["Slice+1","Concentrate"],"picked":"Tactician","floor":19},{"not_picked":["Slice","Finisher"],"picked":"Underhanded Strike","floor":21},{"not_picked":["Dagger Spray","Blade Dance"],"picked":"Bane","floor":24},{"not_picked":["Storm of Steel","Dodge and Roll","Endless Agony"],"picked":"SKIP","floor":27},{"not_picked":["Leg Sweep","Bane"],"picked":"Eviscerate","floor":30}],"player_experience":932334,"relics_obtained":[{"floor":7,"key":"Strawberry"},{"floor":9,"key":"Snake Skull"},{"floor":14,"key":"Bronze Scales"},{"floor":24,"key":"War Paint"},{"floor":26,"key":"Pen Nib"},{"floor":30,"key":"Du-Vu Doll"}],"event_choices":[{"damage_healed":0,"gold_gain":0,"player_choice":"Bought 0 Potions","damage_taken":0,"max_hp_gain":0,"max_hp_loss":0,"event_name":"The Woman in Blue","floor":3,"gold_loss":0},{"damage_healed":0,"gold_gain":0,"player_choice":"Inject Mutagens","damage_taken":0,"relics_obtained":["MutagenicStrength"],"max_hp_gain":0,"max_hp_loss":0,"event_name":"Drug Dealer","floor":22,"gold_loss":0},{"damage_healed":25,"gold_gain":0,"player_choice":"Heal","damage_taken":0,"max_hp_gain":0,"max_hp_loss":0,"event_name":"The Library","floor":28,"gold_loss":0}],"is_beta":false,"boss_relics":[{"not_picked":["Lizard Tail","Calling Bell"],"picked":"Empty Cage"}],"items_purged_floors":[20],"is_endless":false,"potions_floor_spawned":[2,5,16,19,27,30],"killed_by":"Automaton","ascension_level":11}