{"gold_per_floor":[117,117,143,161,175,175,125,159,182,143,174,174,191,204,204,304,304,304,304,304,304,304,304,304,304,304,304,304,304,304,57,57,57,57,57,57,21,21,21,21,21,21,21,21,21,21,21,21,21,21],"floor_reached":51,"playtime":3708,"items_purged":["Strike_G"],"score":945,"play_id":"cc5398ce-a0b8-4f29-8170-867be53c8316","local_time":"20181116003117","is_ascension_mode":true,"campfire_choices":[{"data":"Infinite Blades","floor":6,"key":"SMITH"},{"floor":12,"key":"REST"},{"data":"Cloak And Dagger","floor":15,"key":"SMITH"},{"floor":23,"key":"REST"},{"data":"After Image","floor":25,"key":"SMITH"},{"floor":32,"key":"REST"},{"data":"A Thousand Cuts","floor":40,"key":"SMITH"},{"data":"Accuracy","floor":42,"key":"SMITH"},{"floor":47,"key":"REST"},{"floor":49,"key":"REST"}],"neow_cost":"NONE","seed_source_timestamp":879181108899598,"circlet_count":0,"master_deck":["Defend_G","Defend_G","Defend_G","Defend_G","Strike_G","Strike_G","Strike_G+1","Survivor","Neutralize+1","Infinite Blades+1","Dagger Spray","Backstab","Cloak And Dagger+1","Cloak And Dagger","Expertise","Bouncing Flask","Deflect","After Image+1","Accuracy+1","A Thousand Cuts+1","Terror","Dash","Backflip","Noxious Fumes","Footwork","Flash of Steel","Well Laid Plans","Backstab","Storm of Steel","Deflect+1","Cloak And Dagger+1","Caltrops","Masterful Stab+1","Escape Plan+1","Finisher","Dodge and Roll+1","Escape Plan+1","Backflip+1","Burst"],"relics":["Ring of the Serpent","Whetstone","Dream Catcher","PreservedInsect","Omamori","FossilizedHelix","Ectoplasm","Bag of Marbles","Ancient Tea Set","Potion Belt","Tingsha","Mummified Hand"],"potions_floor_usage":[11,16,27,35,44,50,50,50],"damage_taken":[{"damage":0,"enemies":"2 Louse","floor":1,"turns":2},{"damage":9,"enemies":"Jaw Worm","floor":4,"turns":4},{"damage":0,"enemies":"Cultist","floor":5,"turns":3},{"damage":28,"enemies":"Lagavulin","floor":8,"turns":7},{"damage":4,"enemies":"Gremlin Nob","floor":11,"turns":3},{"damage":0,"enemies":"Large Slime","floor":13,"turns":4},{"damage":0,"enemies":"2 Fungi Beasts","floor":14,"turns":3},{"damage":28,"enemies":"The Guardian","floor":16,"turns":10},{"damage":0,"enemies":"Chosen","floor":18,"turns":5},{"damage":0,"enemies":"3 Byrds","floor":20,"turns":5},{"damage":21,"enemies":"Shelled Parasite and Fungi","floor":21,"turns":5},{"damage":0,"enemies":"Centurion and Healer","floor":24,"turns":5},{"damage":0,"enemies":"Snake Plant","floor":27,"turns":4},{"damage":0,"enemies":"Shelled Parasite and Fungi","floor":28,"turns":5},{"damage":0,"enemies":"Centurion and Healer","floor":29,"turns":6},{"damage":11,"enemies":"Gremlin Leader","floor":30,"turns":6},{"damage":0,"enemies":"Champ","floor":33,"turns":12},{"damage":18,"enemies":"3 Darklings","floor":35,"turns":5},{"damage":0,"enemies":"Orb Walker","floor":36,"turns":3},{"damage":0,"enemies":"Maw","floor":39,"turns":7},{"damage":0,"enemies":"Nemesis","floor":41,"turns":5},{"damage":4,"enemies":"3 Darklings","floor":44,"turns":4},{"damage":9,"enemies":"Writhing Mass","floor":45,"turns":5},{"damage":12,"enemies":"Spire Growth","floor":48,"turns":4},{"damage":31,"enemies":"Awakened One","floor":50,"turns":11}],"seed_played":"8272770822177208494","potions_obtained":[{"floor":1,"key":"Poison Potion"},{"floor":8,"key":"Ancient Potion"},{"floor":11,"key":"SpeedPotion"},{"floor":14,"key":"Poison Potion"},{"floor":18,"key":"GhostInAJar"},{"floor":21,"key":"Block Potion"},{"floor":30,"key":"EssenceOfSteel"},{"floor":36,"key":"SkillPotion"},{"floor":39,"key":"Weak Potion"},{"floor":41,"key":"Fire Potion"},{"floor":45,"key":"Explosive Potion"}],"is_trial":false,"path_per_floor":["M","?","T","M","M","R","?","E","T","?","E","R","M","M","R","B",null,"M","?","M","M","?","R","M","R","T","M","M","M","E","$","R","B",null,"M","M","$","?","M","R","E","R","T","M","M","?","R","M","R","B",null],"character_chosen":"THE_SILENT","items_purchased":["Flash of Steel","Well Laid Plans","Caltrops"],"campfire_rested":5,"item_purchase_floors":[31,31,37],"current_hp_per_floor":[70,70,70,61,61,61,61,33,33,33,29,50,50,50,50,22,58,58,58,58,37,37,58,58,58,58,58,58,58,47,47,68,68,70,52,52,52,52,52,52,52,52,52,48,39,39,60,48,69,38],"gold":21,"neow_bonus":"RANDOM_COMMON_RELIC","is_prod":false,"is_daily":false,"chose_seed":false,"campfire_upgraded":5,"win_rate":0,"timestamp":1542349877,"path_taken":["M","?","?","?","M","R","?","E","T","?","E","R","M","M","R","BOSS","M","?","M","?","?","R","M","R","T","M","M","M","E","$","R","BOSS","M","M","$","?","M","R","E","R","T","?","M","?","R","M","R","BOSS"],"build_version":"2018-11-15","purchased_purges":1,"victory":true,"max_hp_per_floor":[70,70,70,70,70,70,70,70,70,70,70,70,70,70,70,70,70,70,70,70,70,70,70,70,70,70,70,70,70,70,70,70,70,70,70,70,70,70,70,70,70,70,70,70,70,70,70,70,70,70],"card_choices":[{"not_picked":["Outmaneuver","Dagger Spray"],"picked":"Infinite Blades","floor":1},{"not_picked":["Deflect","Dodge and Roll"],"picked":"Dagger Spray","floor":4},{"not_picked":["Outmaneuver","Deadly Poison"],"picked":"Backstab","floor":5},{"not_picked":["Backstab","Prepared"],"picked":"Cloak And Dagger","floor":8},{"not_picked":["Dodge and Roll","Calculated Gamble"],"picked":"Cloak And Dagger","floor":11},{"not_picked":["Dodge and Roll","Crippling Poison"],"picked":"Expertise","floor":12},{"not_picked":["Outmaneuver","Backstab"],"picked":"Bouncing Flask","floor":13},{"not_picked":["Underhanded Strike","Dagger Throw"],"picked":"Deflect","floor":14},{"not_picked":["Adrenaline","Glass Knife"],"picked":"After Image","floor":16},{"not_picked":["Quick Slash","Setup"],"picked":"Accuracy","floor":18},{"not_picked":["Bane+1","Blur"],"picked":"Terror","floor":20},{"not_picked":["Blur","Eviscerate"],"picked":"Dash","floor":21},{"not_picked":["Deadly Poison+1","Heel Hook"],"picked":"Backflip","floor":24},{"not_picked":["Bane","Slice","Poisoned Stab"],"picked":"SKIP","floor":27},{"not_picked":["Distraction","Outmaneuver"],"picked":"Noxious Fumes","floor":28},{"not_picked":["Flying Knee","Outmaneuver+1","Glass Knife"],"picked":"SKIP","floor":29},{"not_picked":["Terror","Finisher"],"picked":"Footwork","floor":30},{"not_picked":["Outmaneuver","All Out Attack"],"picked":"Backstab","floor":32},{"not_picked":["Unload","Adrenaline"],"picked":"Storm of Steel","floor":33},{"not_picked":["Poisoned Stab+1","Catalyst"],"picked":"Deflect+1","floor":35},{"not_picked":["Underhanded Strike","Caltrops+1"],"picked":"Cloak And Dagger+1","floor":36},{"not_picked":["Sucker Punch","Dash"],"picked":"Masterful Stab+1","floor":39},{"not_picked":["Caltrops","Expertise+1"],"picked":"Escape Plan+1","floor":41},{"not_picked":["Backflip","Dagger Spray+1"],"picked":"Finisher","floor":44},{"not_picked":["Dash","Poisoned Stab"],"picked":"Dodge and Roll+1","floor":45},{"not_picked":["Acrobatics","Poisoned Stab+1"],"picked":"Escape Plan+1","floor":47},{"not_picked":["Underhanded Strike","Well Laid Plans"],"picked":"Backflip+1","floor":48},{"not_picked":["Dagger Throw","Footwork"],"picked":"Burst","floor":49}],"player_experience":565899,"relics_obtained":[{"floor":3,"key":"Dream Catcher"},{"floor":8,"key":"PreservedInsect"},{"floor":9,"key":"Omamori"},{"floor":11,"key":"FossilizedHelix"},{"floor":26,"key":"Ancient Tea Set"},{"floor":30,"key":"Potion Belt"},{"floor":41,"key":"Tingsha"},{"floor":43,"key":"Mummified Hand"}],"event_choices":[{"damage_healed":0,"gold_gain":0,"player_choice":"Ignored","damage_taken":0,"max_hp_gain":0,"max_hp_loss":0,"event_name":"Golden Wing","floor":2,"gold_loss":0},{"cards_removed":["Strike_G"],"damage_healed":0,"gold_gain":0,"player_choice":"Card Removal","damage_taken":0,"max_hp_gain":0,"max_hp_loss":0,"event_name":"The Cleric","floor":7,"gold_loss":50},{"damage_healed":0,"gold_gain":0,"player_choice":"Left Gold","damage_taken":0,"max_hp_gain":0,"max_hp_loss":0,"event_name":"World of Goop","floor":10,"gold_loss":39},{"damage_healed":0,"gold_gain":0,"cards_transformed":["Defend_G"],"player_choice":"Transformed","damage_taken":0,"max_hp_gain":0,"max_hp_loss":0,"event_name":"Transmorgrifier","floor":19,"gold_loss":0,"cards_obtained":["A Thousand Cuts"]},{"damage_healed":0,"gold_gain":0,"player_choice":"Opened","damage_taken":0,"relics_obtained":["Bag of Marbles"],"max_hp_gain":0,"max_hp_loss":0,"event_name":"The Mausoleum","floor":22,"gold_loss":0},{"damage_healed":0,"gold_gain":0,"player_choice":"Ignored","damage_taken":0,"max_hp_gain":0,"max_hp_loss":0,"event_name":"SecretPortal","floor":38,"gold_loss":0},{"damage_healed":0,"gold_gain":300,"player_choice":"Gold","damage_taken":0,"max_hp_gain":0,"max_hp_loss":0,"event_name":"Wheel of Change","floor":46,"gold_loss":0}],"is_beta":false,"boss_relics":[{"not_picked":["Eternal Feather","Velvet Choker"],"picked":"Ectoplasm"},{"not_picked":["Lizard Tail","Tiny House"],"picked":"Ring of the Serpent"}],"items_purged_floors":[31],"is_endless":false,"potions_floor_spawned":[1,8,11,14,18,21,24,30,36,39,41,45],"ascension_level":5}