{"gold_per_floor":[110,110,35,51,51,51,86,86,161,161,141,141,156,175,175,273,273,273,173,173,0,0,0,0,0,0,0,0,0,0,0,0,0,0,0,0,0,0,0,0,0,0,0,0,0,0,0,0,0,0],"floor_reached":50,"playtime":2465,"items_purged":["Strike_R","Strike_R","Bash"],"score":505,"play_id":"a95c622e-2cb5-4ca1-b00c-01af65993f49","local_time":"20180920004125","is_ascension_mode":false,"campfire_choices":[{"data":"Defend_R","floor":6,"key":"SMITH"},{"data":"Cleave","floor":8,"key":"SMITH"},{"data":"Defend_R","floor":12,"key":"SMITH"},{"data":"Defend_R","floor":15,"key":"SMITH"},{"data":"Defend_R","floor":23,"key":"SMITH"},{"data":"Clash","floor":29,"key":"SMITH"},{"data":"Flex","floor":32,"key":"SMITH"},{"data":"Double Tap","floor":40,"key":"SMITH"},{"data":"Strike_R","floor":42,"key":"SMITH"},{"data":"Madness","floor":47,"key":"SMITH"},{"data":"Madness","floor":49,"key":"SMITH"}],"neow_cost":"NONE","seed_source_timestamp":23013158339618,"circlet_count":0,"master_deck":["Strike_R","Strike_R+1","Strike_R+1","Defend_R+1","Defend_R+1","Defend_R+1","Defend_R+1","Cleave+1","Spot Weakness+1","Clash+1","Uppercut+1","Flex+1","Ghostly Armor+1","Double Tap+1","Shrug It Off+1","Madness+1","Madness+1"],"relics":["Burning Blood","Ornamental Fan","Paper Frog","Ectoplasm","Bag of Preparation","MawBank","Blood Vial","Coffee Dripper","Red Mask","Pear"],"potions_floor_usage":[16,33,33,33,50,50],"damage_taken":[{"damage":11,"enemies":"Jaw Worm","floor":1,"turns":4},{"damage":0,"enemies":"2 Louse","floor":4,"turns":2},{"damage":28,"enemies":"3 Sentries","floor":7,"turns":6},{"damage":0,"enemies":"Small Slimes","floor":13,"turns":2},{"damage":4,"enemies":"Looter","floor":14,"turns":3},{"damage":30,"enemies":"Hexaghost","floor":16,"turns":8},{"damage":13,"enemies":"Spheric Guardian","floor":18,"turns":6},{"damage":0,"enemies":"Chosen","floor":20,"turns":3},{"damage":5,"enemies":"3 Cultists","floor":22,"turns":5},{"damage":20,"enemies":"Chosen and Byrds","floor":24,"turns":7},{"damage":11,"enemies":"Book of Stabbing","floor":25,"turns":5},{"damage":0,"enemies":"Cultist and Chosen","floor":28,"turns":4},{"damage":15,"enemies":"Slavers","floor":31,"turns":6},{"damage":70,"enemies":"Automaton","floor":33,"turns":11},{"damage":41,"enemies":"3 Shapes","floor":35,"turns":4},{"damage":0,"enemies":"Orb Walker","floor":37,"turns":1},{"damage":13,"enemies":"Sphere and 2 Shapes","floor":39,"turns":5},{"damage":0,"enemies":"3 Darklings","floor":41,"turns":2},{"damage":5,"enemies":"Transient","floor":45,"turns":5},{"damage":9,"enemies":"Reptomancer","floor":48,"turns":4},{"damage":91,"enemies":"Donu and Deca","floor":50,"turns":8}],"seed_played":"-7497646461723485814","potions_obtained":[{"floor":1,"key":"PowerPotion"},{"floor":7,"key":"Energy Potion"},{"floor":11,"key":"SteroidPotion"},{"floor":16,"key":"PowerPotion"},{"floor":18,"key":"Regen Potion"},{"floor":33,"key":"Strength Potion"},{"floor":39,"key":"FairyPotion"},{"floor":45,"key":"Fire Potion"}],"is_trial":false,"path_per_floor":["M","?","$","M","?","R","E","R","T","?","?","R","M","M","R","B",null,"M","$","M","$","M","R","M","E","T","?","M","R","?","E","R","B",null,"M","$","M","?","M","R","M","R","T","$","M","?","R","M","R"],"character_chosen":"IRONCLAD","items_purchased":["Flex"],"campfire_rested":0,"item_purchase_floors":[21],"current_hp_per_floor":[75,59,59,65,70,70,48,48,48,48,48,48,54,56,56,32,85,78,78,84,84,85,85,71,66,66,66,72,72,72,63,63,15,85,50,50,58,58,53,53,61,61,71,71,74,62,62,61,61,0],"gold":0,"neow_bonus":"THREE_CARDS","is_prod":false,"is_daily":false,"chose_seed":false,"campfire_upgraded":11,"win_rate":0,"timestamp":1537422085,"path_taken":["M","?","$","M","?","R","E","R","T","?","?","R","M","M","R","BOSS","M","$","M","$","M","R","M","E","T","?","M","R","?","E","R","BOSS","M","?","M","?","M","R","M","R","T","?","M","?","R","M","R","BOSS"],"build_version":"2018-09-06","purchased_purges":3,"victory":false,"max_hp_per_floor":[80,80,80,80,85,85,85,85,85,85,85,85,85,85,85,85,85,85,85,85,85,85,85,85,85,85,85,85,85,85,85,85,85,85,85,85,85,85,85,85,85,85,95,95,95,95,95,95,95,95],"card_choices":[{"not_picked":["Pommel Strike","True Grit"],"picked":"Cleave","floor":0},{"not_picked":["Evolve","Flex"],"picked":"Spot Weakness","floor":1},{"not_picked":["Battle Trance","Clothesline","Cleave"],"picked":"SKIP","floor":4},{"not_picked":["Disarm","Wild Strike","Bloodletting"],"picked":"SKIP","floor":7},{"not_picked":["Rupture","Power Through","Shrug It Off"],"picked":"SKIP","floor":13},{"not_picked":["Wild Strike","Thunderclap","Twin Strike"],"picked":"SKIP","floor":14},{"not_picked":["Sever Soul","Twin Strike"],"picked":"Clash","floor":18},{"not_picked":["Warcry","Dropkick"],"picked":"Uppercut+1","floor":20},{"not_picked":["Body Slam","Clash","Shrug It Off"],"picked":"SKIP","floor":22},{"not_picked":["Havoc+1","Blood for Blood","Fire Breathing"],"picked":"SKIP","floor":24},{"not_picked":["Rage","Demon Form"],"picked":"Ghostly Armor","floor":25},{"not_picked":["Infernal Blade+1","Headbutt","Clash+1"],"picked":"SKIP","floor":28},{"not_picked":["Pommel Strike","Clothesline+1","Cleave+1"],"picked":"SKIP","floor":31},{"not_picked":["Juggernaut","Bludgeon"],"picked":"Double Tap","floor":33},{"not_picked":["Cleave+1","Dropkick","Second Wind"],"picked":"SKIP","floor":35},{"not_picked":["Sentinel","Havoc","Infernal Blade"],"picked":"SKIP","floor":37},{"not_picked":["Feel No Pain","Spot Weakness+1","Warcry"],"picked":"SKIP","floor":39},{"not_picked":["Fire Breathing","Flex"],"picked":"Shrug It Off+1","floor":41},{"not_picked":["Headbutt","Dropkick","Combust+1"],"picked":"SKIP","floor":45},{"not_picked":["Wild Strike+1","Warcry+1","Reckless Charge"],"picked":"SKIP","floor":48}],"player_experience":316124,"relics_obtained":[{"floor":7,"key":"Ornamental Fan"},{"floor":9,"key":"Paper Frog"},{"floor":25,"key":"Bag of Preparation"},{"floor":26,"key":"MawBank"},{"floor":31,"key":"Blood Vial"},{"floor":43,"key":"Pear"}],"event_choices":[{"event_name":"Shining Light","player_choice":"Entered Light","floor":2,"damage_taken":0},{"event_name":"Big Fish","player_choice":"Donut","floor":5,"damage_taken":0},{"event_name":"Liars Game","player_choice":"disagreed","floor":10,"damage_taken":0},{"event_name":"The Woman in Blue","player_choice":"Bought 1 Potion","floor":11,"damage_taken":0},{"event_name":"Upgrade Shrine","player_choice":"Upgraded","floor":27,"damage_taken":0},{"event_name":"Tomb of Lord Red Mask","player_choice":"Paid","floor":38,"damage_taken":0},{"event_name":"Winding Halls","player_choice":"Embrace Madness","floor":46,"damage_taken":0}],"is_beta":false,"boss_relics":[{"not_picked":["Tiny House","Eternal Feather"],"picked":"Ectoplasm"},{"not_picked":["Mark of Pain","Empty Cage"],"picked":"Coffee Dripper"}],"items_purged_floors":[3,19,21],"is_endless":false,"potions_floor_spawned":[1,7,13,16,18,28,31,33,39,45,48],"killed_by":"Donu and Deca","ascension_level":0}