{"gold_per_floor":[20,30,30,43,3,38,49,68,68,18,18,36,36,70,70,172,172,187,27,39,39,51,51,51,51,51,70,70],"floor_reached":28,"playtime":1732,"items_purged":["Normality"],"score":345,"play_id":"ad599795-3e95-411d-bbf9-108610c4a6db","local_time":"20191017135241","is_ascension_mode":true,"campfire_choices":[{"data":"True Grit","floor":11,"key":"SMITH"},{"data":"Spot Weakness","floor":15,"key":"SMITH"},{"data":"Flame Barrier","floor":23,"key":"SMITH"}],"neow_cost":"NO_GOLD","seed_source_timestamp":235994208971800,"circlet_count":0,"master_deck":["AscendersBane","Strike_R","Strike_R","Strike_R","Defend_R","Defend_R","Defend_R","Bash","True Grit+1","Shrug It Off","Intimidate","Battle Trance","Pummel","Ghostly Armor","Pommel Strike","Spot Weakness+1","Pommel Strike","Juggernaut","Shame","Decay","Sword Boomerang","Bandage Up","Flame Barrier+1","J.A.X.","Pommel Strike","Writhe","Shrug It Off+1"],"relics":["Burning Blood","Nunchaku","Juzu Bracelet","Blue Candle","Mercury Hourglass","Calling Bell","Shuriken","Potion Belt","Thread and Needle","Toxic Egg 2","Lantern","Prayer Wheel"],"potions_floor_usage":[8,14,14,16,20,27],"damage_taken":[{"damage":9,"enemies":"Jaw Worm","floor":1,"turns":4},{"damage":1,"enemies":"Cultist","floor":2,"turns":4},{"damage":5,"enemies":"Small Slimes","floor":4,"turns":4},{"damage":29,"enemies":"Gremlin Nob","floor":6,"turns":4},{"damage":5,"enemies":"Red Slaver","floor":7,"turns":4},{"damage":3,"enemies":"Large Slime","floor":8,"turns":7},{"damage":8,"enemies":"Blue Slaver","floor":12,"turns":4},{"damage":5,"enemies":"3 Sentries","floor":14,"turns":6},{"damage":27,"enemies":"Hexaghost","floor":16,"turns":9},{"damage":5,"enemies":"Chosen","floor":18,"turns":5},{"damage":27,"enemies":"2 Thieves","floor":20,"turns":5},{"damage":22,"enemies":"Shelled Parasite and Fungi","floor":22,"turns":5},{"damage":9,"enemies":"Centurion and Healer","floor":27,"turns":5},{"damage":14,"enemies":"Snecko","floor":28,"turns":5}],"seed_played":"666102206847794316","potions_obtained":[{"floor":2,"key":"Swift Potion"},{"floor":6,"key":"AttackPotion"},{"floor":8,"key":"Energy Potion"},{"floor":12,"key":"Fire Potion"},{"floor":14,"key":"Block Potion"},{"floor":22,"key":"FearPotion"}],"is_trial":false,"path_per_floor":["M","M","?","M","$","E","M","M","T","?","R","M","?","E","R","B",null,"M","$","M","?","M","R","?","T","T","M","M"],"character_chosen":"IRONCLAD","items_purchased":["Battle Trance","Bandage Up"],"campfire_rested":0,"item_purchase_floors":[5,19],"current_hp_per_floor":[69,74,74,75,75,52,53,56,56,56,56,54,54,55,55,34,69,70,70,53,53,41,41,41,41,41,42,28],"gold":70,"neow_bonus":"ONE_RARE_RELIC","is_prod":false,"is_daily":false,"chose_seed":false,"campfire_upgraded":3,"win_rate":0,"timestamp":1571338361,"path_taken":["M","M","?","M","?","E","M","M","T","?","R","M","?","E","R","BOSS","M","$","M","?","M","R","?","?","T","M","M"],"build_version":"2019-07-17","purchased_purges":1,"victory":false,"max_hp_per_floor":[80,80,80,80,80,80,80,80,80,80,80,80,80,80,80,80,80,80,80,80,80,80,80,80,80,80,80,80],"card_choices":[{"not_picked":["Anger","Body Slam"],"picked":"True Grit","floor":1},{"not_picked":["Cleave","Thunderclap"],"picked":"Shrug It Off","floor":2},{"not_picked":["Combust","Warcry"],"picked":"Intimidate","floor":4},{"not_picked":["Body Slam","Anger"],"picked":"Pummel","floor":6},{"not_picked":["Power Through","Hemokinesis"],"picked":"Ghostly Armor","floor":7},{"not_picked":["Thunderclap","Clash"],"picked":"Pommel Strike","floor":8},{"not_picked":["Flame Barrier","Clothesline"],"picked":"Spot Weakness","floor":12},{"not_picked":["Thunderclap","Brutality"],"picked":"Pommel Strike","floor":14},{"not_picked":["Berserk","Feed"],"picked":"Juggernaut","floor":16},{"not_picked":["Flex","Battle Trance"],"picked":"Sword Boomerang","floor":18},{"not_picked":["Anger","Flex+1"],"picked":"Flame Barrier","floor":20},{"not_picked":["Clothesline","Clash"],"picked":"Pommel Strike","floor":22},{"not_picked":["Bludgeon","Heavy Blade+1"],"picked":"Shrug It Off+1","floor":27},{"not_picked":["Intimidate+1","Metallicize","Headbutt"],"picked":"SKIP","floor":27}],"player_experience":868523,"relics_obtained":[{"floor":6,"key":"Juzu Bracelet"},{"floor":9,"key":"Blue Candle"},{"floor":14,"key":"Mercury Hourglass"},{"floor":17,"key":"Shuriken"},{"floor":17,"key":"Potion Belt"},{"floor":17,"key":"Thread and Needle"},{"floor":25,"key":"Lantern"},{"floor":26,"key":"Prayer Wheel"}],"event_choices":[{"cards_removed":["Defend_R"],"damage_healed":0,"gold_gain":0,"player_choice":"Purged","damage_taken":0,"max_hp_gain":0,"max_hp_loss":0,"event_name":"Purifier","floor":3,"gold_loss":0},{"cards_removed":["Strike_R"],"damage_healed":0,"gold_gain":0,"player_choice":"Card Removal","damage_taken":0,"max_hp_gain":0,"max_hp_loss":0,"event_name":"The Cleric","floor":10,"gold_loss":50},{"cards_removed":["Strike_R"],"damage_healed":0,"gold_gain":0,"player_choice":"Offered Basic","damage_taken":0,"max_hp_gain":0,"max_hp_loss":0,"event_name":"Bonfire Elementals","floor":13,"gold_loss":0},{"damage_healed":0,"gold_gain":0,"player_choice":"Obtain J.A.X.","damage_taken":0,"max_hp_gain":0,"max_hp_loss":0,"event_name":"Drug Dealer","floor":21,"gold_loss":0,"cards_obtained":["J.A.X."]},{"damage_healed":0,"gold_gain":0,"player_choice":"Opened","damage_taken":0,"relics_obtained":["Toxic Egg 2"],"max_hp_gain":0,"max_hp_loss":0,"event_name":"The Mausoleum","floor":24,"gold_loss":0,"cards_obtained":["Writhe"]}],"is_beta":false,"boss_relics":[{"not_picked":["Astrolabe","Runic Dome"],"picked":"Calling Bell"}],"items_purged_floors":[19],"is_endless":false,"potions_floor_spawned":[2,6,8,12,14,22],"killed_by":"Snecko","ascension_level":10}