{"gold_per_floor":[114,114,39,59,72,107,107,139,164,192,206,59,72,91,91,188,188,201,4,16,35,35,35],"floor_reached":23,"playtime":1745,"items_purged":["Clumsy","Defend_G"],"score":298,"play_id":"c55c9e0d-f39e-497a-b64b-6c6c0b2741fd","local_time":"20190116225713","is_ascension_mode":true,"campfire_choices":[{"floor":7,"key":"REST"},{"floor":15,"key":"REST"}],"neow_cost":"CURSE","seed_source_timestamp":188463082963589,"circlet_count":0,"master_deck":["Defend_G","Defend_G","Defend_G","Defend_G","Strike_G","Strike_G","Strike_G","Strike_G","Strike_G","Survivor","Neutralize","Dagger Throw","Quick Slash","Backflip","Dagger Spray","Caltrops","Dagger Throw","Backflip","Deflect","Escape Plan","After Image","Outmaneuver","Apotheosis","Choke"],"relics":["Ring of the Snake","Girya","PreservedInsect","Boot","Ornamental Fan","Fusion Hammer"],"potions_floor_usage":[8,14,16,16,21,23],"damage_taken":[{"damage":3,"enemies":"2 Louse","floor":1,"turns":4},{"damage":0,"enemies":"Cultist","floor":4,"turns":4},{"damage":0,"enemies":"Small Slimes","floor":5,"turns":3},{"damage":34,"enemies":"3 Sentries","floor":6,"turns":11},{"damage":18,"enemies":"Gremlin Nob","floor":8,"turns":4},{"damage":15,"enemies":"Lagavulin","floor":10,"turns":5},{"damage":1,"enemies":"Red Slaver","floor":11,"turns":3},{"damage":0,"enemies":"Large Slime","floor":13,"turns":4},{"damage":0,"enemies":"Lots of Slimes","floor":14,"turns":1},{"damage":26,"enemies":"Slime Boss","floor":16,"turns":10},{"damage":0,"enemies":"3 Byrds","floor":18,"turns":4},{"damage":9,"enemies":"2 Thieves","floor":20,"turns":4},{"damage":17,"enemies":"Snake Plant","floor":21,"turns":5},{"damage":27,"enemies":"Gremlin Leader","floor":23,"turns":5}],"seed_played":"2230329409169740994","potions_obtained":[{"floor":6,"key":"Weak Potion"},{"floor":8,"key":"Explosive Potion"},{"floor":10,"key":"AttackPotion"},{"floor":11,"key":"Fire Potion"},{"floor":14,"key":"Strength Potion"},{"floor":20,"key":"EssenceOfSteel"}],"is_trial":false,"path_per_floor":["M","?","$","M","M","E","R","E","T","E","M","$","M","M","R","B",null,"M","$","M","M","?","E"],"character_chosen":"THE_SILENT","items_purchased":["Deflect","Apotheosis"],"campfire_rested":2,"item_purchase_floors":[12,19],"current_hp_per_floor":[60,60,60,60,60,26,47,29,29,14,13,13,13,13,34,8,55,55,55,46,29,16,0],"gold":35,"neow_bonus":"ONE_RARE_RELIC","is_prod":false,"is_daily":false,"chose_seed":false,"campfire_upgraded":0,"win_rate":0,"timestamp":1547701033,"path_taken":["M","?","$","M","M","E","R","E","T","E","M","$","?","M","R","BOSS","M","$","M","M","?","E"],"build_version":"2019-01-10","purchased_purges":2,"victory":false,"max_hp_per_floor":[70,70,70,70,70,70,70,70,70,70,70,70,70,70,70,70,70,70,70,70,70,75,75],"card_choices":[{"not_picked":["Bane","Well Laid Plans"],"picked":"Dagger Throw","floor":1},{"not_picked":["Concentrate","Acrobatics"],"picked":"Quick Slash","floor":4},{"not_picked":["Dagger Throw","Bane"],"picked":"Backflip","floor":5},{"not_picked":["Eviscerate","Flechettes"],"picked":"Dagger Spray","floor":6},{"not_picked":["Deadly Poison","Escape Plan"],"picked":"Caltrops","floor":8},{"not_picked":["Predator","Concentrate"],"picked":"Dagger Throw","floor":10},{"not_picked":["Dodge and Roll","Blade Dance"],"picked":"Backflip","floor":11},{"not_picked":["Prepared","Catalyst"],"picked":"Escape Plan","floor":13},{"not_picked":["Bane","PiercingWail","Dodge and Roll"],"picked":"SKIP","floor":14},{"not_picked":["Unload","Die Die Die"],"picked":"After Image","floor":16},{"not_picked":["Calculated Gamble+1","Bane+1"],"picked":"Outmaneuver","floor":18},{"not_picked":["Prepared","Bane","PiercingWail+1"],"picked":"SKIP","floor":20},{"not_picked":["Riddle With Holes+1","Escape Plan"],"picked":"Choke","floor":21}],"player_experience":662156,"relics_obtained":[{"floor":6,"key":"PreservedInsect"},{"floor":8,"key":"Boot"},{"floor":10,"key":"Ornamental Fan"}],"event_choices":[{"damage_healed":0,"gold_gain":0,"cards_transformed":["Regret"],"player_choice":"Transformed","damage_taken":0,"max_hp_gain":0,"max_hp_loss":0,"event_name":"Transmorgrifier","floor":2,"gold_loss":0,"cards_obtained":["Clumsy"]},{"damage_healed":0,"gold_gain":0,"player_choice":"Shed Blood","damage_taken":18,"max_hp_gain":5,"max_hp_loss":0,"event_name":"Forgotten Altar","floor":22,"gold_loss":0}],"is_beta":false,"boss_relics":[{"not_picked":["Orrery","Black Star"],"picked":"Fusion Hammer"}],"items_purged_floors":[3,12],"is_endless":false,"potions_floor_spawned":[6,8,10,11,14,20],"killed_by":"Gremlin Leader","ascension_level":8}