{"gold_per_floor":[109,109,119,130,142,142,156,231,306,306,323,323,402,203,203,308,308,308,233,6,18,38,38,58,58,58,90,90,103,103,119,119,216,216,236,236,236,58,75,75,75,0,47,58,85,85,95,111,111,111],"floor_reached":50,"playtime":2952,"items_purged":["Strike_B","Strike_B","Defend_B"],"score":746,"play_id":"c6abfe11-a36e-499d-9ba3-64258e68ae2e","local_time":"20190219004137","is_ascension_mode":true,"campfire_choices":[{"data":"Undo","floor":6,"key":"SMITH"},{"floor":10,"key":"REST"},{"data":"Conserve Battery","floor":12,"key":"SMITH"},{"data":"Blind","floor":15,"key":"SMITH"},{"data":"Cold Snap","floor":23,"key":"SMITH"},{"data":"Cold Snap","floor":25,"key":"SMITH"},{"floor":32,"key":"REST"},{"data":"Madness","floor":40,"key":"SMITH"},{"floor":46,"key":"REST"},{"floor":49,"key":"REST"}],"neow_cost":"TEN_PERCENT_HP_LOSS","seed_source_timestamp":195359621662964,"circlet_count":0,"master_deck":["Strike_B","Defend_B","Zap","Dualcast","Core Surge","Biased Cognition+1","Sweeping Beam+1","Cold Snap+1","Undo+1","Cold Snap+1","Conserve Battery+1","Cold Snap","Blind+1","Core Surge","Gash","Darkness","Gash","Gash","Sunder+1","Conserve Battery","Gash+1","Sweeping Beam","Multi-Cast","Auto Shields","Madness+1","Ball Lightning","Parasite","Leap"],"relics":["Cracked Core","Meat on the Bone","Philosopher\u0027s Stone","Gremlin Horn","Girya","Potion Belt","Runic Pyramid","Red Mask","Anchor","Question Card"],"potions_floor_usage":[18,24,33,44,45,45,50,50],"damage_taken":[{"damage":0,"enemies":"2 Louse","floor":1,"turns":2},{"damage":0,"enemies":"Small Slimes","floor":3,"turns":1},{"damage":5,"enemies":"Jaw Worm","floor":4,"turns":2},{"damage":1,"enemies":"Looter","floor":5,"turns":3},{"damage":0,"enemies":"2 Fungi Beasts","floor":7,"turns":2},{"damage":7,"enemies":"Large Slime","floor":11,"turns":4},{"damage":0,"enemies":"The Guardian","floor":16,"turns":14},{"damage":0,"enemies":"3 Byrds","floor":18,"turns":1},{"damage":0,"enemies":"Spheric Guardian","floor":21,"turns":3},{"damage":10,"enemies":"Shelled Parasite and Fungi","floor":22,"turns":6},{"damage":7,"enemies":"Snecko","floor":24,"turns":6},{"damage":11,"enemies":"Book of Stabbing","floor":27,"turns":4},{"damage":0,"enemies":"Snake Plant","floor":29,"turns":4},{"damage":13,"enemies":"Sentry and Sphere","floor":31,"turns":4},{"damage":41,"enemies":"Automaton","floor":33,"turns":9},{"damage":5,"enemies":"3 Shapes","floor":35,"turns":5},{"damage":4,"enemies":"Orb Walker","floor":39,"turns":3},{"damage":28,"enemies":"Writhing Mass","floor":44,"turns":7},{"damage":12,"enemies":"Reptomancer","floor":45,"turns":7},{"damage":12,"enemies":"Maw","floor":47,"turns":8},{"damage":16,"enemies":"3 Darklings","floor":48,"turns":5},{"damage":64,"enemies":"Donu and Deca","floor":50,"turns":6}],"seed_played":"-6834401144877793979","potions_obtained":[{"floor":1,"key":"Strength Potion"},{"floor":3,"key":"SpeedPotion"},{"floor":7,"key":"SmokeBomb"},{"floor":22,"key":"Poison Potion"},{"floor":27,"key":"FocusPotion"},{"floor":29,"key":"GamblersBrew"},{"floor":39,"key":"EssenceOfSteel"},{"floor":45,"key":"GamblersBrew"}],"is_trial":false,"path_per_floor":["M","?","M","M","M","R","M","?","T","R","M","R","?","$","R","B",null,"M","?","$","M","M","R","M","R","T","E","?","M","?","M","R","B",null,"M","?","?","$","M","R","?","?","T","M","E","R","M","M","R","B"],"character_chosen":"DEFECT","items_purchased":["Cold Snap","Blind","Gash","Darkness","Ball Lightning"],"campfire_rested":4,"item_purchase_floors":[14,14,20,20,38],"current_hp_per_floor":[68,54,54,49,48,48,48,37,37,57,50,50,50,50,50,50,64,64,64,64,64,54,54,47,47,47,36,36,36,36,35,55,26,58,53,53,53,53,49,49,49,49,49,33,33,53,41,37,57,0],"gold":111,"neow_bonus":"TRANSFORM_TWO_CARDS","is_prod":false,"is_daily":false,"chose_seed":false,"campfire_upgraded":6,"win_rate":0,"timestamp":1550558497,"path_taken":["M","?","M","M","M","R","M","?","T","R","M","R","?","$","R","BOSS","M","?","$","M","M","R","M","R","T","E","?","M","?","M","R","BOSS","M","?","?","$","M","R","?","?","T","M","E","R","M","M","R","BOSS"],"build_version":"2019-01-23","purchased_purges":3,"victory":false,"max_hp_per_floor":[68,68,68,68,68,68,68,68,68,68,68,68,68,68,68,68,68,68,68,68,68,68,68,68,68,68,68,68,68,68,68,68,68,68,68,68,68,68,68,68,68,68,68,68,68,68,68,68,68,68],"card_choices":[{"not_picked":["Loop","Darkness"],"picked":"Sweeping Beam","floor":1},{"not_picked":["Turbo","Barrage"],"picked":"Cold Snap","floor":3},{"not_picked":["Streamline","Rebound"],"picked":"Undo","floor":4},{"not_picked":["Aggregate","Force Field"],"picked":"Cold Snap","floor":5},{"not_picked":["Reboot","Capacitor","Cold Snap"],"picked":"SKIP","floor":7},{"not_picked":["Go for the Eyes","Scrape"],"picked":"Conserve Battery","floor":11},{"not_picked":["Creative AI","Rainbow"],"picked":"Core Surge","floor":16},{"not_picked":["Turbo+1","Fusion+1"],"picked":"Gash","floor":21},{"not_picked":["Static Discharge","Conserve Battery+1"],"picked":"Gash","floor":22},{"not_picked":["Turbo","Double Energy"],"picked":"Sunder+1","floor":24},{"not_picked":["Defragment","Streamline+1"],"picked":"Conserve Battery","floor":27},{"not_picked":["Force Field+1","Beam Cell"],"picked":"Gash+1","floor":29},{"not_picked":["Reprogram+1","Amplify"],"picked":"Sweeping Beam","floor":31},{"not_picked":["Amplify","Creative AI"],"picked":"Multi-Cast","floor":33},{"not_picked":["Streamline","Hologram"],"picked":"Auto Shields","floor":35},{"not_picked":["Thinking Ahead","Panache"],"picked":"Madness","floor":37},{"not_picked":["Steam+1","Storm"],"picked":"Tempest","floor":39},{"not_picked":["Sunder+1","Sweeping Beam","Cold Snap+1"],"picked":"SKIP","floor":44},{"not_picked":["Aggregate+1","Hologram+1"],"picked":"Leap","floor":45},{"not_picked":["Hologram","Leap","Rip and Tear","Go for the Eyes"],"picked":"SKIP","floor":47},{"not_picked":["Steam+1","Cold Snap","Coolheaded","Rebound"],"picked":"SKIP","floor":48}],"player_experience":717862,"relics_obtained":[{"floor":9,"key":"Meat on the Bone"},{"floor":26,"key":"Gremlin Horn"},{"floor":27,"key":"Girya"},{"floor":43,"key":"Anchor"},{"floor":45,"key":"Question Card"}],"event_choices":[{"damage_healed":0,"gold_gain":0,"player_choice":"Entered Light","damage_taken":14,"max_hp_gain":0,"max_hp_loss":0,"event_name":"Shining Light","floor":2,"gold_loss":0,"cards_upgraded":["Sweeping Beam","Biased Cognition"]},{"damage_healed":0,"gold_gain":75,"player_choice":"Gather Gold","damage_taken":11,"max_hp_gain":0,"max_hp_loss":0,"event_name":"World of Goop","floor":8,"gold_loss":0},{"damage_healed":0,"gold_gain":79,"player_choice":"Gained Gold","damage_taken":0,"max_hp_gain":0,"max_hp_loss":0,"event_name":"Golden Wing","floor":13,"gold_loss":0},{"cards_removed":["Defend_B"],"damage_healed":0,"gold_gain":0,"player_choice":"Gave Gold","damage_taken":0,"max_hp_gain":0,"max_hp_loss":0,"event_name":"Beggar","floor":19,"gold_loss":75},{"damage_healed":0,"gold_gain":0,"player_choice":"Opened","damage_taken":0,"relics_obtained":["Potion Belt"],"max_hp_gain":0,"max_hp_loss":0,"event_name":"The Mausoleum","floor":28,"gold_loss":0,"cards_obtained":["Writhe"]},{"cards_removed":["Writhe"],"damage_healed":0,"gold_gain":0,"player_choice":"Elegance","damage_taken":0,"max_hp_gain":0,"max_hp_loss":0,"event_name":"Back to Basics","floor":30,"gold_loss":0},{"damage_healed":0,"gold_gain":0,"player_choice":"Ignored","damage_taken":0,"max_hp_gain":0,"max_hp_loss":0,"event_name":"Mysterious Sphere","floor":36,"gold_loss":0},{"damage_healed":0,"gold_gain":0,"player_choice":"Memory 1","damage_taken":0,"max_hp_gain":0,"max_hp_loss":0,"event_name":"SensoryStone","floor":37,"gold_loss":0},{"cards_removed":["Tempest"],"damage_healed":0,"gold_gain":0,"player_choice":"Removed Skill","damage_taken":0,"max_hp_gain":0,"max_hp_loss":0,"event_name":"Falling","floor":41,"gold_loss":0},{"damage_healed":0,"gold_gain":0,"player_choice":"Paid","damage_taken":0,"relics_obtained":["Red Mask"],"max_hp_gain":0,"max_hp_loss":0,"event_name":"Tomb of Lord Red Mask","floor":42,"gold_loss":75}],"is_beta":false,"boss_relics":[{"not_picked":["FrozenCore","Fusion Hammer"],"picked":"Philosopher\u0027s Stone"},{"not_picked":["Busted Crown","Nuclear Battery"],"picked":"Runic Pyramid"}],"items_purged_floors":[14,20,38],"is_endless":false,"potions_floor_spawned":[1,3,7,22,27,29,39,45],"killed_by":"Donu and Deca","ascension_level":7}