{"gold_per_floor":[112,124,134,59,78,78,103,119,144,144,157,157,157,191,191,291,291,246,77,77,77,9,9,9,9,9,9,9,9,9,9,9,9,9,9,9,9,9],"floor_reached":38,"playtime":1877,"items_purged":["Defend_B","Strike_B"],"score":502,"play_id":"1ab349cd-6f36-4b2d-acc1-436a6b19c48f","local_time":"20181030233204","is_ascension_mode":true,"campfire_choices":[{"data":"Zap","floor":6,"key":"SMITH"},{"floor":10,"key":"REST"},{"floor":13,"key":"REST"},{"floor":15,"key":"REST"},{"data":"Dualcast","floor":23,"key":"SMITH"},{"floor":28,"key":"REST"},{"data":"Redo","floor":30,"key":"SMITH"},{"floor":32,"key":"REST"}],"neow_cost":"NONE","seed_source_timestamp":593536615818240,"circlet_count":0,"master_deck":["Strike_B","Strike_B","Defend_B","Defend_B","Zap+1","Dualcast+1","Streamline","Beam Cell","Redo+1","Electrodynamics","Steam","Gash","Go for the Eyes+1","Static Discharge","Rip and Tear+1","Self Repair","Gash","Echo Form","Scrape+1","Madness","Madness"],"relics":["Cracked Core","Unceasing Top","Lantern","Pen Nib","Ectoplasm","Vajra","Juzu Bracelet","Black Star"],"potions_floor_usage":[14,29],"damage_taken":[{"damage":0,"enemies":"Cultist","floor":1,"turns":2},{"damage":0,"enemies":"2 Louse","floor":2,"turns":1},{"damage":5,"enemies":"Small Slimes","floor":3,"turns":3},{"damage":24,"enemies":"Exordium Thugs","floor":5,"turns":5},{"damage":27,"enemies":"3 Sentries","floor":7,"turns":4},{"damage":9,"enemies":"Red Slaver","floor":8,"turns":2},{"damage":6,"enemies":"Looter","floor":11,"turns":2},{"damage":25,"enemies":"Gremlin Nob","floor":14,"turns":4},{"damage":0,"enemies":"Slime Boss","floor":16,"turns":6},{"damage":12,"enemies":"2 Thieves","floor":18,"turns":3},{"damage":6,"enemies":"Spheric Guardian","floor":20,"turns":3},{"damage":17,"enemies":"Shelled Parasite and Fungi","floor":21,"turns":4},{"damage":1,"enemies":"Chosen and Byrds","floor":24,"turns":4},{"damage":16,"enemies":"Slavers","floor":25,"turns":3},{"damage":12,"enemies":"Cultist and Chosen","floor":27,"turns":4},{"damage":0,"enemies":"3 Cultists","floor":29,"turns":2},{"damage":46,"enemies":"Collector","floor":33,"turns":7},{"damage":29,"enemies":"3 Shapes","floor":35,"turns":4},{"damage":46,"enemies":"3 Darklings","floor":38,"turns":3}],"seed_played":"5163765384809276356","potions_obtained":[{"floor":5,"key":"SteroidPotion"},{"floor":7,"key":"FocusPotion"},{"floor":11,"key":"Poison Potion"},{"floor":14,"key":"LiquidBronze"},{"floor":25,"key":"Explosive Potion"}],"is_trial":false,"path_per_floor":["M","M","M","$","M","R","E","M","T","R","M","?","R","E","R","B",null,"M","$","M","M","$","R","M","E","T","M","R","M","R","?","R","B",null,"M","?","?"],"character_chosen":"DEFECT","items_purchased":["Static Discharge","Self Repair"],"campfire_rested":5,"item_purchase_floors":[19,22],"current_hp_per_floor":[75,75,70,70,46,46,19,10,10,32,26,26,48,23,45,45,75,63,63,57,40,40,40,46,37,37,32,54,54,54,54,75,36,75,53,53,44,0],"gold":9,"neow_bonus":"TRANSFORM_CARD","is_prod":false,"is_daily":false,"chose_seed":false,"campfire_upgraded":3,"win_rate":0,"timestamp":1540960324,"path_taken":["M","?","M","$","M","R","E","M","T","R","M","?","R","E","R","BOSS","M","?","M","M","?","R","M","E","T","M","R","M","R","?","R","BOSS","M","?","?","M"],"build_version":"2018-10-25v2","purchased_purges":2,"victory":false,"max_hp_per_floor":[75,75,75,75,75,75,75,75,75,75,75,75,75,75,75,75,75,75,75,75,75,75,75,75,75,75,75,75,75,75,75,75,75,75,75,75,75,75],"card_choices":[{"not_picked":["Rebound","Barrage","Streamline"],"picked":"SKIP","floor":1},{"not_picked":["Rebound","FTL"],"picked":"Beam Cell","floor":2},{"not_picked":["Barrage","Streamline"],"picked":"Redo","floor":3},{"not_picked":["Loop","Compile Driver"],"picked":"Electrodynamics","floor":5},{"not_picked":["Streamline","Ball Lightning"],"picked":"Steam","floor":7},{"not_picked":["Barrage","Reprogram"],"picked":"Gash","floor":8},{"not_picked":["Rebound","Aggregate","Turbo"],"picked":"SKIP","floor":11},{"not_picked":["Go for the Eyes","Steam","Hello World"],"picked":"SKIP","floor":14},{"not_picked":["Compile Driver","Glacier"],"picked":"Go for the Eyes+1","floor":18},{"not_picked":["Streamline+1","Compile Driver"],"picked":"Rip and Tear+1","floor":20},{"not_picked":["Cold Snap+1","Steam Power","Skim+1"],"picked":"SKIP","floor":21},{"not_picked":["Fusion+1","Skim","Tempest+1"],"picked":"SKIP","floor":24},{"not_picked":["Hologram+1","Steam Power","Steam+1"],"picked":"SKIP","floor":25},{"not_picked":["Turbo","Conserve Battery"],"picked":"Gash","floor":27},{"not_picked":["Hologram","Redo","Cold Snap"],"picked":"SKIP","floor":29},{"not_picked":["Multi-Cast","Seek"],"picked":"Echo Form","floor":33},{"not_picked":["Static Discharge","Barrage+1"],"picked":"Scrape+1","floor":35}],"player_experience":466077,"relics_obtained":[{"floor":7,"key":"Unceasing Top"},{"floor":9,"key":"Lantern"},{"floor":14,"key":"Pen Nib"},{"floor":25,"key":"Vajra"},{"floor":26,"key":"Juzu Bracelet"}],"event_choices":[{"damage_healed":0,"gold_gain":0,"player_choice":"Bought 0 Potions","damage_taken":0,"max_hp_gain":0,"max_hp_loss":0,"event_name":"The Woman in Blue","floor":12,"gold_loss":0},{"damage_healed":0,"gold_gain":0,"player_choice":"Ignored","damage_taken":0,"max_hp_gain":0,"max_hp_loss":0,"event_name":"The Mausoleum","floor":31,"gold_loss":0},{"cards_removed":["Defend_B"],"damage_healed":0,"gold_gain":0,"player_choice":"Removed Skill","damage_taken":0,"max_hp_gain":0,"max_hp_loss":0,"event_name":"Falling","floor":36,"gold_loss":0},{"damage_healed":0,"gold_gain":0,"player_choice":"Embrace Madness","damage_taken":9,"max_hp_gain":0,"max_hp_loss":0,"event_name":"Winding Halls","floor":37,"gold_loss":0,"cards_obtained":["Madness","Madness"]}],"is_beta":false,"boss_relics":[{"not_picked":["Runic Pyramid","Busted Crown"],"picked":"Ectoplasm"},{"not_picked":["Velvet Choker","Eternal Feather"],"picked":"Black Star"}],"items_purged_floors":[4,19],"is_endless":false,"potions_floor_spawned":[5,7,11,14,18,20,25],"killed_by":"3 Darklings","ascension_level":2}