{"path_per_floor":["M","?","M","?","M","R","E","R","T","M","M","E","R","M","R","B",null,"M","T","?","$","?","E","R"],"character_chosen":"THE_SILENT","items_purchased":["Strange Spoon","Happy Flower","Prepared"],"gold_per_floor":[119,119,138,138,149,149,183,183,206,223,234,267,267,279,279,374,374,394,421,421,26,26,56,56,56],"floor_reached":25,"campfire_rested":2,"playtime":1679,"current_hp_per_floor":[69,55,55,55,55,55,45,45,45,45,41,39,39,39,60,6,70,68,68,68,68,68,14,50,46],"items_purged":[],"gold":56,"score":229,"play_id":"c98c6b20-4963-45b5-acf6-e2bbfd1b5c37","local_time":"20180331171516","is_prod":false,"is_daily":false,"is_ascension_mode":false,"campfire_upgraded":3,"timestamp":1522534516,"path_taken":["M","?","M","?","M","R","E","R","T","M","M","E","R","?","R","BOSS","M","?","?","$","?","E","R","M"],"build_version":"2018-03-29v2","purchased_purges":0,"victory":false,"master_deck":["Defend_G","Defend_G","Defend_G","Defend_G","Strike_G+1","Strike_G","Strike_G","Strike_G+1","Survivor","Neutralize+1","Dagger Throw+1","Acrobatics","Dagger Throw+1","Unload+1","Backflip","Die Die Die","Concentrate+1","Prepared","Deflect"],"max_hp_per_floor":[70,70,70,70,70,70,70,70,70,70,70,70,70,70,70,70,70,70,70,70,70,70,70,70,70],"relics":["Ring of the Snake","Bottled Flame","Orichalcum","Gremlin Horn","Snecko Eye","Regal Pillow","Strange Spoon","Happy Flower","Juzu Bracelet"],"card_choices":[{"not_picked":["Underhanded Strike","Slice"],"picked":"Dagger Throw","floor":1},{"not_picked":["Flying Knee","Dagger Throw"],"picked":"Acrobatics","floor":3},{"not_picked":["Deadly Poison","Quick Slash"],"picked":"Dagger Throw","floor":10},{"not_picked":["Catalyst","Outmaneuver"],"picked":"Unload","floor":11},{"not_picked":["Skewer","Poisoned Stab"],"picked":"Backflip","floor":12},{"not_picked":["After Image","A Thousand Cuts"],"picked":"Die Die Die","floor":16},{"not_picked":["Dash","Bane"],"picked":"Concentrate","floor":18},{"not_picked":["Sucker Punch","Choke"],"picked":"Deflect","floor":23}],"player_experience":233622,"potions_floor_usage":[7,16,18],"damage_taken":[{"damage":1,"enemies":"Cultist","floor":1,"turns":5},{"damage":0,"enemies":"Small Slimes","floor":3,"turns":3},{"damage":0,"enemies":"Jaw Worm","floor":5,"turns":4},{"damage":10,"enemies":"Gremlin Nob","floor":7,"turns":4},{"damage":0,"enemies":"Blue Slaver","floor":10,"turns":4},{"damage":4,"enemies":"Exordium Thugs","floor":11,"turns":5},{"damage":2,"enemies":"3 Sentries","floor":12,"turns":7},{"damage":0,"enemies":"Gremlin Gang","floor":14,"turns":2},{"damage":54,"enemies":"The Guardian","floor":16,"turns":15},{"damage":2,"enemies":"Chosen","floor":18,"turns":4},{"damage":54,"enemies":"Book of Stabbing","floor":23,"turns":6},{"damage":4,"enemies":"Shell Parasite","floor":25,"turns":4}],"event_choices":[{"event_name":"Shining Light","player_choice":"Entered Light","floor":2,"damage_taken":0},{"event_name":"Living Wall","player_choice":"Forget","floor":4,"damage_taken":0},{"event_name":"Accursed Blacksmith","player_choice":"Forge","floor":20,"damage_taken":0},{"event_name":"Drug Dealer","player_choice":"Ignored","floor":22,"damage_taken":0}],"boss_relics":[{"not_picked":["The Specimen","Eternal Feather"],"picked":"Snecko Eye"}],"potions_floor_spawned":[3,5,11],"seed_played":"5667965811905772992","killed_by":"Shell Parasite","ascension_level":0,"is_trial":false}