{"path_per_floor":["M","M","$","?","?","M","M","E","T","M","R","M","R","M","R","B",null,"M","$","M","M","M","R","M","$","T"],"character_chosen":"IRONCLAD","items_purchased":["Battle Trance","Singing Bowl"],"gold_per_floor":[110,128,54,54,54,67,80,105,105,116,116,128,128,147,147,250,250,224,74,89,99,116,116,126,51,351],"floor_reached":27,"campfire_rested":1,"playtime":3045,"current_hp_per_floor":[79,80,80,80,73,79,80,69,69,71,71,77,77,80,80,47,80,54,54,53,46,30,54,53,53,53],"items_purged":["Strike_R"],"gold":351,"score":219,"play_id":"944c92eb-383e-4e43-b676-5e8231426b8e","local_time":"20180310234243","is_prod":false,"is_daily":false,"is_ascension_mode":false,"campfire_upgraded":3,"timestamp":1520746963,"path_taken":["M","M","$","?","?","M","M","E","T","M","R","M","R","M","R","BOSS","M","$","M","M","?","R","M","$","T","E"],"build_version":"2018-03-09","purchased_purges":1,"victory":false,"master_deck":["Strike_R","Strike_R","Strike_R","Defend_R","Defend_R","Defend_R","Bash","Body Slam+1","Iron Wave","Battle Trance","Metallicize+1","Pommel Strike","Whirlwind+1","Double Tap","Armaments","Barricade","Armaments","Body Slam","Entrench","Flex"],"max_hp_per_floor":[80,80,80,80,80,80,80,80,80,80,80,80,80,80,80,80,80,80,80,80,82,82,82,82,82,82],"relics":["Burning Blood","Vajra","Gambling Chip","Orrery","Singing Bowl","Old Coin"],"card_choices":[{"not_picked":["Perfected Strike","Hemokinesis"],"picked":"Body Slam"},{"not_picked":["Thunderclap","Power Through"],"picked":"Iron Wave"},{"not_picked":["Whirlwind","Sword Boomerang"],"picked":"Metallicize"},{"not_picked":["Warcry","Second Wind"],"picked":"Pommel Strike"},{"not_picked":["Exhume","Twin Strike"],"picked":"Whirlwind"},{"not_picked":["Bludgeon","Berserk"],"picked":"Double Tap"},{"not_picked":["Twin Strike","Havoc"],"picked":"Armaments"},{"not_picked":["True Grit","Headbutt"],"picked":"Barricade"},{"not_picked":["Dropkick","Havoc"],"picked":"Armaments"},{"not_picked":["Cleave","Headbutt"],"picked":"Body Slam"},{"not_picked":["Sentinel","Warcry"],"picked":"Entrench"},{"not_picked":["Combust","Burning Pact"],"picked":"Flex"}],"player_experience":126659,"potions_floor_usage":[21,22],"damage_taken":[{"damage":7.0,"enemies":"Jaw Worm","floor":1.0,"turns":5.0},{"damage":0.0,"enemies":"2 Louse","floor":2.0,"turns":3.0},{"damage":0.0,"enemies":"Cultist","floor":6.0,"turns":3.0},{"damage":4.0,"enemies":"Large Slime","floor":7.0,"turns":8.0},{"damage":17.0,"enemies":"Gremlin Nob","floor":8.0,"turns":5.0},{"damage":4.0,"enemies":"Gremlin Gang","floor":10.0,"turns":4.0},{"damage":0.0,"enemies":"Exordium Wildlife","floor":12.0,"turns":4.0},{"damage":0.0,"enemies":"Large Slime","floor":14.0,"turns":4.0},{"damage":39.0,"enemies":"Slime Boss","floor":16.0,"turns":9.0},{"damage":32.0,"enemies":"2 Thieves","floor":18.0,"turns":5.0},{"damage":7.0,"enemies":"Chosen","floor":20.0,"turns":9.0},{"damage":15,"enemies":"Centurion and Healer","floor":21,"turns":7},{"damage":22,"enemies":"Snake Plant","floor":22,"turns":6},{"damage":7,"enemies":"Snecko","floor":24,"turns":6},{"damage":25,"enemies":"Book of Stabbing","floor":27,"turns":6}],"event_choices":[{"event_name":"Living Wall","player_choice":"Forget","floor":4.0,"damage_taken":0.0},{"event_name":"Golden Wing","player_choice":"Card Removal","floor":5.0,"damage_taken":0.0}],"boss_relics":[],"potions_floor_spawned":[6,7,12,14,21,22],"seed_played":"-7094255630228005612","killed_by":"Book of Stabbing","ascension_level":0,"is_trial":false}