{"gold_per_floor":[117,131,145,158,174,174,206,206,262,262,282,309,63,63,63,167,167,182,202,110,110,110,110,139,0,0,24,36],"floor_reached":28,"playtime":2513,"items_purged":["Normality"],"score":248,"play_id":"75e5c354-1542-4ca3-ace6-c0c5fcd6dabb","local_time":"20180830192012","is_ascension_mode":false,"campfire_choices":[{"data":"Tactician","floor":6,"key":"SMITH"},{"data":"Bouncing Flask","floor":10,"key":"SMITH"},{"floor":15,"key":"REST"},{"data":"Blind","floor":23,"key":"SMITH"}],"neow_cost":"NONE","seed_source_timestamp":1106274833977152,"circlet_count":0,"master_deck":["Defend_G","Defend_G","Defend_G","Defend_G","Defend_G","Strike_G","Strike_G","Strike_G","Strike_G","Strike_G","Survivor","Neutralize","Tactician+1","Escape Plan","Bouncing Flask+1","Deflect","Backstab","Leg Sweep","Infinite Blades","Trip","Venomology","Footwork","Blind+1","Prepared+1"],"relics":["Ring of the Serpent","Potion Belt","Vajra","Dream Catcher","Tiny Chest","Regal Pillow","Pen Nib","Kunai","Bag of Marbles","MawBank"],"potions_floor_usage":[11,11,12,19,19,24,27,27,28],"damage_taken":[{"damage":0,"enemies":"Cultist","floor":1,"turns":5},{"damage":0,"enemies":"2 Louse","floor":2,"turns":3},{"damage":2,"enemies":"Small Slimes","floor":3,"turns":4},{"damage":0,"enemies":"Red Slaver","floor":4,"turns":8},{"damage":5,"enemies":"2 Fungi Beasts","floor":5,"turns":4},{"damage":23,"enemies":"Lagavulin","floor":7,"turns":8},{"damage":11,"enemies":"Exordium Thugs","floor":11,"turns":8},{"damage":5,"enemies":"Gremlin Nob","floor":12,"turns":4},{"damage":21,"enemies":"Slime Boss","floor":16,"turns":14},{"damage":0,"enemies":"Chosen","floor":18,"turns":4},{"damage":3,"enemies":"Shell Parasite","floor":19,"turns":3},{"damage":36,"enemies":"Slavers","floor":24,"turns":9},{"damage":4,"enemies":"Sentry and Sphere","floor":27,"turns":6},{"damage":35,"enemies":"Snecko","floor":28,"turns":5}],"seed_played":"-1881679263729142075","potions_obtained":[{"floor":1,"key":"Strength Potion"},{"floor":4,"key":"Energy Potion"},{"floor":7,"key":"SkillPotion"},{"floor":11,"key":"SpeedPotion"},{"floor":19,"key":"GhostInAJar"}],"is_trial":false,"path_per_floor":["M","M","M","M","M","R","E","?","T","R","M","E","$","?","R","B",null,"M","M","$","T","?","R","E","?","T","M"],"character_chosen":"THE_SILENT","items_purchased":["Infinite Blades","Trip","Blind"],"campfire_rested":1,"item_purchase_floors":[13,13,20],"current_hp_per_floor":[70,70,68,68,63,63,40,40,40,40,29,24,24,24,60,39,70,70,67,67,67,54,54,18,18,18,14,0],"gold":36,"neow_bonus":"RANDOM_COMMON_RELIC","is_prod":false,"is_daily":false,"chose_seed":false,"campfire_upgraded":3,"win_rate":0,"timestamp":1535674812,"path_taken":["M","M","M","?","M","R","E","?","T","R","M","E","$","?","R","BOSS","M","M","$","?","?","R","E","?","T","M","M"],"build_version":"2018-08-23v2","purchased_purges":1,"victory":false,"max_hp_per_floor":[70,70,70,70,70,70,70,70,70,70,70,70,70,70,70,70,70,70,70,70,70,75,75,75,75,75,75,75],"card_choices":[{"not_picked":["Expertise","Blade Dance"],"picked":"Tactician","floor":1},{"not_picked":["Quick Slash","Terror"],"picked":"Escape Plan","floor":2},{"not_picked":["Bane","Prepared","Leg Sweep"],"picked":"SKIP","floor":3},{"not_picked":["Bane","Deflect"],"picked":"Bouncing Flask","floor":4},{"not_picked":["Deadly Poison","Riddle With Holes","Calculated Gamble"],"picked":"SKIP","floor":5},{"not_picked":["Dash","Prepared"],"picked":"Deflect","floor":7},{"not_picked":["Deadly Poison","PiercingWail"],"picked":"Backstab","floor":11},{"not_picked":["Outmaneuver","Acrobatics"],"picked":"Leg Sweep","floor":12},{"not_picked":["Die Die Die","Night Terror"],"picked":"Venomology","floor":16},{"not_picked":["Slice+1","Poisoned Stab+1"],"picked":"Footwork","floor":18},{"not_picked":["Sucker Punch+1","Underhanded Strike","PiercingWail"],"picked":"SKIP","floor":19},{"not_picked":["PiercingWail","Underhanded Strike","Dagger Spray"],"picked":"SKIP","floor":24},{"not_picked":["Deadly Poison","Underhanded Strike"],"picked":"Prepared+1","floor":27}],"player_experience":283600,"relics_obtained":[{"floor":7,"key":"Vajra"},{"floor":9,"key":"Tiny Chest"},{"floor":12,"key":"Regal Pillow"},{"floor":21,"key":"Kunai"},{"floor":24,"key":"Bag of Marbles"},{"floor":26,"key":"MawBank"}],"event_choices":[{"event_name":"Accursed Blacksmith","player_choice":"Rummage","floor":8,"damage_taken":0},{"event_name":"WeMeetAgain","player_choice":"Potion","floor":14,"damage_taken":0},{"event_name":"Forgotten Altar","player_choice":"Shed Blood","floor":22,"damage_taken":0},{"event_name":"Masked Bandits","player_choice":"Paid Fearfully","floor":25,"damage_taken":0}],"is_beta":false,"boss_relics":[{"not_picked":["HoveringKite","Fusion Hammer"],"picked":"Ring of the Serpent"}],"items_purged_floors":[13],"is_endless":false,"potions_floor_spawned":[1,4,7,11,19],"killed_by":"Snecko","ascension_level":0}