{"path_per_floor":["M","M","?","?","?","R","M","R","T","M","$","R","$","M","R","B",null,"M","$","?","?","$","R","?","R","T","M","R"],"character_chosen":"THE_SILENT","items_purchased":["Outmaneuver","Deadly Poison","Bane"],"gold_per_floor":[110,122,197,147,147,147,165,165,165,184,83,83,29,44,44,139,139,154,9,9,9,9,9,9,9,85,101,101],"floor_reached":29,"campfire_rested":1,"playtime":2280,"current_hp_per_floor":[70,70,59,59,45,66,66,66,66,66,66,66,66,66,66,32,70,70,70,70,49,49,49,49,49,49,47,47],"items_purged":["Corpse Explosion","Strike_G"],"gold":101,"score":235,"play_id":"ad1d27ce-ddcd-48ee-ab3d-c234e3a12e87","local_time":"20180305015252","is_prod":false,"is_daily":false,"is_ascension_mode":false,"campfire_upgraded":6,"timestamp":1520236372,"path_taken":["M","M","?","?","?","R","?","R","T","M","$","R","?","M","R","BOSS","M","$","?","?","?","R","?","R","T","M","R","M"],"build_version":"2018-03-01-PROD1","purchased_purges":2,"victory":false,"master_deck":["Defend_G+1","Defend_G","Defend_G","Defend_G","Survivor","Neutralize","Backflip+1","Blur+1","Dagger Spray","Well Laid Plans","Outmaneuver+1","Deadly Poison+1","Night Terror+1","Bane+1","Bite","Bite","Bite","Bite","Bite","Infinite Blades+1"],"max_hp_per_floor":[70,70,70,70,70,70,70,70,70,70,70,70,70,70,70,70,70,70,70,70,49,49,49,49,49,49,49,49],"relics":["Ring of the Snake","Unceasing Top","The Specimen","Tiny Chest"],"card_choices":[{"not_picked":["Outmaneuver","Corpse Explosion"],"picked":"Backflip"},{"not_picked":["Quick Slash","Underhanded Strike"],"picked":"Blur"},{"not_picked":["Flying Knee","Prepared"],"picked":"Dagger Spray"},{"not_picked":["Dagger Spray","Dodge and Roll"],"picked":"Well Laid Plans"},{"not_picked":["Wraith Form","Glass Knife"],"picked":"Night Terror"},{"not_picked":["Prepared","PiercingWail"],"picked":"Infinite Blades"}],"player_experience":55927,"potions_floor_usage":[16,27],"damage_taken":[{"damage":0,"enemies":"Small Slimes","floor":1,"turns":3},{"damage":0,"enemies":"Jaw Worm","floor":2,"turns":5},{"damage":0,"enemies":"Cultist","floor":7,"turns":7},{"damage":0,"enemies":"Red Slaver","floor":10,"turns":6},{"damage":0,"enemies":"Looter","floor":14,"turns":4},{"damage":41,"enemies":"Hexaghost","floor":16,"turns":14},{"damage":0,"enemies":"3 Byrds","floor":18,"turns":6},{"damage":2,"enemies":"Spheric Guardian","floor":27,"turns":5},{"damage":62,"enemies":"Snecko","floor":29,"turns":7}],"event_choices":[{"event_name":"World of Goop","player_choice":"Gather Gold","floor":3,"damage_taken":0},{"event_name":"The Cleric","player_choice":"Card Removal","floor":4,"damage_taken":0},{"event_name":"Shining Light","player_choice":"Entered Light","floor":5,"damage_taken":0},{"event_name":"Drug Dealer","player_choice":"Ignored","floor":20,"damage_taken":0},{"event_name":"Vampires","player_choice":"Became a vampire","floor":21,"damage_taken":0},{"event_name":"Beggar","player_choice":"Ignored","floor":24,"damage_taken":0}],"boss_relics":[{"not_picked":["White Beast Statue","Question Card"],"picked":"The Specimen"}],"potions_floor_spawned":[10,16,27],"seed_played":"7017259764863539596","killed_by":"Snecko","ascension_level":0,"is_trial":false}