{"gold_per_floor":[115,135,154,79,79,79,90,90,90,90,110,129,129,143,143,143],"floor_reached":16,"playtime":1107,"items_purged":["Strike_G"],"score":94,"play_id":"224594ab-5201-4ba3-82b0-c1b1b8d694da","local_time":"20180923232543","is_ascension_mode":false,"campfire_choices":[{"data":"Venomology","floor":6,"key":"SMITH"},{"data":"Flying Knee","floor":8,"key":"SMITH"},{"data":"Defend_G","floor":10,"key":"SMITH"},{"floor":15,"key":"DIG"}],"neow_cost":"NONE","seed_source_timestamp":365460434334986,"circlet_count":0,"master_deck":["Defend_G+1","Defend_G","Defend_G","Defend_G","Defend_G","Strike_G","Strike_G","Strike_G","Strike_G","Survivor","Neutralize","Venomology+1","Prepared","Flying Knee+1","Dramatic Entrance","Caltrops"],"relics":["Ring of the Snake","Meat on the Bone","Shovel","Pen Nib"],"potions_floor_usage":[2,7,14,16,16],"damage_taken":[{"damage":0,"enemies":"Small Slimes","floor":1,"turns":3},{"damage":0,"enemies":"Cultist","floor":2,"turns":5},{"damage":1,"enemies":"2 Louse","floor":3,"turns":4},{"damage":4,"enemies":"Exordium Wildlife","floor":7,"turns":4},{"damage":4,"enemies":"Blue Slaver","floor":11,"turns":6},{"damage":0,"enemies":"Exordium Thugs","floor":12,"turns":4},{"damage":9,"enemies":"Large Slime","floor":14,"turns":8},{"damage":56,"enemies":"Slime Boss","floor":16,"turns":9}],"seed_played":"-6281130556501428149","potions_obtained":[],"is_trial":false,"path_per_floor":["M","M","M","$","?","R","M","R","T","R","M","M","?","M","R"],"character_chosen":"THE_SILENT","items_purchased":[],"campfire_rested":0,"item_purchase_floors":[],"current_hp_per_floor":[70,70,69,69,69,69,65,65,65,65,61,61,49,55,55,0],"gold":143,"neow_bonus":"ONE_RANDOM_RARE_CARD","is_prod":false,"is_daily":false,"chose_seed":false,"campfire_upgraded":3,"win_rate":0,"timestamp":1537763143,"path_taken":["M","M","M","$","?","R","M","R","T","R","M","M","?","M","R","BOSS"],"build_version":"2018-09-20","purchased_purges":1,"victory":false,"max_hp_per_floor":[70,70,70,70,70,70,70,70,70,70,70,70,70,70,70,70],"card_choices":[{"not_picked":["Quick Slash","Reflex"],"picked":"Prepared","floor":1},{"not_picked":["Backflip","Flechettes"],"picked":"Flying Knee","floor":2},{"not_picked":["Blur","Quick Slash","Flying Knee"],"picked":"SKIP","floor":3},{"not_picked":["Escape Plan","Flying Knee","Catalyst"],"picked":"SKIP","floor":7},{"not_picked":["Dagger Spray","Dagger Throw","Slice"],"picked":"SKIP","floor":11},{"not_picked":["Bouncing Flask","Prepared","Slice"],"picked":"SKIP","floor":12},{"not_picked":["Underhanded Strike","Cloak And Dagger"],"picked":"Caltrops","floor":14}],"player_experience":331426,"relics_obtained":[{"floor":9,"key":"Meat on the Bone"},{"floor":15,"key":"Pen Nib"}],"event_choices":[{"event_name":"Match and Keep!","player_choice":"1 cards matched","floor":5,"damage_taken":0},{"event_name":"Scrap Ooze","player_choice":"success","floor":13,"damage_taken":12}],"is_beta":false,"boss_relics":[],"items_purged_floors":[4],"is_endless":false,"potions_floor_spawned":[12],"killed_by":"Slime Boss","ascension_level":0}