{"gold_per_floor":[117,132,132,151,165,165,181,37,37,8,8,28,28,42,42,139,139,149,149,149,163,78,78,3,3,3,3,3,21,21,38,38,38],"floor_reached":33,"playtime":1526,"items_purged":["Decay"],"score":320,"play_id":"f0b100b4-8198-48cf-840e-a1a13952e9f1","local_time":"20190227225401","is_ascension_mode":true,"campfire_choices":[{"data":"Coolheaded","floor":6,"key":"SMITH"},{"floor":13,"key":"REST"},{"data":"Conserve Battery","floor":15,"key":"SMITH"},{"data":"Echo Form","floor":23,"key":"SMITH"},{"data":"Reinforced Body","floor":25,"key":"SMITH"},{"floor":30,"key":"REST"},{"data":"Stack","floor":32,"key":"SMITH"}],"neow_cost":"TEN_PERCENT_HP_LOSS","seed_source_timestamp":449936088512755,"circlet_count":0,"master_deck":["Strike_B","Strike_B+1","Strike_B","Strike_B","Defend_B","Defend_B","Defend_B","Defend_B","Zap+1","Dualcast","Ball Lightning","FTL","Coolheaded+1","BootSequence","Streamline","Rip and Tear","Leap","Cold Snap","Conserve Battery+1","Echo Form+1","Parasite","Shame","Reinforced Body+1","Leap+1","Stack+1","Reinforced Body+1","Chill+1","Defragment+1","Reboot","Sweeping Beam+1"],"relics":["Cracked Core","Turnip","Bronze Scales","Prayer Wheel","Calling Bell","Dead Branch","Dodecahedron","Omamori","Torii","Ornamental Fan","Matryoshka","Dream Catcher","Lantern"],"potions_floor_usage":[16,21,29,29,33,33],"damage_taken":[{"damage":2,"enemies":"Small Slimes","floor":1,"turns":3},{"damage":6,"enemies":"2 Louse","floor":2,"turns":2},{"damage":4,"enemies":"Jaw Worm","floor":4,"turns":3},{"damage":3,"enemies":"Gremlin Gang","floor":5,"turns":4},{"damage":0,"enemies":"Blue Slaver","floor":7,"turns":2},{"damage":0,"enemies":"Lots of Slimes","floor":12,"turns":3},{"damage":0,"enemies":"Large Slime","floor":14,"turns":3},{"damage":11,"enemies":"Hexaghost","floor":16,"turns":8},{"damage":8,"enemies":"3 Byrds","floor":18,"turns":2},{"damage":12,"enemies":"Colosseum Slavers","floor":19,"turns":4},{"damage":3,"enemies":"2 Thieves","floor":21,"turns":4},{"damage":1,"enemies":"Centurion and Healer","floor":29,"turns":5},{"damage":1,"enemies":"Snake Plant","floor":31,"turns":6},{"damage":78,"enemies":"Collector","floor":33,"turns":7}],"seed_played":"-5140311003829394038","potions_obtained":[{"floor":5,"key":"FocusPotion"},{"floor":7,"key":"Ancient Potion"},{"floor":14,"key":"Energy Potion"},{"floor":16,"key":"EntropicBrew"},{"floor":29,"key":"EssenceOfSteel"}],"is_trial":false,"path_per_floor":["M","M","?","M","M","R","M","$","T","?","?","M","R","M","R","B",null,"M","?","T","M","?","R","$","R","T","T","$","M","R","M","R","B"],"character_chosen":"DEFECT","items_purchased":["Bronze Scales"],"campfire_rested":2,"item_purchase_floors":[8],"current_hp_per_floor":[66,60,46,42,39,39,39,39,39,39,39,39,59,59,59,48,63,55,43,43,40,40,40,40,40,40,40,40,39,59,58,58,0],"gold":38,"neow_bonus":"ONE_RARE_RELIC","is_prod":false,"is_daily":false,"chose_seed":false,"campfire_upgraded":5,"win_rate":0,"timestamp":1551329641,"path_taken":["M","M","?","M","M","R","M","$","T","?","?","M","R","M","R","BOSS","M","?","?","?","?","R","$","R","T","?","?","M","R","M","R","BOSS"],"build_version":"2019-01-23","purchased_purges":1,"victory":false,"max_hp_per_floor":[68,68,68,68,68,68,68,68,68,68,68,68,68,68,68,68,68,68,68,68,68,68,68,68,68,68,68,68,68,68,68,68,68],"card_choices":[{"not_picked":["Rebound","Hologram"],"picked":"Ball Lightning","floor":1},{"not_picked":["Stack","Go for the Eyes"],"picked":"FTL","floor":2},{"not_picked":["Chaos","Chill"],"picked":"Coolheaded","floor":4},{"not_picked":["Steam","Turbo"],"picked":"BootSequence","floor":5},{"not_picked":["Go for the Eyes","Hologram"],"picked":"Streamline","floor":7},{"not_picked":["Gash","Redo"],"picked":"Rip and Tear","floor":12},{"not_picked":["Skim","Gash"],"picked":"Leap","floor":12},{"not_picked":["Ball Lightning","White Noise"],"picked":"Cold Snap","floor":14},{"not_picked":["Compile Driver","Consume"],"picked":"Conserve Battery","floor":14},{"not_picked":["Core Surge","Amplify"],"picked":"Echo Form","floor":16},{"not_picked":["Consume+1","Rebound"],"picked":"Reinforced Body+1","floor":18},{"not_picked":["Go for the Eyes","BootSequence"],"picked":"Leap+1","floor":18},{"not_picked":["Aggregate","Go for the Eyes+1"],"picked":"Stack","floor":21},{"not_picked":["Hologram","White Noise+1"],"picked":"Reinforced Body","floor":21},{"not_picked":["Turbo+1","Self Repair"],"picked":"Chill+1","floor":29},{"not_picked":["Barrage","Turbo+1","Machine Learning"],"picked":"SKIP","floor":29},{"not_picked":["Turbo","Sweeping Beam+1"],"picked":"Defragment+1","floor":30},{"not_picked":["Leap","Redo"],"picked":"Reboot","floor":31},{"not_picked":["Go for the Eyes","Aggregate"],"picked":"Sweeping Beam+1","floor":31}],"player_experience":734305,"relics_obtained":[{"floor":9,"key":"Prayer Wheel"},{"floor":17,"key":"Dead Branch"},{"floor":17,"key":"Dodecahedron"},{"floor":17,"key":"Omamori"},{"floor":20,"key":"Torii"},{"floor":26,"key":"Matryoshka"},{"floor":27,"key":"Dream Catcher"},{"floor":27,"key":"Lantern"}],"event_choices":[{"damage_healed":0,"gold_gain":0,"player_choice":"Entered Light","damage_taken":14,"max_hp_gain":0,"max_hp_loss":0,"event_name":"Shining Light","floor":3,"gold_loss":0,"cards_upgraded":["Strike_B","Zap"]},{"damage_healed":0,"gold_gain":0,"player_choice":"Left Gold","damage_taken":0,"max_hp_gain":0,"max_hp_loss":0,"event_name":"World of Goop","floor":10,"gold_loss":29},{"damage_healed":0,"gold_gain":0,"player_choice":"Ignored","damage_taken":0,"max_hp_gain":0,"max_hp_loss":0,"event_name":"Liars Game","floor":11,"gold_loss":0},{"damage_healed":0,"gold_gain":0,"player_choice":"Fight","damage_taken":0,"max_hp_gain":0,"max_hp_loss":0,"event_name":"Colosseum","floor":19,"gold_loss":0},{"damage_healed":0,"gold_gain":0,"player_choice":"Fled From Nobs","damage_taken":0,"max_hp_gain":0,"max_hp_loss":0,"event_name":"Colosseum","floor":19,"gold_loss":0},{"damage_healed":0,"gold_gain":0,"player_choice":"Obtained Relic","damage_taken":0,"relics_obtained":["Ornamental Fan"],"max_hp_gain":0,"max_hp_loss":0,"event_name":"Addict","floor":22,"gold_loss":85}],"is_beta":false,"boss_relics":[{"not_picked":["Lizard Tail","Black Star"],"picked":"Calling Bell"}],"items_purged_floors":[24],"is_endless":false,"potions_floor_spawned":[5,7,14,16,29],"killed_by":"Collector","ascension_level":7}