{"gold_per_floor":[119,119,134,6,6,41,41,54,54,81,81,96,106,6,6,101,101,82,98,51,69,69,69,22,52,52,42,42,42,42,42,42,42],"floor_reached":33,"playtime":1474,"items_purged":["Defend_B","Strike_B"],"score":373,"play_id":"9cb08967-93b0-44cd-8353-8124956ec24c","local_time":"20190205234754","is_ascension_mode":true,"campfire_choices":[{"floor":7,"key":"DIG"},{"floor":11,"key":"DIG"},{"floor":15,"key":"DIG"},{"floor":23,"key":"DIG"},{"floor":25,"key":"DIG"},{"floor":30,"key":"DIG"},{"floor":32,"key":"DIG"}],"neow_cost":"NONE","seed_source_timestamp":888642077883654,"circlet_count":0,"master_deck":["Strike_B","Strike_B","Strike_B","Defend_B","Defend_B","Defend_B","Zap+1","Dualcast","Conserve Battery","Cold Snap","Conserve Battery","Sunder","Leap","BootSequence","Gash","Echo Form","Cold Snap+1","Ball Lightning+1","Sweeping Beam+1","Decay","Coolheaded+1","Leap+1"],"relics":["Cracked Core","NeowsBlessing","Shovel","Mango","Gambling Chip","Bag of Preparation","DataDisk","Molten Egg 2","Sozu","Toxic Egg 2","Tiny Chest","MawBank","Lantern","Happy Flower","Bottled Lightning"],"potions_floor_usage":[16,16,33],"damage_taken":[{"damage":0,"enemies":"2 Louse","floor":1,"turns":1},{"damage":0,"enemies":"Cultist","floor":3,"turns":1},{"damage":0,"enemies":"3 Sentries","floor":6,"turns":1},{"damage":0,"enemies":"Small Slimes","floor":8,"turns":2},{"damage":28,"enemies":"Gremlin Nob","floor":10,"turns":4},{"damage":1,"enemies":"Blue Slaver","floor":12,"turns":3},{"damage":0,"enemies":"Large Slime","floor":13,"turns":3},{"damage":8,"enemies":"Hexaghost","floor":16,"turns":11},{"damage":12,"enemies":"2 Thieves","floor":18,"turns":4},{"damage":0,"enemies":"Shell Parasite","floor":19,"turns":5},{"damage":1,"enemies":"Cultist and Chosen","floor":21,"turns":5},{"damage":18,"enemies":"Colosseum Slavers","floor":28,"turns":4},{"damage":61,"enemies":"Champ","floor":33,"turns":9}],"seed_played":"5477520147085819096","potions_obtained":[{"floor":1,"key":"GamblersBrew"},{"floor":10,"key":"Weak Potion"},{"floor":12,"key":"Explosive Potion"}],"is_trial":false,"path_per_floor":["M","?","M","$","?","E","R","M","T","E","R","M","M","$","R","B",null,"M","M","$","M","?","R","$","R","T","$","?","?","R","T","R","B"],"character_chosen":"DEFECT","items_purchased":["Conserve Battery","Sweeping Beam+1","Coolheaded+1","Leap+1"],"campfire_rested":0,"item_purchase_floors":[4,20,24,27],"current_hp_per_floor":[68,68,68,68,68,68,82,82,82,54,54,53,53,53,53,45,78,66,66,66,65,65,65,65,65,65,65,47,47,47,47,47,0],"gold":42,"neow_bonus":"THREE_ENEMY_KILL","is_prod":false,"is_daily":false,"chose_seed":false,"campfire_upgraded":0,"win_rate":0,"timestamp":1549432074,"path_taken":["M","?","?","$","?","E","R","M","T","E","R","M","M","$","R","BOSS","M","M","$","M","?","R","$","R","T","$","?","?","R","?","R","BOSS"],"build_version":"2019-01-23","purchased_purges":2,"victory":false,"max_hp_per_floor":[75,75,75,75,75,75,89,89,89,89,89,89,89,89,89,89,89,89,89,89,89,89,89,89,89,89,89,89,89,89,89,89,89],"card_choices":[{"not_picked":["Coolheaded","Stack"],"picked":"Conserve Battery","floor":1},{"not_picked":["Steam Power","Turbo"],"picked":"Cold Snap","floor":3},{"not_picked":["Conserve Battery","Rebound"],"picked":"Sunder","floor":6},{"not_picked":["Rebound","Steam"],"picked":"Leap","floor":8},{"not_picked":["Gash","White Noise","Barrage"],"picked":"SKIP","floor":10},{"not_picked":["Hologram","Scrape"],"picked":"BootSequence","floor":12},{"not_picked":["Redo","Beam Cell"],"picked":"Gash","floor":13},{"not_picked":["Electrodynamics","Reboot"],"picked":"Echo Form","floor":16},{"not_picked":["Beam Cell+1","Steam"],"picked":"Cold Snap+1","floor":18},{"not_picked":["Hello World","Rebound+1"],"picked":"Ball Lightning+1","floor":19},{"not_picked":["Steam","Cold Snap+1","Stack"],"picked":"SKIP","floor":21}],"player_experience":695019,"relics_obtained":[{"floor":6,"key":"Shovel"},{"floor":7,"key":"Mango"},{"floor":9,"key":"Gambling Chip"},{"floor":10,"key":"Bag of Preparation"},{"floor":11,"key":"DataDisk"},{"floor":15,"key":"Molten Egg 2"},{"floor":23,"key":"Toxic Egg 2"},{"floor":25,"key":"Tiny Chest"},{"floor":26,"key":"MawBank"},{"floor":30,"key":"Lantern"},{"floor":31,"key":"Happy Flower"},{"floor":32,"key":"Bottled Lightning"}],"event_choices":[{"damage_healed":0,"gold_gain":0,"player_choice":"Upgraded","damage_taken":0,"max_hp_gain":0,"max_hp_loss":0,"event_name":"Upgrade Shrine","floor":2,"gold_loss":0,"cards_upgraded":["Zap"]},{"damage_healed":0,"gold_gain":0,"player_choice":"Ignored","damage_taken":0,"max_hp_gain":0,"max_hp_loss":0,"event_name":"Liars Game","floor":5,"gold_loss":0},{"damage_healed":0,"gold_gain":0,"player_choice":"Smashed Altar","damage_taken":0,"max_hp_gain":0,"max_hp_loss":0,"event_name":"Forgotten Altar","floor":22,"gold_loss":0,"cards_obtained":["Decay"]},{"damage_healed":0,"gold_gain":0,"player_choice":"Fight","damage_taken":0,"max_hp_gain":0,"max_hp_loss":0,"event_name":"Colosseum","floor":28,"gold_loss":0},{"damage_healed":0,"gold_gain":0,"player_choice":"Fled From Nobs","damage_taken":0,"max_hp_gain":0,"max_hp_loss":0,"event_name":"Colosseum","floor":28,"gold_loss":0},{"damage_healed":0,"gold_gain":0,"player_choice":"Ignored","damage_taken":0,"max_hp_gain":0,"max_hp_loss":0,"event_name":"Ghosts","floor":29,"gold_loss":0}],"is_beta":false,"boss_relics":[{"not_picked":["Runic Dome","Pandora\u0027s Box"],"picked":"Sozu"}],"items_purged_floors":[4,14],"is_endless":false,"potions_floor_spawned":[1,10,12,19],"killed_by":"Champ","ascension_level":7}