{"path_per_floor":["M","M","M","$","M","R","M","?","T","R","?","?","M","M","R","B",null,"M","$","?","M","?","R","?","M","T","M","M","M"],"character_chosen":"IRONCLAD","items_purchased":["Ghostly Armor","Regal Pillow"],"gold_per_floor":[19,36,47,47,64,64,82,145,145,145,145,112,128,148,148,252,252,270,38,38,43,43,43,43,57,81,93,113,132],"floor_reached":30,"campfire_rested":2,"playtime":2611,"current_hp_per_floor":[80,80,74,74,68,68,49,12,12,36,36,36,35,37,61,23,80,67,67,80,70,70,70,70,62,62,60,36,11],"items_purged":[],"gold":132,"score":226,"play_id":"2c82e12e-ba86-4d00-9b8a-b96b71961658","local_time":"20180305023702","is_prod":false,"is_daily":false,"is_ascension_mode":false,"campfire_upgraded":2,"timestamp":1520239022,"path_taken":["M","M","?","$","M","R","M","?","T","R","?","?","M","M","R","BOSS","M","$","?","M","?","R","?","?","T","M","M","M","E"],"build_version":"2018-03-01-PROD1","purchased_purges":1,"victory":false,"master_deck":["Strike_R","Strike_R","Strike_R","Strike_R","Strike_R","Defend_R","Defend_R","Defend_R","Defend_R","Bash","Juggernaut+1","Iron Wave","Blood for Blood","Inflame","Offering","Iron Wave","Impervious","Dual Wield","Ghostly Armor+1","Juggernaut+1","Shrug It Off+1"],"max_hp_per_floor":[80,80,80,80,80,80,80,80,80,80,80,80,80,80,80,80,80,80,80,80,80,80,80,80,80,80,80,80,80],"relics":["Burning Blood","Blood Vial","Ginger","Runic Cube","Regal Pillow","Oddly Smooth Stone","Bag of Marbles"],"card_choices":[{"not_picked":["Brutality","Berserk"],"picked":"Juggernaut"},{"not_picked":["Burning Pact","Wild Strike"],"picked":"Iron Wave"},{"not_picked":["Clash","Perfected Strike"],"picked":"Blood for Blood"},{"not_picked":["Pommel Strike","Clash"],"picked":"Inflame"},{"not_picked":["Feel No Pain","True Grit"],"picked":"Offering"},{"not_picked":["Corruption","Evolve"],"picked":"Iron Wave"},{"not_picked":["Feed","Double Tap"],"picked":"Impervious"},{"not_picked":["Cleave","True Grit"],"picked":"Dual Wield"},{"not_picked":["Battle Trance","Body Slam"],"picked":"Shrug It Off"}],"player_experience":58207,"potions_floor_usage":[5,13,13,14,25,27,27],"damage_taken":[{"damage":3,"enemies":"Cultist","floor":1,"turns":5},{"damage":6,"enemies":"2 Louse","floor":2,"turns":4},{"damage":12,"enemies":"Small Slimes","floor":3,"turns":4},{"damage":12,"enemies":"2 Fungi Beasts","floor":5,"turns":5},{"damage":25,"enemies":"3 Louse","floor":7,"turns":4},{"damage":45,"enemies":"Lagavulin Event","floor":8,"turns":8},{"damage":9,"enemies":"Exordium Thugs","floor":13,"turns":5},{"damage":6,"enemies":"Looter","floor":14,"turns":4},{"damage":46,"enemies":"Hexaghost","floor":16,"turns":9},{"damage":19,"enemies":"Spheric Guardian","floor":18,"turns":6},{"damage":16,"enemies":"2 Thieves","floor":21,"turns":5},{"damage":16,"enemies":"Snake Plant","floor":25,"turns":5},{"damage":10,"enemies":"Centurion and Healer","floor":27,"turns":9},{"damage":32,"enemies":"Cultist and Chosen","floor":28,"turns":7},{"damage":33,"enemies":"Slaver and Parasite","floor":29,"turns":12},{"damage":16,"enemies":"Gremlin Leader","floor":30,"turns":3}],"event_choices":[{"event_name":"Dead Adventurer","player_choice":"Searched \u00272\u0027 times","floor":8,"damage_taken":0},{"event_name":"The Lab","player_choice":"Got Potions","floor":11,"damage_taken":0},{"event_name":"World of Goop","player_choice":"Left","floor":12,"damage_taken":0},{"event_name":"The Library","player_choice":"Heal","floor":20,"damage_taken":0},{"event_name":"Duplicator","player_choice":"One dupe","floor":22,"damage_taken":0},{"event_name":"The Mausoleum","player_choice":"Yes","floor":24,"damage_taken":0}],"boss_relics":[{"not_picked":["Snecko Eye","Black Blood"],"picked":"Runic Cube"}],"potions_floor_spawned":[3,7,8,14,16,21],"seed_played":"-204593647615948685","killed_by":"Gremlin Leader","ascension_level":0,"is_trial":false}