{"gold_per_floor":[109,109,121,121,146,177,177,177,177,216,229,229,252,266,266,386,386,386,180,180,180,180,180,180,180,180,180,180,180,180,180],"floor_reached":31,"playtime":2265,"items_purged":[],"score":263,"play_id":"7ed6a4bf-6af2-41f8-ac69-d2b41ba5bd0b","local_time":"20180826211334","is_ascension_mode":false,"campfire_choices":[{"floor":7,"key":"REST"},{"floor":12,"key":"REST"},{"data":"Limit Break","floor":15,"key":"SMITH"},{"floor":23,"key":"REST"},{"data":"Iron Wave","floor":25,"key":"SMITH"},{"data":"Shrug It Off","floor":28,"key":"SMITH"}],"neow_cost":"NONE","seed_source_timestamp":767701932105032,"circlet_count":0,"master_deck":["Strike_R","Strike_R","Strike_R","Strike_R","Strike_R","Defend_R","Defend_R","Defend_R","Defend_R","Thunderclap+1","Clothesline+1","Iron Wave+1","Flex","Shrug It Off+1","Limit Break+1","Bludgeon","Writhe","Clash+1","Perfected Strike+1"],"relics":["Burning Blood","Bloody Idol","Self Forming Clay","Ornamental Fan","Gremlin Horn","Ectoplasm","ClockworkSouvenir","Matryoshka","Kunai","Bronze Scales","Lantern","Nunchaku","Molten Egg 2"],"potions_floor_usage":[10,10,24,29],"damage_taken":[{"damage":9,"enemies":"Small Slimes","floor":1,"turns":6},{"damage":0,"enemies":"2 Louse","floor":3,"turns":3},{"damage":0,"enemies":"Cultist","floor":5,"turns":4},{"damage":61,"enemies":"Lagavulin","floor":6,"turns":11},{"damage":30,"enemies":"3 Sentries","floor":10,"turns":11},{"damage":7,"enemies":"3 Louse","floor":11,"turns":2},{"damage":0,"enemies":"2 Fungi Beasts","floor":13,"turns":3},{"damage":0,"enemies":"Exordium Wildlife","floor":14,"turns":3},{"damage":24,"enemies":"The Guardian","floor":16,"turns":12},{"damage":15,"enemies":"Spheric Guardian","floor":18,"turns":4},{"damage":15,"enemies":"3 Byrds","floor":22,"turns":7},{"damage":16,"enemies":"Gremlin Leader","floor":24,"turns":6},{"damage":12,"enemies":"Colosseum Slavers","floor":29,"turns":4},{"damage":38,"enemies":"Colosseum Nobs","floor":29,"turns":4},{"damage":15,"enemies":"Snecko","floor":30,"turns":7},{"damage":22,"enemies":"Book of Stabbing","floor":31,"turns":3}],"seed_played":"-2436506722308035537","potions_obtained":[{"floor":6,"key":"EntropicBrew"},{"floor":10,"key":"Strength Potion"},{"floor":29,"key":"GamblersBrew"}],"is_trial":false,"path_per_floor":["M","?","M","?","M","E","R","?","T","E","M","R","M","M","R","B",null,"M","$","?","?","M","R","E","R","T","?","R","?","M"],"character_chosen":"IRONCLAD","items_purchased":["ClockworkSouvenir"],"campfire_rested":3,"item_purchase_floors":[19],"current_hp_per_floor":[77,82,85,79,79,24,47,47,47,38,37,60,66,72,72,54,79,70,70,70,70,61,79,69,69,69,69,69,31,22,0],"gold":180,"neow_bonus":"TRANSFORM_CARD","is_prod":false,"is_daily":false,"chose_seed":false,"campfire_upgraded":3,"win_rate":0.0,"timestamp":1535336014,"path_taken":["M","?","M","?","M","E","R","?","T","E","M","R","M","?","R","BOSS","M","$","?","?","?","R","E","R","T","?","R","?","M","E"],"build_version":"2018-08-23v2","purchased_purges":0,"victory":false,"max_hp_per_floor":[80,85,85,79,79,79,79,79,79,79,79,79,79,79,79,79,79,79,79,79,79,79,79,79,79,79,79,79,79,79,79],"card_choices":[{"not_picked":["Heavy Blade","Thunderclap"],"picked":"Clothesline","floor":1},{"not_picked":["Anger","Sever Soul","Feel No Pain"],"picked":"SKIP","floor":3},{"not_picked":["Blood for Blood","Battle Trance"],"picked":"Iron Wave","floor":5},{"not_picked":["Clothesline","Headbutt","Wild Strike"],"picked":"SKIP","floor":6},{"not_picked":["Thunderclap","Iron Wave"],"picked":"Flex","floor":10},{"not_picked":["Fire Breathing","Headbutt"],"picked":"Shrug It Off","floor":11},{"not_picked":["Sword Boomerang","Seeing Red","Havoc"],"picked":"SKIP","floor":13},{"not_picked":["Heavy Blade","Dropkick"],"picked":"Limit Break","floor":14},{"not_picked":["Berserk","Offering"],"picked":"Bludgeon","floor":16},{"not_picked":["Shockwave","Twin Strike","Corruption"],"picked":"SKIP","floor":18},{"not_picked":["Disarm+1","Shockwave","Headbutt"],"picked":"SKIP","floor":22},{"not_picked":["Battle Trance","Offering","Blood for Blood+1"],"picked":"SKIP","floor":24},{"not_picked":["Clothesline","Pommel Strike"],"picked":"Clash+1","floor":29},{"not_picked":["Shrug It Off+1","True Grit"],"picked":"Perfected Strike+1","floor":30}],"player_experience":262974,"relics_obtained":[{"floor":6,"key":"Self Forming Clay"},{"floor":9,"key":"Ornamental Fan"},{"floor":10,"key":"Gremlin Horn"},{"floor":24,"key":"Kunai"},{"floor":26,"key":"Bronze Scales"},{"floor":26,"key":"Lantern"},{"floor":29,"key":"Nunchaku"},{"floor":29,"key":"Molten Egg 2"}],"event_choices":[{"event_name":"Big Fish","player_choice":"Donut","floor":2,"damage_taken":0},{"event_name":"Golden Idol","player_choice":"Lose Max HP","floor":4,"damage_taken":0},{"event_name":"Living Wall","player_choice":"Grow","floor":8,"damage_taken":0},{"event_name":"The Mausoleum","player_choice":"Yes","floor":20,"damage_taken":0},{"event_name":"Accursed Blacksmith","player_choice":"Forge","floor":21,"damage_taken":0},{"event_name":"Forgotten Altar","player_choice":"Gave Idol","floor":27,"damage_taken":0},{"event_name":"Colosseum","player_choice":"Fight","floor":29,"damage_taken":0},{"event_name":"Colosseum","player_choice":"Fought Nobs","floor":29,"damage_taken":0}],"is_beta":false,"boss_relics":[{"not_picked":["Black Star","Empty Cage"],"picked":"Ectoplasm"}],"items_purged_floors":[],"is_endless":false,"potions_floor_spawned":[6,10,11,16,18,29,29],"killed_by":"Book of Stabbing","ascension_level":0}