{"gold_per_floor":[111,111,128,128,142,222,53,53,78,78,113,126,146,176,176,276,276,263,263,279,194,214,214],"floor_reached":23,"playtime":1308,"items_purged":["Regret"],"score":287,"play_id":"7517cfc4-499c-469a-a912-4ef1478d54ae","local_time":"20191019164858","is_ascension_mode":true,"campfire_choices":[{"floor":8,"key":"DIG"},{"floor":10,"key":"DIG"},{"floor":15,"key":"DIG"}],"neow_cost":"NONE","seed_source_timestamp":419796525675700,"circlet_count":0,"master_deck":["AscendersBane","Strike_G","Strike_G","Strike_G","Defend_G+1","Defend_G","Defend_G","Defend_G","Survivor","Neutralize","Dagger Throw","Flying Knee","Acrobatics","Cloak And Dagger+1","Deadly Poison","Infinite Blades","Dagger Spray","Dodge and Roll","Phantasmal Killer","Skewer","Noxious Fumes"],"relics":["Busted Crown","Shovel","Sundial","War Paint","Lantern","Blood Vial","FossilizedHelix","Odd Mushroom","Juzu Bracelet","Empty Cage","Dodecahedron","Girya"],"potions_floor_usage":[11,18,23],"damage_taken":[{"damage":0,"enemies":"2 Louse","floor":1,"turns":3},{"damage":2,"enemies":"Jaw Worm","floor":3,"turns":4},{"damage":3,"enemies":"Cultist","floor":5,"turns":4},{"damage":2,"enemies":"Gremlin Nob","floor":11,"turns":3},{"damage":0,"enemies":"Red Slaver","floor":12,"turns":4},{"damage":0,"enemies":"3 Louse","floor":13,"turns":3},{"damage":7,"enemies":"The Mushroom Lair","floor":14,"turns":3},{"damage":28,"enemies":"Hexaghost","floor":16,"turns":12},{"damage":11,"enemies":"2 Thieves","floor":18,"turns":4},{"damage":10,"enemies":"Spheric Guardian","floor":20,"turns":4},{"damage":7,"enemies":"Cultist and Chosen","floor":22,"turns":5},{"damage":41,"enemies":"Slavers","floor":23,"turns":6}],"seed_played":"6520986587282067468","potions_obtained":[{"floor":3,"key":"AttackPotion"},{"floor":12,"key":"Explosive Potion"},{"floor":13,"key":"FearPotion"},{"floor":22,"key":"Strength Potion"}],"is_trial":false,"path_per_floor":["M","?","M","?","M","T","$","R","T","R","E","M","M","?","R","B",null,"M","?","M","?","M","E"],"character_chosen":"THE_SILENT","items_purchased":["Acrobatics","Cloak And Dagger"],"campfire_rested":0,"item_purchase_floors":[7,7],"current_hp_per_floor":[63,56,54,54,51,51,51,51,51,51,51,53,55,50,50,24,59,50,50,42,42,37,0],"gold":214,"neow_bonus":"BOSS_RELIC","is_prod":false,"is_daily":false,"chose_seed":false,"campfire_upgraded":0,"win_rate":0,"timestamp":1571521738,"path_taken":["M","?","M","?","?","?","$","R","T","R","E","?","M","?","R","BOSS","M","?","M","?","M","E"],"build_version":"2019-07-17","purchased_purges":1,"victory":false,"max_hp_per_floor":[70,70,70,70,70,70,70,70,70,70,70,70,70,70,70,70,70,70,70,70,70,70,70],"card_choices":[{"not_picked":[],"picked":"Dagger Throw","floor":1},{"not_picked":[],"picked":"Flying Knee","floor":3},{"not_picked":["Endless Agony"],"picked":"SKIP","floor":5},{"not_picked":[],"picked":"Deadly Poison","floor":11},{"not_picked":[],"picked":"Infinite Blades","floor":12},{"not_picked":[],"picked":"Dagger Spray","floor":13},{"not_picked":[],"picked":"Dodge and Roll","floor":14},{"not_picked":[],"picked":"Phantasmal Killer","floor":16},{"not_picked":[],"picked":"Skewer","floor":18},{"not_picked":["Deadly Poison"],"picked":"SKIP","floor":20},{"not_picked":[],"picked":"Noxious Fumes","floor":22}],"player_experience":895318,"relics_obtained":[{"floor":6,"key":"Sundial"},{"floor":8,"key":"War Paint"},{"floor":9,"key":"Lantern"},{"floor":10,"key":"Blood Vial"},{"floor":11,"key":"FossilizedHelix"},{"floor":14,"key":"Odd Mushroom"},{"floor":15,"key":"Juzu Bracelet"}],"event_choices":[{"cards_removed":["Strike_G"],"damage_healed":0,"gold_gain":0,"player_choice":"Card Removal","damage_taken":7,"max_hp_gain":0,"max_hp_loss":0,"event_name":"Golden Wing","floor":2,"gold_loss":0},{"damage_healed":0,"gold_gain":0,"player_choice":"Box","damage_taken":0,"relics_obtained":["Shovel"],"max_hp_gain":0,"max_hp_loss":0,"event_name":"Big Fish","floor":4,"gold_loss":0,"cards_obtained":["Regret"]},{"damage_healed":0,"gold_gain":0,"player_choice":"Fought Mushrooms","damage_taken":0,"max_hp_gain":0,"max_hp_loss":0,"event_name":"Mushrooms","floor":14,"gold_loss":0},{"damage_healed":0,"gold_gain":0,"player_choice":"Gave Potion","damage_taken":0,"relics_obtained":["Dodecahedron"],"max_hp_gain":0,"max_hp_loss":0,"event_name":"WeMeetAgain","floor":19,"gold_loss":0},{"damage_healed":0,"gold_gain":0,"player_choice":"Obtained Relic","damage_taken":0,"relics_obtained":["Girya"],"max_hp_gain":0,"max_hp_loss":0,"event_name":"Addict","floor":21,"gold_loss":85}],"is_beta":false,"boss_relics":[{"not_picked":["White Beast Statue","Calling Bell"],"picked":"Empty Cage"}],"items_purged_floors":[7],"is_endless":false,"potions_floor_spawned":[3,12,13,22],"killed_by":"Slavers","ascension_level":10}