{"gold_per_floor":[114,129,129,2,17,44,56,103,141,153,182,204,216,228,240,353,365,388,413,325,425,439,471,486,532,578,596,596,611,638,653,653,756,756,774,314,314,334,334,334,334,334,334,106,206,232,232,251,251,251],"floor_reached":51,"playtime":3297,"items_purged":["Pain","Strike_R","Strike_R","Pain"],"score":961,"play_id":"5ca8e58c-6044-4e3c-b284-edd0e01b3645","local_time":"20190219225149","is_ascension_mode":true,"campfire_choices":[{"data":"Clash","floor":7,"key":"SMITH"},{"data":"Ghostly Armor","floor":10,"key":"SMITH"},{"data":"Shockwave","floor":15,"key":"SMITH"},{"floor":28,"key":"REST"},{"floor":32,"key":"REST"},{"floor":40,"key":"REST"},{"data":"Madness","floor":42,"key":"SMITH"},{"data":"Rage","floor":47,"key":"SMITH"},{"data":"Madness","floor":49,"key":"SMITH"}],"neow_cost":"NONE","seed_source_timestamp":274808872255655,"circlet_count":0,"master_deck":["Strike_R","Strike_R","Strike_R","Defend_R","Defend_R+1","Defend_R","Bash","Ghostly Armor+1","Pommel Strike+1","Clash+1","Cleave","Battle Trance","True Grit","Shockwave+1","Demon Form","Iron Wave","Body Slam","Twin Strike","Infernal Blade","Rage+1","Clash+1","Madness+1","Madness+1","Shrug It Off","Iron Wave"],"relics":["Burning Blood","WarpedTongs","MawBank","Orichalcum","Oddly Smooth Stone","Busted Crown","StoneCalendar","Darkstone Periapt","Strawberry","Pen Nib","Bronze Scales","Bag of Preparation","Cursed Key","Ornamental Fan","Gambling Chip","Bottled Tornado"],"potions_floor_usage":[6,16,21,21,21,22,23,30,50,50,50],"damage_taken":[{"damage":7,"enemies":"2 Louse","floor":1,"turns":3},{"damage":1,"enemies":"Cultist","floor":2,"turns":3},{"damage":0,"enemies":"Small Slimes","floor":5,"turns":3},{"damage":8,"enemies":"Gremlin Nob","floor":6,"turns":3},{"damage":13,"enemies":"Lagavulin","floor":8,"turns":6},{"damage":0,"enemies":"Red Slaver","floor":11,"turns":2},{"damage":4,"enemies":"Exordium Thugs","floor":12,"turns":4},{"damage":8,"enemies":"Slime Boss","floor":16,"turns":10},{"damage":7,"enemies":"Shell Parasite","floor":18,"turns":4},{"damage":0,"enemies":"3 Byrds","floor":19,"turns":5},{"damage":10,"enemies":"Colosseum Slavers","floor":21,"turns":5},{"damage":16,"enemies":"Colosseum Nobs","floor":21,"turns":4},{"damage":0,"enemies":"Snecko","floor":22,"turns":3},{"damage":51,"enemies":"Book of Stabbing","floor":23,"turns":7},{"damage":6,"enemies":"Centurion and Healer","floor":24,"turns":4},{"damage":16,"enemies":"Sentry and Sphere","floor":27,"turns":4},{"damage":0,"enemies":"Cultist and Chosen","floor":29,"turns":5},{"damage":12,"enemies":"Slavers","floor":30,"turns":6},{"damage":12,"enemies":"Snake Plant","floor":31,"turns":2},{"damage":14,"enemies":"Champ","floor":33,"turns":8},{"damage":34,"enemies":"3 Darklings","floor":35,"turns":4},{"damage":0,"enemies":"3 Shapes","floor":38,"turns":5},{"damage":9,"enemies":"Nemesis","floor":46,"turns":5},{"damage":3,"enemies":"Transient","floor":48,"turns":5},{"damage":58,"enemies":"Donu and Deca","floor":50,"turns":8}],"seed_played":"-4932949971798147355","potions_obtained":[{"floor":1,"key":"Poison Potion"},{"floor":8,"key":"Dexterity Potion"},{"floor":11,"key":"Strength Potion"},{"floor":12,"key":"GamblersBrew"},{"floor":16,"key":"EssenceOfSteel"},{"floor":21,"key":"AttackPotion"},{"floor":22,"key":"Regen Potion"},{"floor":29,"key":"GamblersBrew"},{"floor":31,"key":"Ancient Potion"},{"floor":46,"key":"Explosive Potion"},{"floor":48,"key":"Weak Potion"}],"is_trial":false,"path_per_floor":["M","M","?","$","M","E","R","E","T","R","M","M","?","?","R","B",null,"M","M","$","?","M","E","M","T","T","M","R","M","E","M","R","B",null,"M","$","?","M","?","R","?","R","T","$","?","E","R","M","R","B",null],"character_chosen":"IRONCLAD","items_purchased":["Clash","Rage","Ornamental Fan","Shrug It Off","Iron Wave"],"campfire_rested":3,"item_purchase_floors":[4,36,36,44,44],"current_hp_per_floor":[71,76,76,76,80,78,78,71,71,71,77,79,63,63,63,61,75,74,80,80,66,72,46,46,46,46,36,62,68,62,56,82,74,84,56,56,56,62,51,77,77,77,83,83,83,80,80,83,83,31],"gold":251,"neow_bonus":"REMOVE_CARD","is_prod":false,"is_daily":false,"chose_seed":false,"campfire_upgraded":6,"win_rate":0,"timestamp":1550638309,"path_taken":["M","M","?","$","?","E","R","E","T","R","M","M","?","?","R","BOSS","M","M","$","?","M","E","M","?","T","M","R","M","E","?","R","BOSS","M","$","?","M","?","R","?","R","T","$","?","E","R","?","R","BOSS"],"build_version":"2019-01-23","purchased_purges":4,"victory":true,"max_hp_per_floor":[80,80,80,80,80,80,80,80,80,80,80,80,80,80,80,80,80,80,80,80,80,80,87,87,87,87,87,87,87,87,87,87,87,87,87,87,87,87,87,87,87,87,93,93,93,93,93,93,93,93],"card_choices":[{"not_picked":["Pummel","Thunderclap"],"picked":"Ghostly Armor","floor":1},{"not_picked":["Iron Wave","Dark Embrace"],"picked":"Pommel Strike","floor":2},{"not_picked":["Blood for Blood","Power Through","Burning Pact"],"picked":"SKIP","floor":5},{"not_picked":["Feel No Pain","Clothesline"],"picked":"Cleave","floor":6},{"not_picked":["Infernal Blade","Fire Breathing"],"picked":"Battle Trance","floor":8},{"not_picked":["Havoc","Rupture"],"picked":"True Grit","floor":11},{"not_picked":["Sword Boomerang","Twin Strike"],"picked":"Shockwave","floor":12},{"not_picked":["Reaper","Double Tap"],"picked":"Demon Form","floor":16},{"not_picked":[],"picked":"Iron Wave","floor":18},{"not_picked":[],"picked":"Body Slam","floor":19},{"not_picked":["Cleave"],"picked":"SKIP","floor":22},{"not_picked":["Armaments"],"picked":"SKIP","floor":23},{"not_picked":["Searing Blow+1"],"picked":"SKIP","floor":24},{"not_picked":["Corruption"],"picked":"SKIP","floor":27},{"not_picked":[],"picked":"Twin Strike","floor":29},{"not_picked":["Flex"],"picked":"SKIP","floor":30},{"not_picked":["Uppercut"],"picked":"SKIP","floor":31},{"not_picked":[],"picked":"Infernal Blade","floor":35},{"not_picked":[],"picked":"Clash+1","floor":38},{"not_picked":["Thunderclap"],"picked":"SKIP","floor":46},{"not_picked":["Shockwave+1"],"picked":"SKIP","floor":48}],"player_experience":720814,"relics_obtained":[{"floor":6,"key":"MawBank"},{"floor":8,"key":"Orichalcum"},{"floor":9,"key":"Oddly Smooth Stone"},{"floor":21,"key":"StoneCalendar"},{"floor":21,"key":"Darkstone Periapt"},{"floor":23,"key":"Strawberry"},{"floor":25,"key":"Pen Nib"},{"floor":26,"key":"Bronze Scales"},{"floor":30,"key":"Bag of Preparation"},{"floor":43,"key":"Gambling Chip"},{"floor":46,"key":"Bottled Tornado"}],"event_choices":[{"damage_healed":0,"gold_gain":0,"player_choice":"Rummage","damage_taken":0,"relics_obtained":["WarpedTongs"],"max_hp_gain":0,"max_hp_loss":0,"event_name":"Accursed Blacksmith","floor":3,"gold_loss":0,"cards_obtained":["Pain"]},{"damage_healed":0,"gold_gain":0,"player_choice":"Entered Light","damage_taken":16,"max_hp_gain":0,"max_hp_loss":0,"event_name":"Shining Light","floor":13,"gold_loss":0,"cards_upgraded":["Defend_R","Pommel Strike"]},{"damage_healed":0,"gold_gain":0,"player_choice":"Got Potions","damage_taken":0,"max_hp_gain":0,"max_hp_loss":0,"event_name":"Lab","floor":14,"gold_loss":0},{"damage_healed":0,"gold_gain":0,"player_choice":"Fight","damage_taken":0,"max_hp_gain":0,"max_hp_loss":0,"event_name":"Colosseum","floor":21,"gold_loss":0},{"damage_healed":0,"gold_gain":0,"player_choice":"Fought Nobs","damage_taken":0,"max_hp_gain":0,"max_hp_loss":0,"event_name":"Colosseum","floor":21,"gold_loss":0},{"damage_healed":0,"gold_gain":0,"player_choice":"Ignored","damage_taken":0,"max_hp_gain":0,"max_hp_loss":0,"event_name":"Mysterious Sphere","floor":37,"gold_loss":0},{"damage_healed":0,"gold_gain":0,"player_choice":"Embrace Madness","damage_taken":11,"max_hp_gain":0,"max_hp_loss":0,"event_name":"Winding Halls","floor":39,"gold_loss":0,"cards_obtained":["Madness","Madness"]},{"damage_healed":0,"gold_gain":0,"player_choice":"Ignored","damage_taken":0,"max_hp_gain":0,"max_hp_loss":0,"event_name":"Tomb of Lord Red Mask","floor":41,"gold_loss":0},{"damage_healed":0,"gold_gain":100,"player_choice":"Pray","damage_taken":0,"max_hp_gain":0,"max_hp_loss":0,"event_name":"Golden Shrine","floor":45,"gold_loss":0}],"is_beta":false,"boss_relics":[{"not_picked":["Empty Cage","Runic Dome"],"picked":"Busted Crown"},{"not_picked":["Eternal Feather","Mark of Pain"],"picked":"Cursed Key"}],"items_purged_floors":[4,20,36,44],"is_endless":false,"potions_floor_spawned":[1,8,11,12,16,19,21,21,22,29,31,46,48],"ascension_level":7}