{"gold_per_floor":[116,116,66,84,104,104,104,104,104,104,104,135,146,180,180,285,285,303,303],"floor_reached":19,"playtime":1090,"items_purged":[],"score":304,"play_id":"e4281f5e-9d4c-4804-8b68-caff2c8e4013","local_time":"20190617000054","is_ascension_mode":true,"campfire_choices":[{"data":"Creative AI","floor":6,"key":"SMITH"},{"data":"Leap","floor":8,"key":"SMITH"},{"floor":11,"key":"REST"},{"floor":15,"key":"REST"}],"neow_cost":"CURSE","seed_source_timestamp":125063967296012,"circlet_count":0,"master_deck":["Strike_B","Strike_B+1","Strike_B","Strike_B","Defend_B","Defend_B+1","Defend_B","Defend_B","Zap+1","Dualcast","Creative AI+1","Heatsinks","Leap+1","Streamline","Gash","Electrodynamics","FTL+1"],"relics":["Cracked Core","Blue Candle","Omamori","Cables","Sozu"],"potions_floor_usage":[5,13,14,16],"damage_taken":[{"damage":0,"enemies":"2 Louse","floor":1,"turns":2},{"damage":5,"enemies":"Small Slimes","floor":4,"turns":3},{"damage":4,"enemies":"Cultist","floor":5,"turns":6},{"damage":20,"enemies":"3 Sentries","floor":12,"turns":7},{"damage":0,"enemies":"Lots of Slimes","floor":13,"turns":2},{"damage":20,"enemies":"Lagavulin","floor":14,"turns":6},{"damage":0,"enemies":"Slime Boss","floor":16,"turns":8},{"damage":11,"enemies":"Chosen","floor":18,"turns":4},{"damage":0,"enemies":"3 Byrds","floor":19,"turns":2}],"seed_played":"-6012293013310687471","potions_obtained":[{"floor":4,"key":"Weak Potion"},{"floor":12,"key":"Explosive Potion"},{"floor":13,"key":"Swift Potion"},{"floor":14,"key":"Explosive Potion"}],"is_trial":false,"path_per_floor":["M","?","?","M","M","R","?","R","T","?","R","E","M","E","R","B",null,"M","M"],"character_chosen":"DEFECT","items_purchased":[],"campfire_rested":2,"item_purchase_floors":[],"current_hp_per_floor":[68,68,68,63,59,59,44,44,44,44,66,46,46,26,48,48,68,57,57],"gold":303,"neow_bonus":"THREE_RARE_CARDS","is_prod":false,"is_daily":false,"chose_seed":false,"campfire_upgraded":2,"win_rate":0,"timestamp":1560747654,"path_taken":["M","?","?","M","M","R","?","R","T","?","R","E","M","E","R","BOSS","M","M"],"build_version":"2019-01-23","purchased_purges":0,"victory":false,"max_hp_per_floor":[75,75,75,75,75,75,75,75,75,75,75,75,75,75,75,75,75,75,75],"card_choices":[{"not_picked":["Multi-Cast","Thunder Strike"],"picked":"Creative AI","floor":0},{"not_picked":["Steam Power","Compile Driver"],"picked":"Heatsinks","floor":1},{"not_picked":["Compile Driver","Lockon"],"picked":"Leap","floor":4},{"not_picked":["Go for the Eyes","Cold Snap"],"picked":"Streamline","floor":5},{"not_picked":["Chill","Rainbow"],"picked":"Gash","floor":12},{"not_picked":["Gash","Stack","Beam Cell"],"picked":"SKIP","floor":13},{"not_picked":["Streamline","Scrape","Static Discharge"],"picked":"SKIP","floor":14},{"not_picked":["Fission","All For One"],"picked":"Electrodynamics","floor":16},{"not_picked":["Cold Snap+1","Beam Cell"],"picked":"FTL+1","floor":18}],"player_experience":746992,"relics_obtained":[{"floor":9,"key":"Blue Candle"},{"floor":12,"key":"Omamori"},{"floor":14,"key":"Cables"}],"event_choices":[{"damage_healed":0,"gold_gain":0,"player_choice":"Ignored","damage_taken":0,"max_hp_gain":0,"max_hp_loss":0,"event_name":"Golden Idol","floor":2,"gold_loss":0},{"cards_removed":["Doubt"],"damage_healed":0,"gold_gain":0,"player_choice":"Card Removal","damage_taken":0,"max_hp_gain":0,"max_hp_loss":0,"event_name":"The Cleric","floor":3,"gold_loss":50},{"damage_healed":0,"gold_gain":0,"player_choice":"Entered Light","damage_taken":15,"max_hp_gain":0,"max_hp_loss":0,"event_name":"Shining Light","floor":7,"gold_loss":0,"cards_upgraded":["Strike_B","Defend_B"]},{"damage_healed":0,"gold_gain":0,"player_choice":"Upgraded","damage_taken":0,"max_hp_gain":0,"max_hp_loss":0,"event_name":"Upgrade Shrine","floor":10,"gold_loss":0,"cards_upgraded":["Zap"]}],"is_beta":false,"boss_relics":[{"not_picked":["Snecko Eye","Tiny House"],"picked":"Sozu"}],"items_purged_floors":[],"is_endless":false,"potions_floor_spawned":[4,12,13,14],"killed_by":"3 Byrds","ascension_level":7}