{"gold_per_floor":[117,137,137,153,170,170,170,170,197,39,68,17,37,0,0,100,100,116,116,116,197,197,197,215,215,215,241,241,276,53,53,53,155,155,169,179,0,10,35,35,61,61,87,87,39,52,52,69,69,69],"floor_reached":51,"playtime":4200,"items_purged":[],"score":1078,"play_id":"feac06a4-c9c5-4021-8200-f9f79d22846d","local_time":"20191012002023","is_ascension_mode":true,"campfire_choices":[{"data":"Concentrate","floor":6,"key":"SMITH"},{"data":"Dash","floor":8,"key":"SMITH"},{"floor":15,"key":"REST"},{"data":"Tools of the Trade","floor":23,"key":"SMITH"},{"data":"Backflip","floor":28,"key":"SMITH"},{"data":"Envenom","floor":32,"key":"SMITH"},{"data":"Tactician","floor":40,"key":"SMITH"},{"floor":42,"key":"REST"},{"floor":44,"key":"REST"},{"floor":49,"key":"REST"}],"neow_cost":"NONE","seed_source_timestamp":158833393955200,"circlet_count":0,"master_deck":["Survivor","Neutralize","Deadly Poison","Underhanded Strike","Dash+1","Flying Knee","Concentrate+1","Noxious Fumes","Quick Slash","Escape Plan+1","Prepared","Dagger Throw","Cloak And Dagger","Adrenaline","Escape Plan","Bane","Concentrate","Underhanded Strike","Envenom+1","Adrenaline","Tools of the Trade+1","Dodge and Roll+1","Acrobatics","Glass Knife","Deflect+1","Backflip+1","Backflip","Caltrops","Tactician+1","Underhanded Strike","Corpse Explosion","Poisoned Stab","Well Laid Plans","Escape Plan+1","Caltrops+1","Dodge and Roll","Terror+1","Madness","Madness"],"relics":["Ring of the Serpent","Centennial Puzzle","Blood Vial","Anchor","Bag of Marbles","Pandora\u0027s Box","War Paint","Tiny Chest","Thread and Needle","Sundial","Kunai","Lantern","Red Mask","Art of War","Orichalcum","Strawberry"],"potions_floor_usage":[11,16,27,36,50,50,50],"damage_taken":[{"damage":1,"enemies":"Jaw Worm","floor":1,"turns":5},{"damage":0,"enemies":"Small Slimes","floor":2,"turns":4},{"damage":1,"enemies":"Cultist","floor":4,"turns":4},{"damage":13,"enemies":"Exordium Wildlife","floor":5,"turns":5},{"damage":18,"enemies":"Lagavulin","floor":11,"turns":6},{"damage":0,"enemies":"Blue Slaver","floor":13,"turns":2},{"damage":12,"enemies":"Slime Boss","floor":16,"turns":10},{"damage":0,"enemies":"3 Byrds","floor":18,"turns":3},{"damage":0,"enemies":"Spheric Guardian","floor":24,"turns":3},{"damage":0,"enemies":"Slavers","floor":27,"turns":6},{"damage":3,"enemies":"Book of Stabbing","floor":29,"turns":5},{"damage":11,"enemies":"Champ","floor":33,"turns":11},{"damage":0,"enemies":"3 Shapes","floor":35,"turns":4},{"damage":32,"enemies":"3 Darklings","floor":36,"turns":3},{"damage":0,"enemies":"Jaw Worm Horde","floor":38,"turns":3},{"damage":33,"enemies":"Nemesis","floor":41,"turns":7},{"damage":5,"enemies":"Spire Growth","floor":46,"turns":4},{"damage":0,"enemies":"Sphere and 2 Shapes","floor":48,"turns":3},{"damage":31,"enemies":"Donu and Deca","floor":50,"turns":7}],"seed_played":"-7073165056388522788","potions_obtained":[{"floor":1,"key":"Swift Potion"},{"floor":2,"key":"Energy Potion"},{"floor":13,"key":"PowerPotion"},{"floor":24,"key":"FearPotion"},{"floor":33,"key":"LiquidBronze"},{"floor":38,"key":"Explosive Potion"},{"floor":48,"key":"Ancient Potion"}],"is_trial":false,"path_per_floor":["M","M","?","M","M","R","?","R","T","$","E","$","M","?","R","B",null,"M","?","?","T","?","R","M","?","T","E","R","E","$","?","R","B",null,"M","M","?","M","T","R","E","R","T","R","$","M","?","M","R","B",null],"character_chosen":"THE_SILENT","items_purchased":["Noxious Fumes","Quick Slash","Escape Plan","Dagger Throw","Tactician","Lantern","Dodge and Roll"],"campfire_rested":4,"item_purchase_floors":[10,10,10,12,30,30,45],"current_hp_per_floor":[62,62,55,54,41,41,41,41,41,41,25,25,27,27,48,38,62,64,64,64,64,51,51,53,53,53,55,55,54,54,54,54,45,68,70,40,40,42,42,42,11,33,40,64,64,61,51,53,77,48],"gold":69,"neow_bonus":"THREE_CARDS","is_prod":false,"is_daily":false,"chose_seed":false,"campfire_upgraded":6,"win_rate":0,"timestamp":1570857623,"path_taken":["M","M","?","M","M","R","?","R","T","$","E","?","?","?","R","BOSS","M","?","?","?","?","R","M","?","T","E","R","E","?","?","R","BOSS","M","M","?","M","?","R","E","R","T","R","?","M","?","M","R","BOSS"],"build_version":"2019-07-17","purchased_purges":0,"victory":true,"max_hp_per_floor":[70,70,70,70,70,70,70,70,70,70,70,70,70,70,70,70,70,70,70,70,70,75,75,75,75,75,75,75,75,75,75,75,75,75,75,75,75,75,75,75,75,75,82,82,82,82,82,82,82,82],"card_choices":[{"not_picked":["PiercingWail","Deflect"],"picked":"Deadly Poison","floor":0},{"not_picked":["Eviscerate","Outmaneuver"],"picked":"Underhanded Strike","floor":1},{"not_picked":["Deadly Poison","Accuracy"],"picked":"Dash","floor":2},{"not_picked":["Outmaneuver","Skewer"],"picked":"Flying Knee","floor":4},{"not_picked":["Infinite Blades","Accuracy"],"picked":"Concentrate","floor":5},{"not_picked":["Deadly Poison","Underhanded Strike"],"picked":"Prepared","floor":11},{"not_picked":["Tactician","Slice"],"picked":"Cloak And Dagger","floor":13},{"not_picked":["Die Die Die","Grand Finale"],"picked":"Adrenaline","floor":16},{"not_picked":["Outmaneuver","Dodge and Roll"],"picked":"Deflect+1","floor":18},{"not_picked":["Bane","Deflect"],"picked":"Backflip","floor":24},{"not_picked":["Dodge and Roll","Blur"],"picked":"Backflip","floor":27},{"not_picked":["Backflip","Setup"],"picked":"Caltrops","floor":29},{"not_picked":["Malaise","Unload"],"picked":"Corpse Explosion","floor":33},{"not_picked":["Blade Dance","Deadly Poison+1"],"picked":"Poisoned Stab","floor":35},{"not_picked":["Noxious Fumes+1","Flying Knee"],"picked":"Well Laid Plans","floor":36},{"not_picked":["Riddle With Holes+1","Flying Knee"],"picked":"Escape Plan+1","floor":38},{"not_picked":["Well Laid Plans","Cloak And Dagger"],"picked":"Caltrops+1","floor":41},{"not_picked":["Storm of Steel","Prepared+1"],"picked":"Terror+1","floor":46},{"not_picked":["Poisoned Stab+1","PiercingWail+1","Quick Slash"],"picked":"SKIP","floor":48}],"player_experience":825954,"relics_obtained":[{"floor":9,"key":"Anchor"},{"floor":11,"key":"Bag of Marbles"},{"floor":21,"key":"Tiny Chest"},{"floor":26,"key":"Thread and Needle"},{"floor":27,"key":"Sundial"},{"floor":29,"key":"Kunai"},{"floor":39,"key":"Art of War"},{"floor":41,"key":"Orichalcum"},{"floor":43,"key":"Strawberry"}],"event_choices":[{"damage_healed":0,"gold_gain":0,"player_choice":"Success","damage_taken":7,"relics_obtained":["Centennial Puzzle"],"max_hp_gain":0,"max_hp_loss":0,"event_name":"Scrap Ooze","floor":3,"gold_loss":0},{"damage_healed":0,"gold_gain":0,"player_choice":"Searched \u00272\u0027 times","damage_taken":0,"relics_obtained":["Blood Vial"],"max_hp_gain":0,"max_hp_loss":0,"event_name":"Dead Adventurer","floor":7,"gold_loss":0},{"damage_healed":0,"gold_gain":0,"player_choice":"Left Gold","damage_taken":0,"max_hp_gain":0,"max_hp_loss":0,"event_name":"World of Goop","floor":14,"gold_loss":37},{"damage_healed":0,"gold_gain":0,"player_choice":"Opened","damage_taken":0,"relics_obtained":["War Paint"],"max_hp_gain":0,"max_hp_loss":0,"event_name":"The Mausoleum","floor":19,"gold_loss":0},{"damage_healed":0,"gold_gain":0,"player_choice":"Ignored","damage_taken":0,"max_hp_gain":0,"max_hp_loss":0,"event_name":"Vampires","floor":20,"gold_loss":0},{"damage_healed":0,"gold_gain":0,"player_choice":"Shed Blood","damage_taken":18,"max_hp_gain":5,"max_hp_loss":0,"event_name":"Forgotten Altar","floor":22,"gold_loss":0},{"damage_healed":0,"gold_gain":0,"player_choice":"Ignored","damage_taken":0,"max_hp_gain":0,"max_hp_loss":0,"event_name":"Cursed Tome","floor":25,"gold_loss":0},{"damage_healed":0,"gold_gain":0,"player_choice":"Read","damage_taken":0,"max_hp_gain":0,"max_hp_loss":0,"event_name":"The Library","floor":31,"gold_loss":0,"cards_obtained":["Underhanded Strike"]},{"damage_healed":0,"gold_gain":0,"player_choice":"Paid","damage_taken":0,"relics_obtained":["Red Mask"],"max_hp_gain":0,"max_hp_loss":0,"event_name":"Tomb of Lord Red Mask","floor":37,"gold_loss":179},{"damage_healed":0,"gold_gain":0,"player_choice":"Embrace Madness","damage_taken":10,"max_hp_gain":0,"max_hp_loss":0,"event_name":"Winding Halls","floor":47,"gold_loss":0,"cards_obtained":["Madness","Madness"]}],"is_beta":false,"boss_relics":[{"not_picked":["Eternal Feather","White Beast Statue"],"picked":"Pandora\u0027s Box"},{"not_picked":["Tiny House","WristBlade"],"picked":"Ring of the Serpent"}],"items_purged_floors":[],"is_endless":false,"potions_floor_spawned":[1,2,13,24,33,38,48],"ascension_level":9}