{"gold_per_floor":[116,43,59,134,84,110,110,128,151,151,208,223,298,315,315,413,413,396,406,505,191,191,191,223,223,223,236,251,264,282,205,205,303,303,316,30,0,13,28,28,40,40,40,40,58,58,69,69,69,69],"floor_reached":50,"playtime":3353,"items_purged":["Defend_G"],"score":498,"play_id":"1edb5c37-7b1c-4e29-afa8-5d3a07b3ae7a","local_time":"20181005233618","is_ascension_mode":true,"campfire_choices":[{"data":"Sucker Punch","floor":7,"key":"SMITH"},{"data":"Defend_G","floor":10,"key":"SMITH"},{"floor":15,"key":"REST"},{"floor":23,"key":"REST"},{"data":"Defend_G","floor":25,"key":"SMITH"},{"floor":32,"key":"REST"},{"floor":40,"key":"REST"},{"floor":42,"key":"DIG"},{"floor":44,"key":"DIG"},{"floor":49,"key":"REST"}],"neow_cost":"NONE","seed_source_timestamp":1400689878376643,"circlet_count":0,"master_deck":["Defend_G+1","Defend_G+1","Defend_G","Defend_G","Strike_G","Strike_G","Survivor","Neutralize","Dagger Throw","Noxious Fumes","Prepared","Sucker Punch+1","Dagger Spray","Quick Slash","Night Terror","Catalyst+1","Calculated Gamble","Underhanded Strike","Bane+1","Finisher","Dash","A Thousand Cuts","Backflip+1","Riddle With Holes+1","Backflip+1","Flying Knee"],"relics":["Ring of the Snake","Vajra","PreservedInsect","Tiny Chest","Empty Cage","Gremlin Horn","Ninja Scroll","Lantern","Boot","Sozu","Shovel","Red Mask","Molten Egg 2","Shuriken","Potion Belt","Anchor"],"potions_floor_usage":[6,14,33,45],"damage_taken":[{"damage":0,"enemies":"Jaw Worm","floor":1,"turns":5},{"damage":0,"enemies":"Small Slimes","floor":3,"turns":4},{"damage":16,"enemies":"Gremlin Nob","floor":6,"turns":5},{"damage":0,"enemies":"Cultist","floor":8,"turns":3},{"damage":2,"enemies":"3 Sentries","floor":11,"turns":6},{"damage":0,"enemies":"2 Fungi Beasts","floor":12,"turns":2},{"damage":0,"enemies":"Gremlin Gang","floor":14,"turns":1},{"damage":38,"enemies":"Hexaghost","floor":16,"turns":11},{"damage":19,"enemies":"2 Thieves","floor":18,"turns":4},{"damage":31,"enemies":"Spheric Guardian","floor":19,"turns":6},{"damage":8,"enemies":"Gremlin Leader","floor":24,"turns":5},{"damage":2,"enemies":"Centurion and Healer","floor":27,"turns":6},{"damage":12,"enemies":"Snake Plant","floor":28,"turns":5},{"damage":4,"enemies":"3 Cultists","floor":29,"turns":4},{"damage":2,"enemies":"Cultist and Chosen","floor":30,"turns":4},{"damage":37,"enemies":"Automaton","floor":33,"turns":12},{"damage":26,"enemies":"3 Darklings","floor":35,"turns":7},{"damage":0,"enemies":"Orb Walker","floor":38,"turns":2},{"damage":19,"enemies":"Transient","floor":39,"turns":5},{"damage":1,"enemies":"Sphere and 2 Shapes","floor":41,"turns":4},{"damage":44,"enemies":"Spire Growth","floor":45,"turns":5},{"damage":0,"enemies":"Reptomancer","floor":47,"turns":3},{"damage":29,"enemies":"Time Eater","floor":50,"turns":4}],"seed_played":"8334755163169745212","potions_obtained":[{"floor":3,"key":"GhostInAJar"},{"floor":6,"key":"Dexterity Potion"},{"floor":11,"key":"Explosive Potion"},{"floor":19,"key":"PowerPotion"},{"floor":28,"key":"GhostInAJar"}],"is_trial":false,"path_per_floor":["M","$","M","?","?","E","R","M","T","R","E","M","?","M","R","B",null,"M","M","?","$","T","R","E","R","T","M","M","M","M","$","R","B",null,"M","$","?","M","M","R","M","R","T","R","M","?","M","?","R"],"character_chosen":"THE_SILENT","items_purchased":["Noxious Fumes","Gremlin Horn","Dash","Shovel"],"campfire_rested":5,"item_purchase_floors":[2,21,31,36],"current_hp_per_floor":[77,77,77,66,66,50,50,50,50,50,48,48,41,41,64,26,77,58,27,27,27,27,50,42,42,42,40,28,24,22,22,45,8,77,51,51,51,51,32,55,54,54,54,54,10,10,10,3,26,0],"gold":69,"neow_bonus":"TEN_PERCENT_HP_BONUS","is_prod":false,"is_daily":false,"chose_seed":false,"campfire_upgraded":3,"win_rate":0,"timestamp":1538800578,"path_taken":["M","$","M","?","?","E","R","?","T","R","E","M","?","?","R","BOSS","M","?","?","$","?","R","E","R","T","M","M","M","M","$","R","BOSS","M","$","?","M","M","R","M","R","T","R","M","?","M","?","R","BOSS"],"build_version":"2018-10-04v2","purchased_purges":1,"victory":false,"max_hp_per_floor":[77,77,77,77,77,77,77,77,77,77,77,77,77,77,77,77,77,77,77,77,77,77,77,77,77,77,77,77,77,77,77,77,77,77,77,77,77,77,77,77,77,77,77,77,77,77,77,77,77,77],"card_choices":[{"not_picked":["Quick Slash","Reflex"],"picked":"Dagger Throw","floor":1},{"not_picked":["Escape Plan","Dodge and Roll"],"picked":"Prepared","floor":3},{"not_picked":["Infinite Blades","Cloak And Dagger"],"picked":"Sucker Punch","floor":6},{"not_picked":["Poisoned Stab","Wraith Form v2","Tactician"],"picked":"SKIP","floor":8},{"not_picked":["Dash","Calculated Gamble"],"picked":"Dagger Spray","floor":11},{"not_picked":["Sucker Punch","Deadly Poison"],"picked":"Quick Slash","floor":12},{"not_picked":["Deadly Poison","Cloak And Dagger","Dodge and Roll"],"picked":"SKIP","floor":14},{"not_picked":["Adrenaline","Unload"],"picked":"Night Terror","floor":16},{"not_picked":["Poisoned Stab","Quick Slash"],"picked":"Catalyst+1","floor":18},{"not_picked":["Flying Knee","Expertise+1"],"picked":"Calculated Gamble","floor":19},{"not_picked":["Prepared","Flying Knee"],"picked":"Underhanded Strike","floor":24},{"not_picked":["Accuracy","Expertise","Sucker Punch"],"picked":"SKIP","floor":27},{"not_picked":["Concentrate","Masterful Stab"],"picked":"Bane+1","floor":28},{"not_picked":["Caltrops","Dagger Spray+1"],"picked":"Finisher","floor":29},{"not_picked":["Sucker Punch","Eviscerate","Cloak And Dagger"],"picked":"SKIP","floor":30},{"not_picked":["Die Die Die","Glass Knife"],"picked":"A Thousand Cuts","floor":33},{"not_picked":["Eviscerate","All Out Attack+1"],"picked":"Backflip+1","floor":35},{"not_picked":["Blade Dance","Deadly Poison+1"],"picked":"Riddle With Holes+1","floor":38},{"not_picked":["Blade Dance","Bane+1"],"picked":"Backflip+1","floor":39},{"not_picked":["Choke+1","Calculated Gamble"],"picked":"Flying Knee","floor":41},{"not_picked":["Flying Knee+1","Sucker Punch+1","Blade Dance+1"],"picked":"SKIP","floor":45},{"not_picked":["Infinite Blades+1","Slice+1","Dagger Spray+1"],"picked":"SKIP","floor":47}],"player_experience":388866,"relics_obtained":[{"floor":6,"key":"Vajra"},{"floor":9,"key":"PreservedInsect"},{"floor":11,"key":"Tiny Chest"},{"floor":22,"key":"Ninja Scroll"},{"floor":24,"key":"Lantern"},{"floor":26,"key":"Boot"},{"floor":42,"key":"Molten Egg 2"},{"floor":43,"key":"Shuriken"},{"floor":44,"key":"Potion Belt"}],"event_choices":[{"event_name":"World of Goop","player_choice":"Gather Gold","floor":4,"damage_taken":0},{"event_name":"The Cleric","player_choice":"Card Removal","floor":5,"damage_taken":0},{"event_name":"FaceTrader","player_choice":"Touch","floor":13,"damage_taken":0},{"event_name":"Nest","player_choice":"Stole From Cult","floor":20,"damage_taken":0},{"event_name":"Tomb of Lord Red Mask","player_choice":"Paid","floor":37,"damage_taken":0},{"event_name":"WeMeetAgain","player_choice":"Potion","floor":46,"damage_taken":0},{"event_name":"Wheel of Change","player_choice":"Damage","floor":48,"damage_taken":0}],"is_beta":false,"boss_relics":[{"not_picked":["Orrery","Astrolabe"],"picked":"Empty Cage"},{"not_picked":["Coffee Dripper","Fusion Hammer"],"picked":"Sozu"}],"items_purged_floors":[21],"is_endless":false,"potions_floor_spawned":[3,6,11,19,28,29,35,41,47],"killed_by":"Time Eater","ascension_level":1}