{"gold_per_floor":[115,115,11,27,41,69,85,85,85,120,135,60,60,123,123,226,226,238,4,24,39,50,80,80,98,98,113,148,148,148,168,168,267,267,282,282],"floor_reached":36,"playtime":2353,"items_purged":["Strike_R"],"score":624,"play_id":"e20065ef-1543-4008-8190-1045a7a20f9a","local_time":"20191004234522","is_ascension_mode":true,"campfire_choices":[{"data":"True Grit","floor":8.0,"key":"SMITH"},{"floor":13.0,"key":"REST"},{"data":"Flame Barrier","floor":15.0,"key":"SMITH"},{"floor":24.0,"key":"REST"},{"floor":30,"key":"REST"},{"floor":32,"key":"REST"}],"neow_cost":"TEN_PERCENT_HP_LOSS","seed_source_timestamp":0,"circlet_count":0,"master_deck":["AscendersBane","Strike_R","Strike_R","Strike_R","Strike_R","Defend_R","Defend_R","Defend_R","Defend_R","Bash","Limit Break+1","Flex","Inflame","True Grit+1","Sword Boomerang","Blood for Blood","Pommel Strike","Flame Barrier+1","Iron Wave","Limit Break","Twin Strike","Bandage Up","Infernal Blade+1","Clothesline","Battle Trance","Pommel Strike+1","Heavy Blade","Ghostly Armor","Writhe","Double Tap","Sentinel"],"special_seed":0,"relics":["Black Blood","Juzu Bracelet","Darkstone Periapt","Frozen Egg 2","Fusion Hammer","Orichalcum","Oddly Smooth Stone","Mummified Hand","Mercury Hourglass","Red Skull"],"potions_floor_usage":[31,36],"damage_taken":[{"damage":6.0,"enemies":"2 Louse","floor":1.0,"turns":3.0},{"damage":0.0,"enemies":"Small Slimes","floor":4.0,"turns":3.0},{"damage":0.0,"enemies":"Jaw Worm","floor":5.0,"turns":3.0},{"damage":55.0,"enemies":"Lagavulin","floor":6.0,"turns":8.0},{"damage":5.0,"enemies":"2 Fungi Beasts","floor":7.0,"turns":3.0},{"damage":22.0,"enemies":"Gremlin Nob","floor":10.0,"turns":4.0},{"damage":2.0,"enemies":"Looter","floor":11.0,"turns":4.0},{"damage":23.0,"enemies":"The Guardian","floor":16.0,"turns":12.0},{"damage":16.0,"enemies":"3 Byrds","floor":18.0,"turns":6.0},{"damage":14.0,"enemies":"Shell Parasite","floor":20.0,"turns":4.0},{"damage":29.0,"enemies":"Cultist and Chosen","floor":21.0,"turns":6.0},{"damage":12.0,"enemies":"Snecko","floor":22.0,"turns":3.0},{"damage":44.0,"enemies":"Slavers","floor":23.0,"turns":6.0},{"damage":19.0,"enemies":"Snake Plant","floor":25.0,"turns":4.0},{"damage":5.0,"enemies":"Sentry and Sphere","floor":27.0,"turns":4.0},{"damage":25,"enemies":"Gremlin Leader","floor":28,"turns":6},{"damage":25,"enemies":"Centurion and Healer","floor":31,"turns":5},{"damage":46,"enemies":"Champ","floor":33,"turns":9},{"damage":11,"enemies":"3 Shapes","floor":35,"turns":4},{"damage":72,"enemies":"2 Orb Walkers","floor":36,"turns":4}],"seed_played":"6084379751769698665","potions_obtained":[{"floor":4.0,"key":"Explosive Potion"},{"floor":10.0,"key":"SteroidPotion"},{"floor":11.0,"key":"Energy Potion"},{"floor":16.0,"key":"Regen Potion"},{"floor":18.0,"key":"BloodPotion"},{"floor":21.0,"key":"LiquidBronze"},{"floor":22.0,"key":"Swift Potion"},{"floor":25.0,"key":"Block Potion"},{"floor":28,"key":"Dexterity Potion"},{"floor":33,"key":"Block Potion"}],"is_trial":false,"path_per_floor":["M","?","$","M","M","E","M","R","T","E","M","$","R","?","R","B",null,"M","$","M","M","M","E","R","M","T","M","E","?","R","M","R","B",null,"M","?"],"character_chosen":"IRONCLAD","items_purchased":["Inflame","True Grit","Orichalcum","Bandage Up"],"campfire_rested":4,"item_purchase_floors":[3,3,19,19],"current_hp_per_floor":[72,72,72,72,72,23,24,24,24,8,12,12,33,33,33,16,58,48,48,44,25,19,18,39,30,30,35,20,26,49,34,57,21,64,67,0],"gold":282,"neow_bonus":"THREE_RARE_CARDS","is_prod":false,"is_daily":false,"chose_seed":false,"campfire_upgraded":2,"win_rate":0,"timestamp":1570250722,"path_taken":["M","?","$","M","M","E","M","R","T","E","M","$","R","?","R","BOSS","M","$","M","M","M","E","R","M","T","M","E","?","R","M","R","BOSS","M","?"],"build_version":"2019-07-17","purchased_purges":1,"victory":false,"max_hp_per_floor":[72,72,72,72,72,72,72,72,72,72,72,72,72,72,72,72,72,72,72,72,72,72,72,72,72,72,72,72,78,78,78,78,78,78,78,78],"card_choices":[{"not_picked":["Impervious","Immolate"],"picked":"Limit Break","floor":0.0},{"not_picked":["Iron Wave","Clash"],"picked":"Flex","floor":1.0},{"not_picked":["Body Slam","Armaments","Dropkick"],"picked":"SKIP","floor":4.0},{"not_picked":["Blood for Blood","Warcry"],"picked":"Sword Boomerang","floor":5.0},{"not_picked":["Flex","Hemokinesis"],"picked":"Blood for Blood","floor":6.0},{"not_picked":["Wild Strike","Rupture"],"picked":"Pommel Strike","floor":7.0},{"not_picked":["Burning Pact","Sever Soul"],"picked":"Flame Barrier","floor":10.0},{"not_picked":["Anger","Thunderclap"],"picked":"Iron Wave","floor":11.0},{"not_picked":["Bludgeon","Juggernaut+1"],"picked":"Limit Break","floor":16.0},{"not_picked":["Power Through+1","Fire Breathing+1"],"picked":"Twin Strike","floor":18.0},{"not_picked":["Second Wind+1","Burning Pact+1"],"picked":"Infernal Blade+1","floor":20.0},{"not_picked":["Warcry","Thunderclap"],"picked":"Clothesline","floor":21.0},{"not_picked":["Body Slam+1","Perfected Strike"],"picked":"Battle Trance","floor":22.0},{"not_picked":["Burning Pact","Shockwave"],"picked":"Pommel Strike+1","floor":23.0},{"not_picked":["Perfected Strike","Cleave"],"picked":"Heavy Blade","floor":25.0},{"not_picked":["Sword Boomerang+1","Combust+1","Clothesline+1"],"picked":"SKIP","floor":27.0},{"not_picked":["Pommel Strike+1","Clash+1"],"picked":"Ghostly Armor","floor":28},{"not_picked":["Pummel","Combust+1"],"picked":"Double Tap","floor":31},{"not_picked":["Entrench","Perfected Strike+1"],"picked":"Sentinel","floor":35}],"player_experience":785163,"relics_obtained":[{"floor":6.0,"key":"Juzu Bracelet"},{"floor":9.0,"key":"Darkstone Periapt"},{"floor":10.0,"key":"Frozen Egg 2"},{"floor":23.0,"key":"Oddly Smooth Stone"},{"floor":26.0,"key":"Mummified Hand"},{"floor":28,"key":"Mercury Hourglass"}],"event_choices":[{"damage_healed":0.0,"max_hp_gain":0.0,"max_hp_loss":0.0,"gold_gain":0.0,"event_name":"Living Wall","player_choice":"Grow","floor":2.0,"gold_loss":0.0,"damage_taken":0.0,"cards_upgraded":["Limit Break"]},{"damage_healed":0.0,"max_hp_gain":0.0,"max_hp_loss":0.0,"gold_gain":63.0,"event_name":"Golden Wing","player_choice":"Gained Gold","floor":14.0,"gold_loss":0.0,"damage_taken":0.0},{"damage_healed":0,"gold_gain":0,"player_choice":"Opened","damage_taken":0,"relics_obtained":["Red Skull"],"max_hp_gain":0,"max_hp_loss":0,"event_name":"The Mausoleum","floor":29,"gold_loss":0,"cards_obtained":["Writhe"]},{"damage_healed":0,"gold_gain":0,"player_choice":"Fight","damage_taken":0,"max_hp_gain":0,"max_hp_loss":0,"event_name":"Mysterious Sphere","floor":36,"gold_loss":0}],"is_beta":false,"boss_relics":[{"not_picked":["Lizard Tail","Empty Cage"],"picked":"Fusion Hammer"},{"not_picked":["Runic Cube","Black Star"],"picked":"Black Blood"}],"items_purged_floors":[12],"is_endless":false,"potions_floor_spawned":[4,10,11,16,18,21,22,25,28,33],"killed_by":"2 Orb Walkers","ascension_level":10}