{"gold_per_floor":[119,129,304,304,65,65,104,104,176,141,212,22,22],"floor_reached":13,"playtime":916,"items_purged":["Doubt"],"score":134,"play_id":"716396b5-55ab-45d9-b0af-5cc5179d6ef1","local_time":"20191020004444","is_ascension_mode":true,"campfire_choices":[{"data":"Flame Barrier","floor":6,"key":"SMITH"},{"data":"Bash","floor":8,"key":"SMITH"}],"neow_cost":"NONE","seed_source_timestamp":448735173622100,"circlet_count":0,"master_deck":["AscendersBane","Strike_R","Strike_R+1","Strike_R","Strike_R","Strike_R","Defend_R","Defend_R","Defend_R","Defend_R","Bash+1","Flame Barrier+1","Sword Boomerang+1","True Grit","Clash","Shockwave"],"relics":["Burning Blood","Golden Idol","Membership Card","Whetstone","Question Card","Tiny Chest","Frozen Egg 2"],"potions_floor_usage":[11,13],"damage_taken":[{"damage":8,"enemies":"Jaw Worm","floor":1,"turns":4},{"damage":2,"enemies":"2 Louse","floor":2,"turns":4},{"damage":34,"enemies":"3 Sentries","floor":7,"turns":11},{"damage":24,"enemies":"Lagavulin","floor":11,"turns":6},{"damage":58,"enemies":"3 Sentries","floor":13,"turns":14}],"seed_played":"-4081734775466454865","potions_obtained":[{"floor":1,"key":"Energy Potion"},{"floor":11,"key":"EssenceOfSteel"}],"is_trial":false,"path_per_floor":["M","M","?","?","$","R","E","R","T","?","E","$","E"],"character_chosen":"IRONCLAD","items_purchased":["Membership Card","Frozen Egg 2","Clash","Shockwave"],"campfire_rested":0,"item_purchase_floors":[5,12,12,12],"current_hp_per_floor":[78,82,82,81,81,81,53,53,53,73,55,55,0],"gold":22,"neow_bonus":"TEN_PERCENT_HP_BONUS","is_prod":false,"is_daily":false,"chose_seed":false,"campfire_upgraded":2,"win_rate":0,"timestamp":1571550284,"path_taken":["M","M","?","?","$","R","E","R","T","?","E","$","E"],"build_version":"2019-07-17","purchased_purges":1,"victory":false,"max_hp_per_floor":[88,88,88,81,81,81,81,81,81,81,81,81,81],"card_choices":[{"not_picked":["Blood for Blood","Perfected Strike"],"picked":"Flame Barrier","floor":1},{"not_picked":["Blood for Blood","Corruption"],"picked":"Sword Boomerang","floor":2},{"not_picked":["Thunderclap","Clothesline","Heavy Blade"],"picked":"SKIP","floor":7},{"not_picked":["Combust","Headbutt","Searing Blow"],"picked":"True Grit","floor":11}],"player_experience":900377,"relics_obtained":[{"floor":7,"key":"Whetstone"},{"floor":9,"key":"Question Card"},{"floor":11,"key":"Tiny Chest"}],"event_choices":[{"damage_healed":0,"gold_gain":175,"player_choice":"AGREE","damage_taken":0,"max_hp_gain":0,"max_hp_loss":0,"event_name":"Liars Game","floor":3,"gold_loss":0,"cards_obtained":["Doubt"]},{"damage_healed":0,"gold_gain":0,"player_choice":"Lose Max HP","damage_taken":0,"relics_obtained":["Golden Idol"],"max_hp_gain":0,"max_hp_loss":7,"event_name":"Golden Idol","floor":4,"gold_loss":0},{"damage_healed":20,"gold_gain":0,"player_choice":"Healed","damage_taken":0,"max_hp_gain":0,"max_hp_loss":0,"event_name":"The Cleric","floor":10,"gold_loss":35}],"is_beta":false,"boss_relics":[],"items_purged_floors":[5],"is_endless":false,"potions_floor_spawned":[1,11],"killed_by":"3 Sentries","ascension_level":10}