{"gold_per_floor":[112,62,79,31,41,41,74,88,137,155,155,80,80,28,28,123,123,134,134,1,1,14,14,14,29,53,53,53,73,73,85,85,85],"floor_reached":33,"playtime":1575,"items_purged":["Strike_G"],"score":355,"play_id":"db040aca-333c-4f4d-93a2-e98d2dccbe0f","local_time":"20190228225738","is_ascension_mode":true,"campfire_choices":[{"data":"Backflip","floor":6,"key":"SMITH"},{"data":"Dash","floor":11,"key":"SMITH"},{"data":"Bouncing Flask","floor":15,"key":"SMITH"},{"floor":23,"key":"REST"},{"data":"Catalyst","floor":27,"key":"SMITH"},{"data":"Catalyst","floor":28,"key":"SMITH"},{"data":"Storm of Steel","floor":30,"key":"SMITH"},{"data":"Crippling Poison","floor":32,"key":"SMITH"}],"neow_cost":"TEN_PERCENT_HP_LOSS","seed_source_timestamp":536504504079208,"circlet_count":0,"master_deck":["Defend_G+1","Defend_G+1","Defend_G+1","Defend_G+1","Strike_G+1","Strike_G+1","Strike_G+1","Strike_G+1","Survivor","Neutralize","Backflip+1","Bouncing Flask+1","Slice","Poisoned Stab","Bane","Dash+1","Well Laid Plans","Poisoned Stab","Storm of Steel+1","Crippling Poison+1","Catalyst+1","Catalyst+1","Leg Sweep","Footwork","Footwork","Deflect"],"relics":["Ring of the Snake","The Specimen","Meat on the Bone","Ancient Tea Set","Orrery","WingedGreaves","Vajra"],"potions_floor_usage":[7,10,16,31,33],"damage_taken":[{"damage":0,"enemies":"Small Slimes","floor":1,"turns":5},{"damage":0,"enemies":"Jaw Worm","floor":3,"turns":5},{"damage":1,"enemies":"Cultist","floor":5,"turns":3},{"damage":12,"enemies":"3 Sentries","floor":7,"turns":7},{"damage":0,"enemies":"Blue Slaver","floor":8,"turns":4},{"damage":4,"enemies":"Exordium Wildlife","floor":10,"turns":3},{"damage":15,"enemies":"The Guardian","floor":16,"turns":9},{"damage":19,"enemies":"Spheric Guardian","floor":18,"turns":5},{"damage":6,"enemies":"Chosen","floor":22,"turns":6},{"damage":4,"enemies":"Snecko","floor":25,"turns":4},{"damage":0,"enemies":"Cultist and Chosen","floor":29,"turns":3},{"damage":6,"enemies":"Centurion and Healer","floor":31,"turns":3},{"damage":66,"enemies":"Collector","floor":33,"turns":6}],"seed_played":"-2470194066527632895","potions_obtained":[{"floor":3,"key":"EssenceOfSteel"},{"floor":5,"key":"Energy Potion"},{"floor":8,"key":"LiquidBronze"},{"floor":10,"key":"Block Potion"},{"floor":18,"key":"FearPotion"},{"floor":22,"key":"AttackPotion"}],"is_trial":false,"path_per_floor":["M","?","M","$","M","R","E","M","T","M","R","$","?","$","R","B",null,"M","?","$","?","M","R","T","M","T","R","R","M","R","M","R","B"],"character_chosen":"THE_SILENT","items_purchased":["Slice","Poisoned Stab","Footwork","Deflect"],"campfire_rested":1,"item_purchase_floors":[4,14,20,20],"current_hp_per_floor":[63,63,63,63,62,62,50,50,50,46,46,46,46,46,46,43,58,39,39,39,39,33,51,51,47,47,47,47,47,47,41,41,0],"gold":85,"neow_bonus":"ONE_RARE_RELIC","is_prod":false,"is_daily":false,"chose_seed":false,"campfire_upgraded":7,"win_rate":0,"timestamp":1551416258,"path_taken":["M","?","M","$","M","R","E","M","T","M","R","$","?","?","R","BOSS","M","?","$","?","M","R","?","M","T","R","R","M","R","?","R","BOSS"],"build_version":"2019-01-23","purchased_purges":1,"victory":false,"max_hp_per_floor":[63,63,63,63,63,63,63,63,63,63,63,63,63,63,63,63,63,63,63,63,63,63,63,63,63,63,63,63,63,63,63,63,63],"card_choices":[{"not_picked":["Dodge and Roll","Deadly Poison"],"picked":"Backflip","floor":1},{"not_picked":["Backflip","Deflect"],"picked":"Bouncing Flask","floor":3},{"not_picked":["Die Die Die","Predator"],"picked":"Poisoned Stab","floor":5},{"not_picked":["Underhanded Strike","Heel Hook"],"picked":"Bane","floor":7},{"not_picked":["Deflect","Prepared"],"picked":"Dash","floor":8},{"not_picked":["Prepared","Poisoned Stab"],"picked":"Well Laid Plans","floor":10},{"not_picked":["Grand Finale","Unload"],"picked":"Storm of Steel","floor":16},{"not_picked":["Flying Knee","Backflip"],"picked":"Crippling Poison","floor":17},{"not_picked":["Sucker Punch","Predator"],"picked":"Catalyst","floor":17},{"not_picked":["Underhanded Strike","Flying Knee"],"picked":"Catalyst","floor":17},{"not_picked":["Calculated Gamble","Well Laid Plans"],"picked":"Leg Sweep","floor":17},{"not_picked":["Dagger Throw","Acrobatics+1"],"picked":"Footwork","floor":18},{"not_picked":["Blade Dance","Heel Hook","Dagger Throw"],"picked":"SKIP","floor":22},{"not_picked":["Expertise+1","Blur+1","Sucker Punch+1"],"picked":"SKIP","floor":25},{"not_picked":["Flying Knee+1","Slice","Dodge and Roll"],"picked":"SKIP","floor":29},{"not_picked":["Deflect","Quick Slash","Choke"],"picked":"SKIP","floor":31}],"player_experience":735831,"relics_obtained":[{"floor":7,"key":"Meat on the Bone"},{"floor":9,"key":"Ancient Tea Set"},{"floor":24,"key":"WingedGreaves"},{"floor":26,"key":"Vajra"}],"event_choices":[{"cards_removed":["Defend_G"],"damage_healed":0,"gold_gain":0,"player_choice":"Card Removal","damage_taken":0,"max_hp_gain":0,"max_hp_loss":0,"event_name":"The Cleric","floor":2,"gold_loss":50},{"damage_healed":0,"gold_gain":0,"player_choice":"Ignored","damage_taken":0,"max_hp_gain":0,"max_hp_loss":0,"event_name":"Liars Game","floor":13,"gold_loss":0},{"damage_healed":0,"gold_gain":0,"player_choice":"Simplicity","damage_taken":0,"max_hp_gain":0,"max_hp_loss":0,"event_name":"Back to Basics","floor":19,"gold_loss":0,"cards_upgraded":["Defend_G","Defend_G","Defend_G","Defend_G","Strike_G","Strike_G","Strike_G","Strike_G"]},{"damage_healed":0,"gold_gain":0,"player_choice":"Ignored","damage_taken":0,"max_hp_gain":0,"max_hp_loss":0,"event_name":"Ghosts","floor":21,"gold_loss":0}],"is_beta":false,"boss_relics":[{"not_picked":["Black Star","Tiny House"],"picked":"Orrery"}],"items_purged_floors":[12],"is_endless":false,"potions_floor_spawned":[3,5,8,10,18,22,29],"killed_by":"Collector","ascension_level":9}