{"gold_per_floor":[110,56,56,4,23,53,53,69,120,120,133,150,150,181,193,205],"floor_reached":16,"playtime":1115,"items_purged":[],"score":138,"play_id":"6a41a612-305f-48e9-9a6d-1ba9279a9045","local_time":"20181212232246","is_ascension_mode":true,"campfire_choices":[{"data":"Conserve Battery","floor":7,"key":"SMITH"},{"data":"Redo","floor":13,"key":"SMITH"},{"floor":15,"key":"REST"}],"neow_cost":"NONE","seed_source_timestamp":75201271306773,"circlet_count":0,"master_deck":["Strike_B","Strike_B","Strike_B","Strike_B","Defend_B","Defend_B","Defend_B","Defend_B","Zap+1","Dualcast","Sunder","Leap","Conserve Battery+1","Leap","Finesse","Thunder Strike","Redo+1","Melter","Rebound"],"relics":["Cracked Core","Bag of Preparation","Bag of Marbles","Dream Catcher","MawBank"],"potions_floor_usage":[],"damage_taken":[{"damage":3,"enemies":"Small Slimes","floor":1,"turns":3},{"damage":0,"enemies":"2 Louse","floor":5,"turns":2},{"damage":17,"enemies":"Lagavulin","floor":6,"turns":6},{"damage":0,"enemies":"Cultist","floor":8,"turns":2},{"damage":11,"enemies":"2 Fungi Beasts","floor":11,"turns":3},{"damage":2,"enemies":"Lots of Slimes","floor":12,"turns":4},{"damage":23,"enemies":"3 Sentries","floor":14,"turns":8},{"damage":46,"enemies":"Hexaghost","floor":16,"turns":11}],"seed_played":"2614955502140588159","potions_obtained":[{"floor":6,"key":"PowerPotion"}],"is_trial":false,"path_per_floor":["M","$","?","?","M","E","R","M","T","?","M","M","R","E","R","B"],"character_chosen":"DEFECT","items_purchased":["Leap"],"campfire_rested":1,"item_purchase_floors":[2],"current_hp_per_floor":[72,72,72,72,72,55,55,55,55,55,44,42,42,19,41,0],"gold":205,"neow_bonus":"UPGRADE_CARD","is_prod":false,"is_daily":false,"chose_seed":false,"campfire_upgraded":2,"win_rate":0,"timestamp":1544678566,"path_taken":["M","$","?","?","?","E","R","M","T","?","M","M","R","E","R","BOSS"],"build_version":"2018-12-06","purchased_purges":0,"victory":false,"max_hp_per_floor":[75,75,75,75,75,75,75,75,75,75,75,75,75,75,75,75],"card_choices":[{"not_picked":["Turbo","Go for the Eyes"],"picked":"Sunder","floor":1},{"not_picked":["Cold Snap","Go for the Eyes"],"picked":"Conserve Battery","floor":5},{"not_picked":["Consume","Steam","Loop"],"picked":"SKIP","floor":6},{"not_picked":["Compile Driver","Go for the Eyes"],"picked":"Leap","floor":8},{"not_picked":["Force Field","All For One"],"picked":"Redo","floor":11},{"not_picked":["Barrage","Coolheaded"],"picked":"Melter","floor":12},{"not_picked":["Consume","Beam Cell","Cold Snap"],"picked":"SKIP","floor":14},{"not_picked":["Undo","Consume"],"picked":"Rebound","floor":15}],"player_experience":649866,"relics_obtained":[{"floor":6,"key":"Bag of Marbles"},{"floor":9,"key":"Dream Catcher"},{"floor":14,"key":"MawBank"}],"event_choices":[{"damage_healed":0,"gold_gain":0,"player_choice":"Ignored","damage_taken":0,"max_hp_gain":0,"max_hp_loss":0,"event_name":"Liars Game","floor":3,"gold_loss":0},{"damage_healed":0,"gold_gain":0,"player_choice":"Paid Gold","damage_taken":0,"relics_obtained":["Bag of Preparation"],"max_hp_gain":0,"max_hp_loss":0,"event_name":"WeMeetAgain","floor":4,"gold_loss":52},{"damage_healed":0,"gold_gain":0,"player_choice":"2 cards matched","damage_taken":0,"max_hp_gain":0,"max_hp_loss":0,"event_name":"Match and Keep!","floor":10,"gold_loss":0,"cards_obtained":["Finesse","Thunder Strike"]}],"is_beta":false,"boss_relics":[],"items_purged_floors":[],"is_endless":false,"potions_floor_spawned":[6],"killed_by":"Hexaghost","ascension_level":5}