{"gold_per_floor":[111,130,144,161,174,174,208,208,208,241,258,258,258,183,183,309,309,327,227,242,242,117,117,142,167,167,190,204,228,228,243,243,243],"floor_reached":33,"playtime":1947,"items_purged":["Strike_R","Defend_R","Strike_R"],"score":289,"play_id":"a2eb671c-0e44-4853-929f-18ef9dae64d1","local_time":"20181010171234","is_ascension_mode":true,"campfire_choices":[{"data":"Searing Blow","floor":6,"key":"SMITH"},{"floor":13,"key":"REST"},{"floor":15,"key":"REST"},{"data":"Searing Blow+1","floor":23,"key":"SMITH"},{"floor":30,"key":"REST"},{"floor":32,"key":"REST"}],"neow_cost":"NONE","seed_source_timestamp":1811072468808876,"circlet_count":0,"master_deck":["Strike_R","Strike_R","Defend_R","Defend_R","Defend_R","Bash","Shrug It Off","Ghostly Armor","Searing Blow+2","Cleave","Intimidate","Spot Weakness+1","Flex+1","Juggernaut","Body Slam","Clash","Demon Form"],"relics":["Burning Blood","Calipers","Dodecahedron","Toxic Egg 2","Golden Idol","Velvet Choker","Darkstone Periapt"],"potions_floor_usage":[28,29,33,33],"damage_taken":[{"damage":3,"enemies":"Cultist","floor":1,"turns":4},{"damage":0,"enemies":"2 Louse","floor":2,"turns":3},{"damage":0,"enemies":"Small Slimes","floor":3,"turns":4},{"damage":3,"enemies":"Blue Slaver","floor":4,"turns":6},{"damage":12,"enemies":"3 Louse","floor":5,"turns":4},{"damage":23,"enemies":"3 Sentries","floor":7,"turns":8},{"damage":40,"enemies":"Lagavulin","floor":10,"turns":8},{"damage":0,"enemies":"2 Fungi Beasts","floor":11,"turns":3},{"damage":51,"enemies":"Hexaghost","floor":16,"turns":11},{"damage":15,"enemies":"Chosen","floor":18,"turns":5},{"damage":34,"enemies":"3 Byrds","floor":20,"turns":5},{"damage":15,"enemies":"Centurion and Healer","floor":24,"turns":5},{"damage":20,"enemies":"Cultist and Chosen","floor":25,"turns":7},{"damage":14,"enemies":"Sentry and Sphere","floor":27,"turns":5},{"damage":11,"enemies":"Snake Plant","floor":28,"turns":3},{"damage":25,"enemies":"3 Cultists","floor":29,"turns":5},{"damage":24,"enemies":"Cultist and Chosen","floor":31,"turns":6},{"damage":83,"enemies":"Collector","floor":33,"turns":7}],"seed_played":"7580931680974935760","potions_obtained":[{"floor":1,"key":"PowerPotion"},{"floor":7,"key":"LiquidBronze"},{"floor":10,"key":"SneckoOil"},{"floor":11,"key":"FairyPotion"},{"floor":31,"key":"EntropicBrew"}],"is_trial":false,"path_per_floor":["M","M","M","M","M","R","E","?","T","E","M","?","R","$","R","B",null,"M","$","M","?","$","R","M","M","T","M","M","M","R","M","R"],"character_chosen":"IRONCLAD","items_purchased":[],"campfire_rested":4,"item_purchase_floors":[],"current_hp_per_floor":[80,80,80,80,74,74,57,57,57,23,29,9,33,33,57,12,80,71,71,43,69,69,69,60,46,46,38,33,14,38,20,44,0],"gold":243,"neow_bonus":"THREE_CARDS","is_prod":false,"is_daily":false,"chose_seed":false,"campfire_upgraded":2,"win_rate":0,"timestamp":1539209554,"path_taken":["M","M","M","M","?","R","E","?","T","E","M","?","R","$","R","BOSS","M","$","M","?","?","R","M","M","T","M","?","M","R","M","R","BOSS"],"build_version":"2018-10-04v2","purchased_purges":3,"victory":false,"max_hp_per_floor":[80,80,80,80,80,80,80,80,80,80,80,80,80,80,80,80,80,80,80,80,80,80,80,80,80,80,80,80,80,80,80,80,80],"card_choices":[{"not_picked":["Flex","Anger"],"picked":"Shrug It Off","floor":0},{"not_picked":["Clash","Heavy Blade"],"picked":"Ghostly Armor","floor":1},{"not_picked":["Anger","Rupture","True Grit"],"picked":"SKIP","floor":2},{"not_picked":["Dual Wield","Twin Strike"],"picked":"Searing Blow","floor":3},{"not_picked":["True Grit","Iron Wave"],"picked":"Cleave","floor":4},{"not_picked":["Iron Wave","Wild Strike","Limit Break"],"picked":"SKIP","floor":5},{"not_picked":["Fire Breathing","Perfected Strike"],"picked":"Intimidate","floor":7},{"not_picked":["Twin Strike","Whirlwind"],"picked":"Spot Weakness","floor":10},{"not_picked":["True Grit+1","Warcry+1"],"picked":"Flex+1","floor":11},{"not_picked":["Exhume+1","Brutality"],"picked":"Juggernaut","floor":16},{"not_picked":["Wild Strike","Warcry+1","Hemokinesis"],"picked":"SKIP","floor":18},{"not_picked":["Perfected Strike","Rupture+1"],"picked":"Body Slam","floor":20},{"not_picked":["Anger","Warcry+1","Burning Pact+1"],"picked":"SKIP","floor":24},{"not_picked":["True Grit+1","Anger","Seeing Red+1"],"picked":"SKIP","floor":25},{"not_picked":["Iron Wave","Seeing Red+1"],"picked":"Clash","floor":27},{"not_picked":["Intimidate+1","Sword Boomerang+1","Pummel"],"picked":"SKIP","floor":28},{"not_picked":["Armaments+1","Anger"],"picked":"Demon Form","floor":29},{"not_picked":["Fire Breathing","Perfected Strike+1","Disarm+1"],"picked":"SKIP","floor":31}],"player_experience":426533,"relics_obtained":[{"floor":7,"key":"Calipers"},{"floor":9,"key":"Dodecahedron"},{"floor":10,"key":"Toxic Egg 2"},{"floor":26,"key":"Darkstone Periapt"}],"event_choices":[{"event_name":"Living Wall","player_choice":"Forget","floor":8,"damage_taken":0},{"event_name":"Golden Idol","player_choice":"Take Damage","floor":12,"damage_taken":0},{"event_name":"The Library","player_choice":"Heal","floor":21,"damage_taken":0}],"is_beta":false,"boss_relics":[{"not_picked":["Snecko Eye","Busted Crown"],"picked":"Velvet Choker"}],"items_purged_floors":[14,19,22],"is_endless":false,"potions_floor_spawned":[1,7,10,11,20,24,25,31],"killed_by":"Collector","ascension_level":2}