{"gold_per_floor":[112,24,24,40,40,40,75,75,75,137,150,2,35,51,51,149,149,169,185,13,13,13,13],"floor_reached":23,"playtime":1478,"items_purged":["Defend_B"],"score":331,"play_id":"2ad6d2c5-4317-480f-baa2-2d27e1cb33bd","local_time":"20191023105344","is_ascension_mode":true,"campfire_choices":[{"data":"Zap","floor":6,"key":"SMITH"},{"data":"Sweeping Beam","floor":8,"key":"SMITH"},{"floor":15,"key":"REST"}],"neow_cost":"NONE","seed_source_timestamp":743973442734400,"circlet_count":0,"master_deck":["AscendersBane","Strike_B","Strike_B","Strike_B","Strike_B","Defend_B","Defend_B","Defend_B","Zap+1","Dualcast","Sweeping Beam+1","Skim","Leap","Rebound","Steam","Undo","Fission","Sunder","Conserve Battery","Leap","Seek","Cold Snap","Doom and Gloom+1","Stack"],"relics":["Cracked Core","Blood Vial","Bag of Preparation","Bag of Marbles","Dodecahedron","Tiny Chest","Gremlin Horn","Philosopher\u0027s Stone","DataDisk","Regal Pillow"],"potions_floor_usage":[10,13,16,16],"damage_taken":[{"damage":0,"enemies":"Small Slimes","floor":1,"turns":3},{"damage":0,"enemies":"Jaw Worm","floor":4,"turns":4},{"damage":21,"enemies":"3 Sentries","floor":7,"turns":7},{"damage":27,"enemies":"Lagavulin","floor":10,"turns":7},{"damage":0,"enemies":"Cultist","floor":11,"turns":2},{"damage":22,"enemies":"Gremlin Nob","floor":13,"turns":4},{"damage":7,"enemies":"Large Slime","floor":14,"turns":6},{"damage":25,"enemies":"The Guardian","floor":16,"turns":15},{"damage":7,"enemies":"3 Byrds","floor":18,"turns":4},{"damage":7,"enemies":"Spheric Guardian","floor":19,"turns":4},{"damage":53,"enemies":"Book of Stabbing","floor":23,"turns":5}],"seed_played":"2088495734466137663","potions_obtained":[{"floor":4,"key":"Dexterity Potion"},{"floor":7,"key":"Weak Potion"},{"floor":11,"key":"Ancient Potion"},{"floor":14,"key":"SkillPotion"},{"floor":16,"key":"Ancient Potion"}],"is_trial":false,"path_per_floor":["M","$","?","M","?","R","E","R","T","E","M","$","E","M","R","B",null,"M","M","$","?","T","E"],"character_chosen":"DEFECT","items_purchased":["Skim","Leap","Sunder","DataDisk","Stack"],"campfire_rested":1,"item_purchase_floors":[2,2,12,20,20],"current_hp_per_floor":[70,70,67,69,69,69,50,50,50,25,27,27,7,2,24,1,57,52,47,47,47,47,0],"gold":13,"neow_bonus":"RANDOM_COMMON_RELIC","is_prod":false,"is_daily":false,"chose_seed":false,"campfire_upgraded":2,"win_rate":0,"timestamp":1571846024,"path_taken":["M","$","?","M","?","R","E","R","T","E","M","$","E","M","R","BOSS","M","M","$","?","?","E"],"build_version":"2019-07-17","purchased_purges":1,"victory":false,"max_hp_per_floor":[75,75,75,75,75,75,75,75,75,75,75,75,75,75,75,75,75,75,75,75,75,75,75],"card_choices":[{"not_picked":["Gash","Redo"],"picked":"Sweeping Beam","floor":1},{"not_picked":["Darkness","Gash"],"picked":"Rebound","floor":4},{"not_picked":["Beam Cell","Steam Power"],"picked":"Steam","floor":7},{"not_picked":["Self Repair","Beam Cell"],"picked":"Undo","floor":10},{"not_picked":["Cold Snap","Force Field"],"picked":"Fission","floor":11},{"not_picked":["Heatsinks","Barrage"],"picked":"Conserve Battery","floor":13},{"not_picked":["Stack","Chill"],"picked":"Leap","floor":14},{"not_picked":["Fission","Reboot"],"picked":"Seek","floor":16},{"not_picked":["Stack","Beam Cell"],"picked":"Cold Snap","floor":18},{"not_picked":["Sweeping Beam","Capacitor"],"picked":"Doom and Gloom+1","floor":19}],"player_experience":924566,"relics_obtained":[{"floor":7,"key":"Bag of Marbles"},{"floor":9,"key":"Dodecahedron"},{"floor":10,"key":"Tiny Chest"},{"floor":13,"key":"Gremlin Horn"},{"floor":22,"key":"Regal Pillow"}],"event_choices":[{"damage_healed":0,"gold_gain":0,"player_choice":"Success","damage_taken":3,"relics_obtained":["Bag of Preparation"],"max_hp_gain":0,"max_hp_loss":0,"event_name":"Scrap Ooze","floor":3,"gold_loss":0},{"damage_healed":0,"gold_gain":0,"player_choice":"Ignored","damage_taken":0,"max_hp_gain":0,"max_hp_loss":0,"event_name":"Liars Game","floor":5,"gold_loss":0},{"damage_healed":0,"gold_gain":0,"player_choice":"Ignored","damage_taken":0,"max_hp_gain":0,"max_hp_loss":0,"event_name":"Ghosts","floor":21,"gold_loss":0}],"is_beta":false,"boss_relics":[{"not_picked":["Astrolabe","Snecko Eye"],"picked":"Philosopher\u0027s Stone"}],"items_purged_floors":[12],"is_endless":false,"potions_floor_spawned":[4,7,11,14,16],"killed_by":"Book of Stabbing","ascension_level":12}