{"gold_per_floor":[115,132,132,142,158,158,189,189,189,189,189,156,176,176],"floor_reached":14,"playtime":549,"items_purged":[],"score":135,"play_id":"e813afa7-032f-4e61-861b-0227e191a695","local_time":"20191006012404","is_ascension_mode":true,"campfire_choices":[{"data":"Immolate","floor":6,"key":"SMITH"},{"data":"True Grit","floor":8,"key":"SMITH"},{"data":"Carnage","floor":10,"key":"SMITH"}],"neow_cost":"PERCENT_DAMAGE","seed_source_timestamp":171348989509000,"circlet_count":0,"master_deck":["AscendersBane","Strike_R","Strike_R","Strike_R","Strike_R","Strike_R","Defend_R","Defend_R","Defend_R","Defend_R","Bash","Immolate+1","Disarm","Ghostly Armor","Carnage+1","True Grit+1","Iron Wave"],"relics":["Burning Blood","Incense Burner","Gremlin Horn","Bottled Lightning","Mummified Hand"],"potions_floor_usage":[5,14],"damage_taken":[{"damage":6,"enemies":"Cultist","floor":1,"turns":4},{"damage":1,"enemies":"2 Louse","floor":2,"turns":3},{"damage":5,"enemies":"Jaw Worm","floor":4,"turns":5},{"damage":0,"enemies":"Looter","floor":5,"turns":2},{"damage":20,"enemies":"3 Sentries","floor":7,"turns":6},{"damage":17,"enemies":"Exordium Thugs","floor":13,"turns":5},{"damage":27,"enemies":"Gremlin Nob","floor":14,"turns":3}],"seed_played":"-4762826208959823715","potions_obtained":[{"floor":4,"key":"Fire Potion"},{"floor":13,"key":"GamblersBrew"}],"is_trial":false,"path_per_floor":["M","M","?","M","M","R","E","R","T","R","T","?","M","E"],"character_chosen":"IRONCLAD","items_purchased":[],"campfire_rested":0,"item_purchase_floors":[],"current_hp_per_floor":[51,56,44,45,51,51,37,37,37,37,37,37,26,0],"gold":176,"neow_bonus":"THREE_RARE_CARDS","is_prod":false,"is_daily":false,"chose_seed":false,"campfire_upgraded":3,"win_rate":0,"timestamp":1570343044,"path_taken":["M","?","?","M","M","R","E","R","T","R","?","?","M","E"],"build_version":"2019-07-17","purchased_purges":0,"victory":false,"max_hp_per_floor":[80,80,80,80,80,80,80,80,80,80,80,80,80,80],"card_choices":[{"not_picked":["Feed","Offering"],"picked":"Immolate","floor":0},{"not_picked":["Clash","Battle Trance"],"picked":"Disarm","floor":1},{"not_picked":["Cleave","Rupture"],"picked":"Ghostly Armor","floor":2},{"not_picked":["Thunderclap","Wild Strike"],"picked":"Carnage","floor":4},{"not_picked":["Anger","Second Wind","Sever Soul"],"picked":"SKIP","floor":5},{"not_picked":["Dropkick","Barricade"],"picked":"True Grit","floor":7},{"not_picked":["Headbutt","Sword Boomerang"],"picked":"Iron Wave","floor":13}],"player_experience":795429,"relics_obtained":[{"floor":7,"key":"Gremlin Horn"},{"floor":9,"key":"Bottled Lightning"},{"floor":11,"key":"Mummified Hand"}],"event_choices":[{"damage_healed":0,"gold_gain":0,"player_choice":"Success","damage_taken":12,"relics_obtained":["Incense Burner"],"max_hp_gain":0,"max_hp_loss":0,"event_name":"Scrap Ooze","floor":3,"gold_loss":0},{"damage_healed":0,"gold_gain":0,"player_choice":"Left Gold","damage_taken":0,"max_hp_gain":0,"max_hp_loss":0,"event_name":"World of Goop","floor":12,"gold_loss":33}],"is_beta":false,"boss_relics":[],"items_purged_floors":[],"is_endless":false,"potions_floor_spawned":[4,13],"killed_by":"Gremlin Nob","ascension_level":10}