{"gold_per_floor":[111,124,49,60,74,74,108,108,133,167,167,167,167,124,124,255,255,255,155,155,155,155,155,155,155,155,155,155],"floor_reached":28,"playtime":2447,"items_purged":["Strike_G"],"score":239,"play_id":"7f0b12e2-2f99-4954-a651-8a70e869fa37","local_time":"20181001013223","is_ascension_mode":true,"campfire_choices":[{"data":"Defend_G","floor":6,"key":"SMITH"},{"data":"Backflip","floor":8,"key":"SMITH"},{"data":"Flechettes","floor":11,"key":"SMITH"},{"data":"Defend_G","floor":15,"key":"SMITH"},{"data":"Burst","floor":23,"key":"SMITH"}],"neow_cost":"NONE","seed_source_timestamp":976522910827421,"circlet_count":0,"master_deck":["Defend_G+1","Defend_G+1","Defend_G","Defend_G+1","Strike_G","Strike_G","Strike_G","Strike_G","Survivor","Neutralize","Flechettes+1","Deadly Poison","Bane","Backflip+1","Prepared","Burst+1","Impatience","Terror","Infinite Blades+1"],"relics":["Ring of the Snake","Juzu Bracelet","Art of War","Potion Belt","GremlinMask","Golden Idol","Ectoplasm","MutagenicStrength","Meat on the Bone"],"potions_floor_usage":[16,16,24,25,27],"damage_taken":[{"damage":0,"enemies":"Jaw Worm","floor":1,"turns":4},{"damage":0,"enemies":"Cultist","floor":2,"turns":3},{"damage":0,"enemies":"Small Slimes","floor":4,"turns":3},{"damage":0,"enemies":"Looter","floor":5,"turns":3},{"damage":19,"enemies":"3 Sentries","floor":7,"turns":12},{"damage":4,"enemies":"Lagavulin","floor":10,"turns":7},{"damage":46,"enemies":"Slime Boss","floor":16,"turns":21},{"damage":4,"enemies":"3 Byrds","floor":18,"turns":7},{"damage":8,"enemies":"Shell Parasite","floor":22,"turns":5},{"damage":1,"enemies":"Snake Plant","floor":24,"turns":4},{"damage":14,"enemies":"Snecko","floor":25,"turns":8},{"damage":24,"enemies":"Cultist and Chosen","floor":27,"turns":9},{"damage":27,"enemies":"3 Cultists","floor":28,"turns":6}],"seed_played":"1879525248463775718","potions_obtained":[{"floor":5,"key":"GhostInAJar"},{"floor":7,"key":"Fire Potion"},{"floor":16,"key":"GamblersBrew"},{"floor":18,"key":"Block Potion"},{"floor":25,"key":"AttackPotion"}],"is_trial":false,"path_per_floor":["M","M","$","M","M","R","E","R","T","E","R","?","?","?","R","B",null,"M","$","?","?","M","R","M","M","T","M"],"character_chosen":"THE_SILENT","items_purchased":["Impatience"],"campfire_rested":0,"item_purchase_floors":[19],"current_hp_per_floor":[70,70,70,70,70,70,51,51,51,47,47,47,47,47,47,1,65,61,61,61,61,53,53,52,38,38,26,0],"gold":155,"neow_bonus":"UPGRADE_CARD","is_prod":false,"is_daily":false,"chose_seed":false,"campfire_upgraded":5,"win_rate":0,"timestamp":1538375543,"path_taken":["M","M","$","M","M","R","E","R","T","E","R","?","?","?","R","BOSS","M","$","?","?","M","R","M","M","T","M","M"],"build_version":"2018-09-27","purchased_purges":1,"victory":false,"max_hp_per_floor":[70,70,70,70,70,70,70,70,70,70,70,70,65,65,65,65,65,65,65,65,65,65,65,65,65,65,65,65],"card_choices":[{"not_picked":["Prepared","Slice"],"picked":"Flechettes","floor":1},{"not_picked":["Underhanded Strike","Quick Slash"],"picked":"Deadly Poison","floor":2},{"not_picked":["Cloak And Dagger","Infinite Blades"],"picked":"Bane","floor":4},{"not_picked":["Outmaneuver","Adrenaline","Tactician"],"picked":"SKIP","floor":5},{"not_picked":["PiercingWail","Underhanded Strike"],"picked":"Backflip","floor":7},{"not_picked":["Eviscerate","Phantasmal Killer"],"picked":"Prepared","floor":10},{"not_picked":["Adrenaline","Tools of the Trade"],"picked":"Burst","floor":16},{"not_picked":["Flying Knee","Escape Plan","Deadly Poison"],"picked":"SKIP","floor":18},{"not_picked":["Flying Knee","Setup","Acrobatics"],"picked":"SKIP","floor":22},{"not_picked":["Bane","Backstab","Blade Dance"],"picked":"SKIP","floor":24},{"not_picked":["PiercingWail","Dagger Throw+1"],"picked":"Terror","floor":25},{"not_picked":["Backflip","Terror"],"picked":"Infinite Blades+1","floor":27}],"player_experience":341743,"relics_obtained":[{"floor":7,"key":"Juzu Bracelet"},{"floor":9,"key":"Art of War"},{"floor":10,"key":"Potion Belt"},{"floor":26,"key":"Meat on the Bone"}],"event_choices":[{"event_name":"FaceTrader","player_choice":"Trade","floor":12,"damage_taken":0},{"event_name":"Golden Idol","player_choice":"Lose Max HP","floor":13,"damage_taken":0},{"event_name":"World of Goop","player_choice":"Left","floor":14,"damage_taken":0},{"event_name":"Drug Dealer","player_choice":"Inject Mutagens","floor":20,"damage_taken":0},{"event_name":"Purifier","player_choice":"One Purge","floor":21,"damage_taken":0}],"is_beta":false,"boss_relics":[{"not_picked":["Velvet Choker","Black Star"],"picked":"Ectoplasm"}],"items_purged_floors":[3],"is_endless":false,"potions_floor_spawned":[5,7,16,18,25],"killed_by":"3 Cultists","ascension_level":1}