{"path_per_floor":["M","?","M","$","?","R","$","E","T","M","R","?","M","M","R","B",null,"M","$","?","M","M","E","R","M","T","R","?","$","R","$","R","B",null,"M","$","M","$","M","R","M","M","T","M","$","?","R","M","R"],"character_chosen":"IRONCLAD","items_purchased":["Membership Card","Armaments","Finesse","Happy Flower","Body Slam","Blood Vial","Shrug It Off"],"gold_per_floor":[109,359,376,50,0,0,0,27,109,127,127,127,139,157,157,255,255,274,74,74,93,105,135,135,148,148,148,148,47,47,47,47,151,181,200,200,211,52,63,63,80,95,95,111,11,11,11,30,30],"floor_reached":50,"campfire_rested":5,"playtime":5737,"current_hp_per_floor":[80,80,80,80,80,80,80,40,40,45,69,69,73,79,79,40,80,73,73,73,63,62,10,34,16,16,40,25,25,50,50,50,48,90,90,90,90,90,76,76,51,16,16,24,24,79,79,34,57],"items_purged":["Regret","Bash","Rage"],"gold":30,"score":412,"play_id":"b6ff16b4-0d16-41c6-b009-3aae73583a8d","local_time":"20180306002003","is_prod":false,"is_daily":false,"is_ascension_mode":false,"campfire_upgraded":3,"timestamp":1520317203,"path_taken":["M","?","M","$","?","R","$","E","T","M","R","?","M","M","R","BOSS","M","$","?","M","M","E","R","M","T","R","?","$","R","$","R","BOSS","M","$","M","$","M","R","M","M","T","M","$","?","R","M","R","BOSS"],"build_version":"2018-03-01-PROD1","purchased_purges":4,"victory":false,"master_deck":["Strike_R","Strike_R","Strike_R","Strike_R","Strike_R","Defend_R","Defend_R","Defend_R","Shrug It Off","Body Slam+1","Armaments+1","Armaments","Flame Barrier+1","Iron Wave","Blood for Blood","Barricade+1","Finesse","Perfected Strike+1","Body Slam","Pommel Strike+1","Shrug It Off","Juggernaut"],"max_hp_per_floor":[80,80,80,80,80,80,80,80,80,80,80,80,80,80,80,80,80,80,80,80,80,80,80,80,80,80,80,85,85,85,85,85,85,90,90,90,90,90,90,90,90,90,90,90,90,79,79,79,79],"relics":["Burning Blood","Membership Card","Girya","Pantograph","Lizard Tail","Happy Flower","Orichalcum","Calipers","Tiny House","Blood Vial","Frozen Eye"],"card_choices":[{"not_picked":["Pommel Strike","Battle Trance"],"picked":"Shrug It Off"},{"not_picked":["Pommel Strike","Power Through"],"picked":"Body Slam"},{"not_picked":["Battle Trance","Rage"],"picked":"Armaments"},{"not_picked":["Rage","Cleave"],"picked":"Flame Barrier"},{"not_picked":["Dropkick","Body Slam"],"picked":"Iron Wave"},{"not_picked":["Perfected Strike","Carnage"],"picked":"Blood for Blood"},{"not_picked":["Feed","Immolate"],"picked":"Barricade"},{"not_picked":["Blood for Blood","Clash"],"picked":"Perfected Strike"},{"not_picked":["Sword Boomerang","Heavy Blade"],"picked":"Pommel Strike"},{"not_picked":["True Grit","Cleave"],"picked":"Rage"},{"not_picked":["Feel No Pain","Pommel Strike"],"picked":"Juggernaut"}],"player_experience":64098,"potions_floor_usage":[16,18,22,23,25,33,35,39,42,44],"damage_taken":[{"damage":0,"enemies":"Jaw Worm","floor":1,"turns":5},{"damage":2,"enemies":"Cultist","floor":3,"turns":5},{"damage":46,"enemies":"Gremlin Nob","floor":8,"turns":6},{"damage":1,"enemies":"2 Louse","floor":10,"turns":3},{"damage":2,"enemies":"Blue Slaver","floor":13,"turns":4},{"damage":0,"enemies":"2 Fungi Beasts","floor":14,"turns":4},{"damage":46,"enemies":"The Guardian","floor":16,"turns":15},{"damage":25,"enemies":"3 Byrds","floor":18,"turns":7},{"damage":16,"enemies":"Spheric Guardian","floor":21,"turns":10},{"damage":22,"enemies":"Centurion and Healer","floor":22,"turns":12},{"damage":58,"enemies":"Slavers","floor":23,"turns":10},{"damage":24,"enemies":"Sentry and Sphere","floor":25,"turns":10},{"damage":105,"enemies":"Automaton","floor":33,"turns":15},{"damage":3,"enemies":"Orb Walker","floor":35,"turns":5},{"damage":6,"enemies":"3 Shapes","floor":37,"turns":14},{"damage":20,"enemies":"Sphere and 2 Shapes","floor":39,"turns":14},{"damage":33,"enemies":"Maw","floor":41,"turns":13},{"damage":43,"enemies":"3 Darklings","floor":42,"turns":10},{"damage":0,"enemies":"4 Shapes","floor":44,"turns":11},{"damage":51,"enemies":"Maw","floor":48,"turns":11},{"damage":79,"enemies":"Donu and Deca","floor":50,"turns":5}],"event_choices":[{"event_name":"Golden Shrine","player_choice":"Desecrate","floor":2,"damage_taken":0},{"event_name":"The Cleric","player_choice":"Card Removal","floor":5,"damage_taken":0},{"event_name":"Liars Game","player_choice":"disagreed","floor":12,"damage_taken":0},{"event_name":"Vampires","player_choice":"Ignored","floor":20,"damage_taken":0},{"event_name":"Forgotten Altar","player_choice":"Shed Blood","floor":28,"damage_taken":0},{"event_name":"The Moai Head","player_choice":"Heal","floor":46,"damage_taken":0}],"boss_relics":[{"not_picked":["Snecko Eye","White Beast Statue"],"picked":"Lizard Tail"},{"not_picked":["Runic Cube","Cursed Key"],"picked":"Tiny House"}],"potions_floor_spawned":[3,8,13,16,18,21,25,33,39,42],"seed_played":"-1132100441096186705","killed_by":"Donu and Deca","ascension_level":0,"is_trial":false}