{"gold_per_floor":[109,109,109,125,125,125,145,145,145,145,188,202,227,268,268,398,461,485,262,276,296,6,47,47,47,47,47,47],"floor_reached":28,"playtime":1190,"items_purged":["Strike_B"],"score":414,"play_id":"030055d1-d73e-4646-9c07-c754ca87de4a","local_time":"20191006011424","is_ascension_mode":true,"campfire_choices":[{"data":"Sunder","floor":6,"key":"SMITH"},{"data":"Redo","floor":8,"key":"SMITH"},{"data":"Dualcast","floor":10,"key":"SMITH"},{"floor":15,"key":"REST"},{"floor":24,"key":"REST"},{"data":"Reinforced Body","floor":27,"key":"SMITH"}],"neow_cost":"NONE","seed_source_timestamp":170126812641600,"circlet_count":0,"master_deck":["Strike_B+1","Strike_B+1","Defend_B+1","Defend_B+1","Defend_B+1","Zap+1","Dualcast+1","Redo+1","Sunder+1","Reinforced Body+1","Ball Lightning","Reprogram","Echo Form+1","Sweeping Beam","FTL","Cold Snap","Leap","Panache+1","Leap","FTL"],"relics":["Cracked Core","Golden Idol","Sundial","Frozen Egg 2","Shuriken","Tiny House","Oddly Smooth Stone","Molten Egg 2","Bottled Flame"],"potions_floor_usage":[11,18,23,23],"damage_taken":[{"damage":1,"enemies":"2 Louse","floor":1,"turns":3},{"damage":7,"enemies":"Jaw Worm","floor":4,"turns":3},{"damage":0,"enemies":"Cultist","floor":7,"turns":2},{"damage":10,"enemies":"Lagavulin","floor":11,"turns":4},{"damage":1,"enemies":"Looter","floor":12,"turns":3},{"damage":8,"enemies":"Blue Slaver","floor":13,"turns":2},{"damage":20,"enemies":"Gremlin Nob","floor":14,"turns":3},{"damage":0,"enemies":"Slime Boss","floor":16,"turns":7},{"damage":0,"enemies":"Chosen","floor":18,"turns":4},{"damage":18,"enemies":"Shell Parasite","floor":20,"turns":4},{"damage":0,"enemies":"Cultist and Chosen","floor":21,"turns":5},{"damage":29,"enemies":"Slavers","floor":23,"turns":2},{"damage":41,"enemies":"Gremlin Leader","floor":28,"turns":5}],"seed_played":"-6399931029680226021","potions_obtained":[{"floor":1,"key":"Weak Potion"},{"floor":14,"key":"GamblersBrew"},{"floor":16,"key":"Explosive Potion"},{"floor":17,"key":"Strength Potion"},{"floor":21,"key":"Explosive Potion"}],"is_trial":false,"path_per_floor":["M","?","?","M","?","R","M","R","T","R","E","M","M","E","R","B",null,"M","$","M","M","$","E","R","?","T","R","E"],"character_chosen":"DEFECT","items_purchased":["Oddly Smooth Stone","Panache+1","Leap","FTL"],"campfire_rested":2,"item_purchase_floors":[19,22,22,22],"current_hp_per_floor":[67,60,60,53,53,53,53,53,53,53,43,42,34,14,34,34,65,65,65,47,47,47,18,40,40,40,40,0],"gold":47,"neow_bonus":"UPGRADE_CARD","is_prod":false,"is_daily":false,"chose_seed":false,"campfire_upgraded":4,"win_rate":0,"timestamp":1570342464,"path_taken":["M","?","?","M","?","R","M","R","T","R","E","M","M","E","R","BOSS","M","$","?","M","$","E","R","?","T","R","E"],"build_version":"2019-07-17","purchased_purges":1,"victory":false,"max_hp_per_floor":[75,75,69,69,69,69,69,69,69,69,69,69,69,69,69,69,74,74,74,74,74,74,74,74,74,74,74,74],"card_choices":[{"not_picked":["Steam","Steam Power"],"picked":"Redo","floor":1},{"not_picked":["Rebound","Skim"],"picked":"Sunder","floor":4},{"not_picked":["Compile Driver","Sunder","Chaos"],"picked":"SKIP","floor":7},{"not_picked":["White Noise","Streamline"],"picked":"Reinforced Body","floor":11},{"not_picked":["Coolheaded","Sunder","Compile Driver"],"picked":"SKIP","floor":12},{"not_picked":["Redo","Steam Power"],"picked":"Ball Lightning","floor":13},{"not_picked":["Sweeping Beam","Ball Lightning"],"picked":"Reprogram","floor":14},{"not_picked":["Seek","Reboot"],"picked":"Echo Form+1","floor":16},{"not_picked":["Rebound","Recycle"],"picked":"Sweeping Beam","floor":17},{"not_picked":["Streamline","Chill"],"picked":"FTL","floor":18},{"not_picked":["Darkness","Steam Power"],"picked":"Cold Snap","floor":20},{"not_picked":["Ball Lightning","Chaos"],"picked":"Leap","floor":21},{"not_picked":["BootSequence","Cold Snap","Storm+1"],"picked":"SKIP","floor":23}],"player_experience":794239,"relics_obtained":[{"floor":9,"key":"Sundial"},{"floor":11,"key":"Frozen Egg 2"},{"floor":14,"key":"Shuriken"},{"floor":23,"key":"Molten Egg 2"},{"floor":26,"key":"Bottled Flame"}],"event_choices":[{"cards_removed":["Strike_B"],"damage_healed":0,"gold_gain":0,"player_choice":"Card Removal","damage_taken":7,"max_hp_gain":0,"max_hp_loss":0,"event_name":"Golden Wing","floor":2,"gold_loss":0},{"damage_healed":0,"gold_gain":0,"player_choice":"Lose Max HP","damage_taken":0,"relics_obtained":["Golden Idol"],"max_hp_gain":0,"max_hp_loss":6,"event_name":"Golden Idol","floor":3,"gold_loss":0},{"cards_removed":["Defend_B"],"damage_healed":0,"gold_gain":0,"player_choice":"Card Removal","damage_taken":0,"max_hp_gain":0,"max_hp_loss":0,"event_name":"Wheel of Change","floor":5,"gold_loss":0},{"damage_healed":0,"gold_gain":0,"player_choice":"Simplicity","damage_taken":0,"max_hp_gain":0,"max_hp_loss":0,"event_name":"Back to Basics","floor":25,"gold_loss":0,"cards_upgraded":["Strike_B","Strike_B","Defend_B","Defend_B"]}],"is_beta":false,"boss_relics":[{"not_picked":["Lizard Tail","Astrolabe"],"picked":"Tiny House"}],"items_purged_floors":[19],"is_endless":false,"potions_floor_spawned":[1,14,16,21],"killed_by":"Gremlin Leader","ascension_level":8}