{"gold_per_floor":[109,139,162,181,199,199,224,224,224,224,243,243,243,257,257,355,355,367,298,314,413,413,413,446,446,522,548,566,566,495,508,508,609,609,626,626,473,490,508,542,553,553,580,610,629,629,629,629,629,629],"floor_reached":50,"playtime":4222,"items_purged":[],"score":617,"play_id":"11236675-51d8-4d46-a158-dae7f446f020","local_time":"20181106175330","is_ascension_mode":true,"campfire_choices":[{"data":"Zap","floor":6.0,"key":"SMITH"},{"data":"Rip and Tear","floor":8.0,"key":"SMITH"},{"floor":13.0,"key":"REST"},{"data":"Dualcast","floor":15.0,"key":"SMITH"},{"floor":23.0,"key":"REST"},{"floor":25.0,"key":"REST"},{"data":"Glacier","floor":29.0,"key":"SMITH"},{"floor":32.0,"key":"REST"},{"floor":42,"key":"REST"},{"floor":46,"key":"REST"},{"data":"Buffer","floor":49,"key":"SMITH"}],"neow_cost":"NONE","seed_source_timestamp":73694363257427,"circlet_count":0,"master_deck":["Strike_B","Strike_B","Strike_B","Defend_B","Defend_B","Defend_B","Defend_B","Zap+1","Dualcast+1","Coolheaded","Beam Cell","Steam","Rip and Tear+1","Redo","Streamline","Blizzard","Undo+1","Glacier+1","Cold Snap","Leap+1","Buffer+1","FTL","Mind Blast","Coolheaded+1","Barrage+1","Ball Lightning+1","Chill+1","Buffer","Parasite","Reinforced Body+1","Redo+1"],"special_seed":0,"relics":["Cracked Core","Tiny Chest","Bag of Marbles","Du-Vu Doll","Pocketwatch","Mercury Hourglass","Nuclear Battery","Mango","Ornamental Fan","Turnip","Inserter","War Paint","Dream Catcher","Regal Pillow","Prayer Wheel"],"potions_floor_usage":[41],"damage_taken":[{"damage":0.0,"enemies":"2 Louse","floor":1.0,"turns":2.0},{"damage":2.0,"enemies":"Jaw Worm","floor":4.0,"turns":5.0},{"damage":0.0,"enemies":"Cultist","floor":5.0,"turns":3.0},{"damage":20.0,"enemies":"3 Sentries","floor":7.0,"turns":8.0},{"damage":7.0,"enemies":"Red Slaver","floor":11.0,"turns":2.0},{"damage":0.0,"enemies":"Blue Slaver","floor":14.0,"turns":1.0},{"damage":19.0,"enemies":"Hexaghost","floor":16.0,"turns":9.0},{"damage":13.0,"enemies":"2 Thieves","floor":18.0,"turns":4.0},{"damage":7.0,"enemies":"Chosen","floor":20.0,"turns":3.0},{"damage":26.0,"enemies":"Book of Stabbing","floor":24.0,"turns":5.0},{"damage":13.0,"enemies":"Gremlin Leader","floor":27.0,"turns":7.0},{"damage":7.0,"enemies":"Snake Plant","floor":28.0,"turns":4.0},{"damage":5.0,"enemies":"Cultist and Chosen","floor":31.0,"turns":7.0},{"damage":24.0,"enemies":"Collector","floor":33.0,"turns":15.0},{"damage":9.0,"enemies":"Orb Walker","floor":35.0,"turns":6.0},{"damage":8.0,"enemies":"3 Shapes","floor":38.0,"turns":5.0},{"damage":13.0,"enemies":"Jaw Worm Horde","floor":39.0,"turns":4.0},{"damage":22.0,"enemies":"Reptomancer","floor":40.0,"turns":11.0},{"damage":23,"enemies":"Maw","floor":41,"turns":11},{"damage":112,"enemies":"Giant Head","floor":44,"turns":12},{"damage":12,"enemies":"Writhing Mass","floor":45,"turns":8},{"damage":106,"enemies":"Donu and Deca","floor":50,"turns":11}],"seed_played":"-5921171087902951258","potions_obtained":[{"floor":4.0,"key":"Weak Potion"},{"floor":7.0,"key":"SneckoOil"},{"floor":16.0,"key":"Weak Potion"},{"floor":24.0,"key":"Weak Potion"},{"floor":31.0,"key":"FairyPotion"},{"floor":38.0,"key":"AttackPotion"},{"floor":39.0,"key":"SpeedPotion"}],"is_trial":false,"path_per_floor":["M","?","T","M","M","R","E","R","T","$","M","T","R","M","R","B",null,"M","$","M","?","?","R","E","R","T","E","M","R","$","M","R","B",null,"M","?","$","M","M","E","M","R","T","E","M","R","?","?","R","B"],"character_chosen":"DEFECT","items_purchased":["Blizzard","Cold Snap","Leap","War Paint"],"campfire_rested":6,"item_purchase_floors":[19,30,30,37],"current_hp_per_floor":[75,63,63,61,61,61,41,41,41,41,34,34,56,56,56,37,75,62,62,55,55,41,65,53,81,81,68,61,61,61,56,84,70,94,94,94,94,86,73,61,48,76,76,19,17,60,60,94,94,0],"gold":629,"neow_bonus":"REMOVE_CARD","is_prod":false,"is_daily":false,"chose_seed":false,"campfire_upgraded":5,"win_rate":0,"timestamp":1541548410,"path_taken":["M","?","?","?","M","R","E","R","T","?","M","?","R","M","R","BOSS","M","$","M","?","?","R","E","R","T","E","M","R","$","M","R","BOSS","M","?","$","M","M","E","M","R","T","E","M","R","?","?","R","BOSS"],"build_version":"2018-11-01","purchased_purges":0,"victory":false,"max_hp_per_floor":[75,75,75,75,75,75,75,75,75,75,75,75,75,75,75,75,75,75,75,75,75,80,80,94,94,94,94,94,94,94,94,94,94,94,94,94,94,94,94,94,94,94,94,94,94,94,94,94,94,94],"card_choices":[{"not_picked":["Sweeping Beam","Ball Lightning"],"picked":"Coolheaded","floor":1.0},{"not_picked":["Fusion","Sweeping Beam"],"picked":"Beam Cell","floor":4.0},{"not_picked":["Meteor Strike","Rebound"],"picked":"Steam","floor":5.0},{"not_picked":["Leap","Scrape"],"picked":"Rip and Tear","floor":7.0},{"not_picked":["Scrape","Force Field"],"picked":"Redo","floor":11.0},{"not_picked":["Conserve Battery","BootSequence"],"picked":"Streamline","floor":14.0},{"not_picked":["Force Field+1","Redo"],"picked":"Coolheaded","floor":18.0},{"not_picked":["White Noise","Beam Cell"],"picked":"Undo","floor":20.0},{"not_picked":["Hyperbeam","Hello World","Reprogram"],"picked":"SKIP","floor":24.0},{"not_picked":["Go for the Eyes","Gash"],"picked":"Glacier","floor":27.0},{"not_picked":["Chaos","Rebound","Redo"],"picked":"SKIP","floor":28.0},{"not_picked":["Leap","Beam Cell"],"picked":"Self Repair+1","floor":31.0},{"not_picked":["Creative AI","Electrodynamics"],"picked":"Buffer","floor":33.0},{"not_picked":["Steam+1","Hello World"],"picked":"FTL","floor":35.0},{"not_picked":["Deep Breath","Purity"],"picked":"Mind Blast","floor":36.0},{"not_picked":["Lockon","Streamline"],"picked":"Coolheaded+1","floor":38.0},{"not_picked":["Redo","Undo","White Noise+1"],"picked":"SKIP","floor":39.0},{"not_picked":["Go for the Eyes+1","Fission"],"picked":"Barrage+1","floor":40.0},{"not_picked":["Undo","Beam Cell+1"],"picked":"Ball Lightning+1","floor":41},{"not_picked":["Leap+1","Steam Power+1"],"picked":"Chill+1","floor":42},{"not_picked":["Gash+1","Storm"],"picked":"Buffer","floor":44},{"not_picked":["Ball Lightning","Leap"],"picked":"Reinforced Body+1","floor":45},{"not_picked":["Redo+1","Chaos+1","Coolheaded+1"],"picked":"SKIP","floor":45},{"not_picked":["Darkness","Undo+1"],"picked":"Redo+1","floor":46}],"player_experience":513017,"relics_obtained":[{"floor":3.0,"key":"Bag of Marbles"},{"floor":7.0,"key":"Du-Vu Doll"},{"floor":9.0,"key":"Pocketwatch"},{"floor":12.0,"key":"Mercury Hourglass"},{"floor":24.0,"key":"Mango"},{"floor":26.0,"key":"Ornamental Fan"},{"floor":27.0,"key":"Turnip"},{"floor":40.0,"key":"Dream Catcher"},{"floor":43,"key":"Regal Pillow"},{"floor":44,"key":"Prayer Wheel"}],"event_choices":[{"damage_healed":0.0,"max_hp_gain":0.0,"max_hp_loss":0.0,"gold_gain":0.0,"event_name":"Scrap Ooze","player_choice":"Success","floor":2.0,"gold_loss":0.0,"damage_taken":12.0,"relics_obtained":["Tiny Chest"]},{"damage_healed":0.0,"max_hp_gain":0.0,"max_hp_loss":0.0,"gold_gain":99.0,"event_name":"Nest","player_choice":"Stole From Cult","floor":21.0,"gold_loss":0.0,"damage_taken":0.0},{"damage_healed":0.0,"max_hp_gain":5.0,"max_hp_loss":0.0,"gold_gain":0.0,"event_name":"Forgotten Altar","player_choice":"Shed Blood","floor":22.0,"gold_loss":0.0,"damage_taken":19.0},{"damage_healed":0.0,"max_hp_gain":0.0,"max_hp_loss":0.0,"gold_gain":0.0,"event_name":"SensoryStone","player_choice":"Memory 1","floor":36.0,"gold_loss":0.0,"damage_taken":0.0},{"cards_removed":["Coolheaded"],"damage_healed":0,"gold_gain":0,"player_choice":"Removed Skill","damage_taken":0,"max_hp_gain":0,"max_hp_loss":0,"event_name":"Falling","floor":47,"gold_loss":0},{"cards_removed":["Self Repair"],"damage_healed":34,"gold_gain":0,"player_choice":"Offered Uncommon","damage_taken":0,"max_hp_gain":0,"max_hp_loss":0,"event_name":"Bonfire Elementals","floor":48,"gold_loss":0}],"is_beta":false,"boss_relics":[{"not_picked":["Pandora\u0027s Box","Astrolabe"],"picked":"Nuclear Battery"},{"not_picked":["White Beast Statue","Black Star"],"picked":"Inserter"}],"items_purged_floors":[],"is_endless":false,"potions_floor_spawned":[4,7,16,24,31,38,39],"killed_by":"Donu and Deca","ascension_level":2}