{"gold_per_floor":[119,134,150,168,168,206,206,206,206,226,244,244,169,193,193,193],"floor_reached":16,"playtime":978,"items_purged":["Strike_R"],"score":114,"play_id":"5866d870-a346-4059-a611-61b888b382f7","local_time":"20181020182432","is_ascension_mode":true,"campfire_choices":[{"floor":7,"key":"REST"},{"floor":15,"key":"REST"}],"neow_cost":"NONE","seed_source_timestamp":96078381231407,"circlet_count":0,"master_deck":["Strike_R","Strike_R","Strike_R","Strike_R","Defend_R","Defend_R","Defend_R","Defend_R","Bash","Flame Barrier","Body Slam+1","Clash","Entrench","Demon Form","Twin Strike","Flex+1"],"relics":["Burning Blood","Golden Idol","Ancient Tea Set","Self Forming Clay","Toxic Egg 2"],"potions_floor_usage":[5,11],"damage_taken":[{"damage":8,"enemies":"Jaw Worm","floor":1,"turns":5},{"damage":3,"enemies":"Small Slimes","floor":2,"turns":4},{"damage":3,"enemies":"2 Louse","floor":3,"turns":2},{"damage":29,"enemies":"Large Slime","floor":4,"turns":10},{"damage":58,"enemies":"Lagavulin","floor":6,"turns":10},{"damage":10,"enemies":"Gremlin Gang","floor":10,"turns":4},{"damage":6,"enemies":"Blue Slaver","floor":11,"turns":7},{"damage":14,"enemies":"Red Slaver","floor":14,"turns":2},{"damage":59,"enemies":"Slime Boss","floor":16,"turns":6}],"seed_played":"-7486361247755841884","potions_obtained":[{"floor":4,"key":"Fruit Juice"},{"floor":10,"key":"Regen Potion"}],"is_trial":false,"path_per_floor":["M","M","M","M","?","E","R","T","T","M","M","?","$","M","R"],"character_chosen":"IRONCLAD","items_purchased":[],"campfire_rested":2,"item_purchase_floors":[],"current_hp_per_floor":[78,80,80,57,62,10,33,33,33,29,44,44,44,36,59,0],"gold":193,"neow_bonus":"THREE_CARDS","is_prod":false,"is_daily":false,"chose_seed":false,"campfire_upgraded":0,"win_rate":0,"timestamp":1540077872,"path_taken":["M","M","M","M","?","E","R","?","T","M","M","?","?","M","R","BOSS"],"build_version":"2018-10-18","purchased_purges":1,"victory":false,"max_hp_per_floor":[80,80,80,80,79,79,79,79,79,79,79,79,79,79,79,79],"card_choices":[{"not_picked":["True Grit","Twin Strike"],"picked":"Flame Barrier","floor":0},{"not_picked":["Sword Boomerang","Anger"],"picked":"Body Slam","floor":1},{"not_picked":["Body Slam","True Grit","Shockwave"],"picked":"SKIP","floor":2},{"not_picked":["Warcry","True Grit"],"picked":"Clash","floor":3},{"not_picked":["Heavy Blade","Sword Boomerang"],"picked":"Entrench","floor":4},{"not_picked":["Thunderclap","Clothesline"],"picked":"Demon Form","floor":6},{"not_picked":["Body Slam","Perfected Strike"],"picked":"Twin Strike","floor":10},{"not_picked":["Rupture","Pommel Strike"],"picked":"Flex+1","floor":11},{"not_picked":["Warcry+1","Rage+1","Dual Wield+1"],"picked":"SKIP","floor":14}],"player_experience":451612,"relics_obtained":[{"floor":6,"key":"Ancient Tea Set"},{"floor":8,"key":"Self Forming Clay"},{"floor":9,"key":"Toxic Egg 2"}],"event_choices":[{"damage_healed":0,"gold_gain":0,"player_choice":"Lose Max HP","damage_taken":0,"relics_obtained":["Golden Idol"],"max_hp_gain":0,"max_hp_loss":6,"event_name":"Golden Idol","floor":5,"gold_loss":0},{"damage_healed":0,"gold_gain":0,"player_choice":"Grow","damage_taken":0,"max_hp_gain":0,"max_hp_loss":0,"event_name":"Living Wall","floor":12,"gold_loss":0,"cards_upgraded":["Body Slam"]}],"is_beta":false,"boss_relics":[],"items_purged_floors":[13],"is_endless":false,"potions_floor_spawned":[4,10],"killed_by":"Slime Boss","ascension_level":2}