{"gold_per_floor":[113,113,113,126,136,136,168,168,168,179,59,59,74,88,88,191,191,202,102,118,136,136,136,147,147,170,185,195,195],"floor_reached":29,"playtime":1161,"items_purged":["Purity","Strike_B"],"score":252,"play_id":"5f237e1b-7d09-4511-92d6-fb79cfefe807","local_time":"20181102230620","is_ascension_mode":true,"campfire_choices":[{"data":"Zap","floor":6,"key":"SMITH"},{"floor":8,"key":"REST"},{"floor":15,"key":"REST"},{"floor":23,"key":"REST"},{"floor":25,"key":"REST"}],"neow_cost":"NONE","seed_source_timestamp":851907747715263,"circlet_count":0,"master_deck":["Strike_B","Strike_B","Strike_B","Defend_B","Defend_B","Defend_B","Defend_B","Zap+1","Dualcast","Gash","Doom and Gloom","Leap","Hyperbeam","Creative AI","Auto Shields","Gash","Defragment+1"],"relics":["Cracked Core","Singing Bowl","Mercury Hourglass","Pantograph","Inserter","Bronze Scales"],"potions_floor_usage":[16],"damage_taken":[{"damage":0,"enemies":"2 Louse","floor":1,"turns":2},{"damage":7,"enemies":"Jaw Worm","floor":4,"turns":3},{"damage":1,"enemies":"Cultist","floor":5,"turns":3},{"damage":32,"enemies":"Gremlin Nob","floor":7,"turns":4},{"damage":4,"enemies":"Red Slaver","floor":10,"turns":2},{"damage":0,"enemies":"2 Fungi Beasts","floor":13,"turns":2},{"damage":0,"enemies":"3 Louse","floor":14,"turns":2},{"damage":4,"enemies":"Slime Boss","floor":16,"turns":6},{"damage":7,"enemies":"3 Byrds","floor":18,"turns":3},{"damage":14,"enemies":"2 Thieves","floor":20,"turns":3},{"damage":26,"enemies":"Snecko","floor":21,"turns":5},{"damage":31,"enemies":"Centurion and Healer","floor":24,"turns":7},{"damage":23,"enemies":"Snake Plant","floor":27,"turns":3},{"damage":18,"enemies":"3 Cultists","floor":28,"turns":3},{"damage":27,"enemies":"Centurion and Healer","floor":29,"turns":5}],"seed_played":"3635029099926295364","potions_obtained":[{"floor":10,"key":"AttackPotion"},{"floor":14,"key":"Poison Potion"},{"floor":20,"key":"FocusPotion"},{"floor":24,"key":"EssenceOfSteel"}],"is_trial":false,"path_per_floor":["M","?","?","M","M","R","E","R","T","M","$","$","M","M","R","B",null,"M","$","M","M","?","R","M","R","T","M","M","M"],"character_chosen":"DEFECT","items_purchased":["Leap"],"campfire_rested":4,"item_purchase_floors":[11],"current_hp_per_floor":[75,57,50,43,44,44,14,37,37,33,33,33,33,35,59,77,81,74,74,60,36,36,60,31,56,56,33,17,0],"gold":195,"neow_bonus":"RANDOM_COLORLESS","is_prod":false,"is_daily":false,"chose_seed":false,"campfire_upgraded":1,"win_rate":0,"timestamp":1541217980,"path_taken":["M","?","?","?","M","R","E","R","T","M","?","$","M","M","R","BOSS","M","$","M","M","?","R","M","R","T","M","M","M"],"build_version":"2018-11-01","purchased_purges":2,"victory":false,"max_hp_per_floor":[75,75,75,75,77,77,79,79,79,79,79,79,79,81,81,81,81,81,81,81,83,83,83,85,85,85,85,87,87],"card_choices":[{"not_picked":["Cold Snap","Hologram","Turbo"],"picked":"SKIP","floor":1},{"not_picked":["Consume","FTL"],"picked":"Gash","floor":4},{"not_picked":["Turbo","Coolheaded","Go for the Eyes"],"picked":"Singing Bowl","floor":5},{"not_picked":["Cold Snap","Stack","Hologram"],"picked":"Singing Bowl","floor":7},{"not_picked":["Storm","Sweeping Beam"],"picked":"Doom and Gloom","floor":10},{"not_picked":["Go for the Eyes","Barrage"],"picked":"Hyperbeam","floor":13},{"not_picked":["Turbo","Hologram","Coolheaded"],"picked":"Singing Bowl","floor":14},{"not_picked":["Multi-Cast","Rainbow"],"picked":"Creative AI","floor":16},{"not_picked":["Heatsinks+1","Darkness"],"picked":"Auto Shields","floor":18},{"not_picked":["Recycle","Leap"],"picked":"Gash","floor":20},{"not_picked":["Hello World","Force Field","Rip and Tear"],"picked":"Singing Bowl","floor":21},{"not_picked":["Redo","Coolheaded","Hologram"],"picked":"Singing Bowl","floor":24},{"not_picked":["Streamline","Heatsinks"],"picked":"Defragment+1","floor":27},{"not_picked":["Compile Driver+1","Streamline+1","Fusion"],"picked":"Singing Bowl","floor":28}],"player_experience":484479,"relics_obtained":[{"floor":7,"key":"Mercury Hourglass"},{"floor":9,"key":"Pantograph"},{"floor":26,"key":"Bronze Scales"}],"event_choices":[{"damage_healed":0,"gold_gain":0,"player_choice":"Success","damage_taken":18,"relics_obtained":["Singing Bowl"],"max_hp_gain":0,"max_hp_loss":0,"event_name":"Scrap Ooze","floor":2,"gold_loss":0},{"damage_healed":0,"gold_gain":0,"player_choice":"Damaged","damage_taken":7,"max_hp_gain":0,"max_hp_loss":0,"event_name":"Wheel of Change","floor":3,"gold_loss":0},{"damage_healed":0,"gold_gain":0,"player_choice":"Ignored","damage_taken":0,"max_hp_gain":0,"max_hp_loss":0,"event_name":"Vampires","floor":22,"gold_loss":0}],"is_beta":false,"boss_relics":[{"not_picked":["Snecko Eye","Philosopher\u0027s Stone"],"picked":"Inserter"}],"items_purged_floors":[11,19],"is_endless":false,"potions_floor_spawned":[10,14,20,24],"killed_by":"Centurion and Healer","ascension_level":2}