{"gold_per_floor":[117,117,129,139,139,173,173,207,279,28,28,28,48,48,48,176,176,194,194,229,247,38,38,38],"floor_reached":24,"playtime":1499,"items_purged":["Strike_B","Defend_B"],"score":378,"play_id":"81f9977f-6958-44de-aec2-2620390aa052","local_time":"20191015233025","is_ascension_mode":true,"campfire_choices":[{"data":"Zap","floor":7,"key":"SMITH"},{"data":"Dualcast","floor":12,"key":"SMITH"},{"floor":15,"key":"REST"},{"floor":23,"key":"REST"}],"neow_cost":"CURSE","seed_source_timestamp":98091734017500,"circlet_count":0,"master_deck":["AscendersBane","Strike_B","Strike_B","Strike_B","Defend_B","Defend_B","Zap+1","Dualcast+1","Parasite","Chaos+1","Leap","Conserve Battery","Machine Learning","Machine Learning","Swift Strike","Defragment","Leap","Core Surge","Stack","FTL","Self Repair"],"relics":["Cracked Core","Du-Vu Doll","Golden Idol","Gambling Chip","Oddly Smooth Stone","Bottled Lightning","Philosopher\u0027s Stone","Nilry\u0027s Codex","Red Mask"],"potions_floor_usage":[6,13,13,16,20,24],"damage_taken":[{"damage":0,"enemies":"Small Slimes","floor":1,"turns":3},{"damage":0,"enemies":"Cultist","floor":3,"turns":3},{"damage":0,"enemies":"Jaw Worm","floor":4,"turns":3},{"damage":18,"enemies":"Lagavulin","floor":6,"turns":6},{"damage":15,"enemies":"3 Sentries","floor":8,"turns":10},{"damage":5,"enemies":"Large Slime","floor":13,"turns":6},{"damage":0,"enemies":"Slime Boss","floor":16,"turns":7},{"damage":5,"enemies":"Shell Parasite","floor":18,"turns":4},{"damage":17,"enemies":"Masked Bandits","floor":20,"turns":4},{"damage":12,"enemies":"2 Thieves","floor":21,"turns":4},{"damage":38,"enemies":"Book of Stabbing","floor":24,"turns":5}],"seed_played":"7661659623065480402","potions_obtained":[{"floor":3,"key":"LiquidBronze"},{"floor":8,"key":"SteroidPotion"},{"floor":11,"key":"Regen Potion"},{"floor":11,"key":"Weak Potion"},{"floor":13,"key":"Block Potion"},{"floor":18,"key":"Strength Potion"},{"floor":21,"key":"SpeedPotion"}],"is_trial":false,"path_per_floor":["M","?","M","M","?","E","R","E","T","$","?","R","M","?","R","B",null,"M","?","?","M","$","R","E"],"character_chosen":"DEFECT","items_purchased":["Swift Strike","Defragment","FTL","Self Repair"],"campfire_rested":2,"item_purchase_floors":[10,10,22,22],"current_hp_per_floor":[68,68,68,68,68,50,50,35,35,35,35,35,45,38,58,58,66,61,45,28,16,16,36,0],"gold":38,"neow_bonus":"ONE_RARE_RELIC","is_prod":false,"is_daily":false,"chose_seed":false,"campfire_upgraded":2,"win_rate":0,"timestamp":1571200225,"path_taken":["M","?","M","M","?","E","R","E","T","$","?","R","?","?","R","BOSS","M","?","?","M","?","R","E"],"build_version":"2019-07-17","purchased_purges":2,"victory":false,"max_hp_per_floor":[75,75,75,75,69,69,69,69,69,69,69,69,69,69,69,69,69,69,69,69,69,69,69,69],"card_choices":[{"not_picked":["Consume","Redo"],"picked":"Chaos","floor":1},{"not_picked":["Go for the Eyes","Gash"],"picked":"Leap","floor":3},{"not_picked":["Auto Shields","Doom and Gloom"],"picked":"Conserve Battery","floor":4},{"not_picked":["Turbo","Redo"],"picked":"Machine Learning","floor":6},{"not_picked":["Conserve Battery","Hologram"],"picked":"Machine Learning","floor":8},{"not_picked":["Capacitor","Turbo"],"picked":"Leap","floor":13},{"not_picked":["Amplify","Reboot"],"picked":"Core Surge","floor":16},{"not_picked":["Beam Cell","Compile Driver+1","Turbo"],"picked":"SKIP","floor":18},{"not_picked":["Scrape","Capacitor"],"picked":"Stack","floor":20},{"not_picked":["BootSequence","Multi-Cast","Barrage"],"picked":"SKIP","floor":21}],"player_experience":849908,"relics_obtained":[{"floor":6,"key":"Gambling Chip"},{"floor":8,"key":"Oddly Smooth Stone"},{"floor":9,"key":"Bottled Lightning"},{"floor":19,"key":"Nilry\u0027s Codex"},{"floor":20,"key":"Red Mask"}],"event_choices":[{"damage_healed":0,"gold_gain":0,"player_choice":"Grow","damage_taken":0,"max_hp_gain":0,"max_hp_loss":0,"event_name":"Living Wall","floor":2,"gold_loss":0,"cards_upgraded":["Chaos"]},{"damage_healed":0,"gold_gain":0,"player_choice":"Lose Max HP","damage_taken":0,"relics_obtained":["Golden Idol"],"max_hp_gain":0,"max_hp_loss":6,"event_name":"Golden Idol","floor":5,"gold_loss":0},{"damage_healed":0,"gold_gain":0,"player_choice":"Got Potions","damage_taken":0,"max_hp_gain":0,"max_hp_loss":0,"event_name":"Lab","floor":11,"gold_loss":0},{"cards_removed":["Defend_B"],"damage_healed":0,"gold_gain":0,"player_choice":"Card Removal","damage_taken":7,"max_hp_gain":0,"max_hp_loss":0,"event_name":"Golden Wing","floor":14,"gold_loss":0},{"damage_healed":0,"gold_gain":0,"player_choice":"Obtained Book","damage_taken":16,"max_hp_gain":0,"max_hp_loss":0,"event_name":"Cursed Tome","floor":19,"gold_loss":0},{"damage_healed":0,"gold_gain":0,"player_choice":"Fought Bandits","damage_taken":0,"max_hp_gain":0,"max_hp_loss":0,"event_name":"Masked Bandits","floor":20,"gold_loss":0}],"is_beta":false,"boss_relics":[{"not_picked":["Inserter","Fusion Hammer"],"picked":"Philosopher\u0027s Stone"}],"items_purged_floors":[10,22],"is_endless":false,"potions_floor_spawned":[3,8,13,18,21],"killed_by":"Book of Stabbing","ascension_level":10}