{"gold_per_floor":[114,45,45,55,73,73,106,106,106,133,133,133,133,35,35,140,140,156,38,38,38,48,48,48,48,48,68,87,87],"floor_reached":29,"playtime":1806,"items_purged":[],"score":275,"play_id":"62c62db2-75d1-491d-b682-09982c9e81f0","local_time":"20181122154629","is_ascension_mode":true,"campfire_choices":[{"data":"Whirlwind","floor":6,"key":"SMITH"},{"data":"Ghostly Armor","floor":8,"key":"SMITH"},{"floor":11,"key":"REST"},{"floor":13,"key":"REST"},{"data":"Shrug It Off","floor":15,"key":"SMITH"},{"floor":23,"key":"REST"},{"data":"Heavy Blade","floor":25,"key":"SMITH"}],"neow_cost":"TEN_PERCENT_HP_LOSS","seed_source_timestamp":6424683501056,"circlet_count":0,"master_deck":["Strike_R","Strike_R","Strike_R","Strike_R","Strike_R+1","Defend_R","Defend_R","Defend_R","Defend_R","Bash+1","Thinking Ahead","Deep Breath","Flex","Dropkick+1","Whirlwind+1","Ghostly Armor+1","Shrug It Off+1","Disarm","Spot Weakness","Clash","Limit Break","Heavy Blade+1","Demon Form"],"relics":["Burning Blood","Sundial","The Courier","Nunchaku","Philosopher\u0027s Stone","Whetstone","Ornamental Fan"],"potions_floor_usage":[7,28,29],"damage_taken":[{"damage":1,"enemies":"Cultist","floor":1,"turns":3},{"damage":2,"enemies":"Small Slimes","floor":4,"turns":4},{"damage":6,"enemies":"2 Louse","floor":5,"turns":2},{"damage":29,"enemies":"Gremlin Nob","floor":7,"turns":4},{"damage":47,"enemies":"Lagavulin","floor":10,"turns":7},{"damage":49,"enemies":"The Guardian","floor":16,"turns":10},{"damage":18,"enemies":"Spheric Guardian","floor":18,"turns":5},{"damage":30,"enemies":"Shell Parasite","floor":22,"turns":5},{"damage":23,"enemies":"Snake Plant","floor":27,"turns":3},{"damage":9,"enemies":"Cultist and Chosen","floor":28,"turns":4},{"damage":43,"enemies":"Slavers","floor":29,"turns":2}],"seed_played":"-4127366129568665504","potions_obtained":[{"floor":1,"key":"Ancient Potion"},{"floor":5,"key":"Weak Potion"},{"floor":16,"key":"Strength Potion"},{"floor":18,"key":"Swift Potion"}],"is_trial":false,"path_per_floor":["M","$","?","M","M","R","E","R","T","E","R","?","R","$","R","B",null,"M","$","?","?","M","R","$","R","T","M","M","E"],"character_chosen":"IRONCLAD","items_purchased":["Dropkick","Spot Weakness","Clash","Whetstone"],"campfire_rested":3,"item_purchase_floors":[2,14,14,19],"current_hp_per_floor":[72,72,72,72,72,72,49,49,49,8,29,29,50,50,50,7,72,60,60,60,60,36,57,57,57,57,40,37,0],"gold":87,"neow_bonus":"RANDOM_COLORLESS_2","is_prod":false,"is_daily":false,"chose_seed":false,"campfire_upgraded":4,"win_rate":0,"timestamp":1542923189,"path_taken":["M","$","?","M","M","R","E","R","T","E","R","?","R","$","R","BOSS","M","$","?","?","M","R","$","R","T","?","M","E"],"build_version":"2018-11-15","purchased_purges":0,"victory":false,"max_hp_per_floor":[72,72,72,72,72,72,72,72,72,72,72,72,72,72,72,72,72,72,72,72,72,72,72,72,72,72,72,72,72],"card_choices":[{"not_picked":["Warcry","Clothesline"],"picked":"Flex","floor":1},{"not_picked":["Thunderclap","Pummel"],"picked":"Whirlwind","floor":4},{"not_picked":["Inflame","Hemokinesis"],"picked":"Ghostly Armor","floor":5},{"not_picked":["Metallicize","Hemokinesis"],"picked":"Shrug It Off","floor":7},{"not_picked":["Sever Soul","Evolve"],"picked":"Disarm","floor":10},{"not_picked":["Immolate","Exhume"],"picked":"Limit Break","floor":16},{"not_picked":["Sever Soul","Sword Boomerang+1"],"picked":"Heavy Blade","floor":18},{"not_picked":["Clothesline","Armaments","Havoc"],"picked":"SKIP","floor":22},{"not_picked":["Feel No Pain","Reckless Charge"],"picked":"Demon Form","floor":27},{"not_picked":["Disarm+1","Flex+1","Twin Strike"],"picked":"SKIP","floor":28}],"player_experience":619410,"relics_obtained":[{"floor":7,"key":"Sundial"},{"floor":9,"key":"The Courier"},{"floor":10,"key":"Nunchaku"},{"floor":26,"key":"Ornamental Fan"}],"event_choices":[{"damage_healed":0,"gold_gain":0,"player_choice":"Grow","damage_taken":0,"max_hp_gain":0,"max_hp_loss":0,"event_name":"Living Wall","floor":3,"gold_loss":0,"cards_upgraded":["Bash"]},{"damage_healed":0,"gold_gain":0,"player_choice":"Ignored","damage_taken":0,"max_hp_gain":0,"max_hp_loss":0,"event_name":"Golden Idol","floor":12,"gold_loss":0},{"damage_healed":0,"gold_gain":0,"player_choice":"Ignored","damage_taken":0,"max_hp_gain":0,"max_hp_loss":0,"event_name":"Cursed Tome","floor":20,"gold_loss":0},{"damage_healed":0,"gold_gain":0,"player_choice":"Ignored","damage_taken":0,"max_hp_gain":0,"max_hp_loss":0,"event_name":"Ghosts","floor":21,"gold_loss":0}],"is_beta":false,"boss_relics":[{"not_picked":["Calling Bell","Runic Cube"],"picked":"Philosopher\u0027s Stone"}],"items_purged_floors":[],"is_endless":false,"potions_floor_spawned":[1,5,16,18,27],"killed_by":"Slavers","ascension_level":4}