{"path_per_floor":["M","M","$","?","M","R","M","M","T","M","M","M","R","?","R","B",null],"character_chosen":"IRONCLAD","items_purchased":["Inflame"],"gold_per_floor":[113,123,49,49,64,64,78,91,91,111,126,141,141,165,165,260,260],"floor_reached":18,"campfire_rested":0,"playtime":4710,"current_hp_per_floor":[80,80,80,85,85,85,82,83,83,85,84,85,85,76,76,45,85],"items_purged":[],"gold":260,"score":156,"play_id":"c370a444-e5ed-4739-b9ce-ae0f3dc4fa83","local_time":"20180311211048","is_prod":false,"is_daily":false,"is_ascension_mode":false,"campfire_upgraded":3,"timestamp":1520820648,"path_taken":["M","M","$","?","M","R","M","?","T","M","M","M","R","?","R","BOSS","M"],"build_version":"2018-03-09","purchased_purges":0,"victory":false,"master_deck":["Strike_R","Strike_R","Strike_R","Strike_R","Strike_R","Defend_R","Defend_R","Defend_R","Defend_R","Bash","Searing Blow+2","Inflame","Twin Strike","Flex","Bludgeon+1","Metallicize","Barricade","Armaments","Limit Break","Body Slam"],"max_hp_per_floor":[80,80,80,85,85,85,85,85,85,85,85,85,85,85,85,85,85],"relics":["Burning Blood","Bag of Marbles","Odd Mushroom","Orrery"],"card_choices":[{"not_picked":["Intimidate","Body Slam"],"picked":"Searing Blow"},{"not_picked":["Havoc","Anger"],"picked":"Twin Strike"},{"not_picked":["Perfected Strike","Iron Wave"],"picked":"Flex"},{"not_picked":["Dual Wield","Twin Strike"],"picked":"Bludgeon"},{"not_picked":["Twin Strike","Clash"],"picked":"Metallicize"},{"not_picked":["Reaper","Limit Break"],"picked":"Barricade"},{"not_picked":["Iron Wave","Sever Soul"],"picked":"Armaments"},{"not_picked":["Reckless Charge","Perfected Strike"],"picked":"Limit Break"},{"not_picked":["Pommel Strike","Twin Strike"],"picked":"Body Slam"}],"player_experience":131739,"potions_floor_usage":[11,14,16,18],"damage_taken":[{"damage":1,"enemies":"2 Louse","floor":1,"turns":3},{"damage":6,"enemies":"Jaw Worm","floor":2,"turns":3},{"damage":1,"enemies":"Cultist","floor":5,"turns":3},{"damage":9,"enemies":"Blue Slaver","floor":7,"turns":5},{"damage":5,"enemies":"2 Fungi Beasts","floor":8,"turns":3},{"damage":4,"enemies":"Gremlin Gang","floor":10,"turns":5},{"damage":7,"enemies":"Blue Slaver","floor":11,"turns":2},{"damage":0,"enemies":"Exordium Wildlife","floor":12,"turns":3},{"damage":15,"enemies":"The Mushroom Lair","floor":14,"turns":6},{"damage":37,"enemies":"The Guardian","floor":16,"turns":11},{"damage":86,"enemies":"3 Byrds","floor":18,"turns":9}],"event_choices":[{"event_name":"Big Fish","player_choice":"Donut","floor":4,"damage_taken":0},{"event_name":"Mushrooms","player_choice":"Fought Mushrooms","floor":14,"damage_taken":0}],"boss_relics":[{"not_picked":["Ectoplasm","Question Card"],"picked":"Orrery"}],"potions_floor_spawned":[1,2,7,14,16],"seed_played":"-3200373655927853715","killed_by":"3 Byrds","ascension_level":0,"is_trial":false}