{"gold_per_floor":[12,24,41,53,67,67,67,67,67,96,113,125,152,152,152,257,257,271,289,150,150,166,200,200,213,213,8,8,8,25,36,36,133,133,148,148,148,248,248,248,261,261,261,261,64,87,87,102,102,102],"floor_reached":51,"playtime":4039,"items_purged":[],"score":815,"play_id":"4f92cb02-8f8a-4ba9-ae48-901d5637c8b0","local_time":"20190210210536","is_ascension_mode":true,"campfire_choices":[{"data":"True Grit","floor":6,"key":"SMITH"},{"data":"Pommel Strike","floor":8,"key":"SMITH"},{"floor":15,"key":"REST"},{"floor":24,"key":"REST"},{"data":"Corruption","floor":29,"key":"SMITH"},{"data":"Flame Barrier","floor":32,"key":"SMITH"},{"data":"Seeing Red","floor":40,"key":"SMITH"},{"data":"Headbutt","floor":42,"key":"SMITH"},{"data":"Double Tap","floor":44,"key":"SMITH"},{"data":"Exhume","floor":47,"key":"SMITH"},{"data":"Infernal Blade","floor":49,"key":"SMITH"}],"neow_cost":"NO_GOLD","seed_source_timestamp":159818326690894,"circlet_count":0,"master_deck":["Strike_R","Strike_R+1","Strike_R","Strike_R+1","Defend_R","Defend_R","Defend_R","Bash","Shrug It Off+1","Pommel Strike+1","True Grit+1","Pommel Strike+1","Headbutt+1","Sentinel","Demon Form","Offering","Entrench+1","Bandage Up","Shrug It Off","Bandage Up","Iron Wave","Flame Barrier+1","Corruption+1","Exhume+1","Infernal Blade+1","Double Tap+1","Seeing Red+1","Secret Technique","Infernal Blade+1","Pommel Strike","Twin Strike+1"],"relics":["Burning Blood","Self Forming Clay","Whetstone","Dead Branch","White Beast Statue","Question Card","Ancient Tea Set","Black Star","Bird Faced Urn","Mercury Hourglass","Bronze Scales","Bag of Marbles"],"potions_floor_usage":[4,10,13,18,19,22,23,25,30,33,38,41,50,50],"damage_taken":[{"damage":8,"enemies":"2 Louse","floor":1,"turns":3},{"damage":1,"enemies":"Cultist","floor":2,"turns":5},{"damage":0,"enemies":"Small Slimes","floor":3,"turns":3},{"damage":20,"enemies":"Gremlin Gang","floor":4,"turns":7},{"damage":7,"enemies":"Exordium Wildlife","floor":5,"turns":5},{"damage":20,"enemies":"Gremlin Nob","floor":10,"turns":4},{"damage":0,"enemies":"Large Slime","floor":11,"turns":3},{"damage":1,"enemies":"3 Louse","floor":12,"turns":3},{"damage":15,"enemies":"Lagavulin","floor":13,"turns":5},{"damage":48,"enemies":"Slime Boss","floor":16,"turns":9},{"damage":12,"enemies":"3 Byrds","floor":18,"turns":6},{"damage":18,"enemies":"Shell Parasite","floor":19,"turns":5},{"damage":20,"enemies":"Snecko","floor":22,"turns":4},{"damage":44,"enemies":"Slavers","floor":23,"turns":9},{"damage":2,"enemies":"Cultist and Chosen","floor":25,"turns":6},{"damage":3,"enemies":"Snake Plant","floor":30,"turns":3},{"damage":0,"enemies":"Snecko","floor":31,"turns":4},{"damage":50,"enemies":"Automaton","floor":33,"turns":8},{"damage":0,"enemies":"3 Shapes","floor":35,"turns":3},{"damage":6,"enemies":"Mind Bloom Boss Battle","floor":38,"turns":5},{"damage":0,"enemies":"Orb Walker","floor":41,"turns":2},{"damage":15,"enemies":"3 Darklings","floor":48,"turns":4},{"damage":36,"enemies":"Time Eater","floor":50,"turns":7}],"seed_played":"1756069939577283438","potions_obtained":[{"floor":2,"key":"PowerPotion"},{"floor":3,"key":"EssenceOfSteel"},{"floor":5,"key":"GamblersBrew"},{"floor":11,"key":"GamblersBrew"},{"floor":18,"key":"Poison Potion"},{"floor":19,"key":"FearPotion"},{"floor":22,"key":"Poison Potion"},{"floor":23,"key":"PowerPotion"},{"floor":25,"key":"Fire Potion"},{"floor":30,"key":"PowerPotion"},{"floor":31,"key":"Strength Potion"},{"floor":33,"key":"Energy Potion"},{"floor":35,"key":"SteroidPotion"},{"floor":38,"key":"SkillPotion"},{"floor":41,"key":"Poison Potion"}],"is_trial":false,"path_per_floor":["M","M","M","M","M","R","?","R","T","E","M","M","E","?","R","B",null,"M","M","$","?","M","E","R","M","T","$","?","R","M","M","R","B",null,"M","?","?","?","?","R","M","R","T","R","$","T","R","M","R","B",null],"character_chosen":"IRONCLAD","items_purchased":["Bandage Up","Shrug It Off","Corruption","Exhume","Pommel Strike","Bronze Scales"],"campfire_rested":2,"item_purchase_floors":[20,20,27,27,45,45],"current_hp_per_floor":[70,75,80,66,65,65,65,65,65,51,57,62,53,53,77,35,69,63,51,51,51,41,11,35,51,51,51,51,51,62,80,80,44,71,77,77,77,80,80,80,80,80,80,80,80,80,80,80,80,61],"gold":102,"neow_bonus":"REMOVE_TWO","is_prod":false,"is_daily":false,"chose_seed":false,"campfire_upgraded":9,"win_rate":0,"timestamp":1549854336,"path_taken":["M","M","M","M","M","R","?","R","T","E","M","M","E","?","R","BOSS","M","?","$","?","?","E","R","M","T","$","?","R","M","M","R","BOSS","M","?","?","?","?","R","M","R","T","R","$","?","R","M","R","BOSS"],"build_version":"2019-01-23","purchased_purges":0,"victory":true,"max_hp_per_floor":[80,80,80,80,80,80,80,80,80,80,80,80,80,80,80,80,80,80,80,80,80,80,80,80,80,80,80,80,80,80,80,80,80,80,80,80,80,80,80,80,80,80,80,80,80,80,80,80,80,80],"card_choices":[{"not_picked":["Havoc","Anger"],"picked":"Shrug It Off","floor":1},{"not_picked":["Battle Trance","Dual Wield"],"picked":"Pommel Strike","floor":2},{"not_picked":["Heavy Blade","Clothesline","Body Slam"],"picked":"SKIP","floor":3},{"not_picked":["Flame Barrier","Hemokinesis"],"picked":"True Grit","floor":4},{"not_picked":["Armaments","Entrench","Warcry"],"picked":"SKIP","floor":5},{"not_picked":["Second Wind","Bloodletting"],"picked":"Pommel Strike","floor":10},{"not_picked":["Sword Boomerang","Uppercut"],"picked":"Headbutt","floor":11},{"not_picked":["Power Through","Fire Breathing"],"picked":"Sentinel","floor":12},{"not_picked":["Body Slam","Brutality"],"picked":"Demon Form","floor":13},{"not_picked":["Double Tap","Berserk"],"picked":"Offering","floor":16},{"not_picked":["Iron Wave+1","True Grit"],"picked":"Entrench+1","floor":18},{"not_picked":["Blood for Blood+1","Wild Strike","Rupture"],"picked":"SKIP","floor":19},{"not_picked":["Sword Boomerang","Perfected Strike"],"picked":"Iron Wave","floor":22},{"not_picked":["Blood for Blood","Inflame","Flex"],"picked":"SKIP","floor":23},{"not_picked":["Iron Wave","Sever Soul+1","Rage+1"],"picked":"Flame Barrier","floor":25},{"not_picked":["Clothesline+1","Battle Trance","Thunderclap","Inflame+1"],"picked":"SKIP","floor":30},{"not_picked":["Wild Strike","Flex","Cleave"],"picked":"Infernal Blade+1","floor":31},{"not_picked":["Fiend Fire","Brutality","Reaper"],"picked":"Double Tap","floor":33},{"not_picked":["Dual Wield","Headbutt","Inflame+1"],"picked":"Seeing Red","floor":35},{"not_picked":["Transmutation","Enlightenment","Magnetism"],"picked":"Secret Technique","floor":37},{"not_picked":["Headbutt","Entrench","Fire Breathing"],"picked":"Infernal Blade","floor":38},{"not_picked":["Power Through","Searing Blow","Iron Wave+1","Combust"],"picked":"SKIP","floor":41},{"not_picked":["Rampage","Warcry+1","Anger"],"picked":"Twin Strike+1","floor":48}],"player_experience":696493,"relics_obtained":[{"floor":9,"key":"Self Forming Clay"},{"floor":10,"key":"Whetstone"},{"floor":13,"key":"Dead Branch"},{"floor":23,"key":"Question Card"},{"floor":26,"key":"Ancient Tea Set"},{"floor":38,"key":"Bird Faced Urn"},{"floor":43,"key":"Mercury Hourglass"},{"floor":46,"key":"Bag of Marbles"}],"event_choices":[{"damage_healed":0,"gold_gain":0,"player_choice":"Grow","damage_taken":0,"max_hp_gain":0,"max_hp_loss":0,"event_name":"Living Wall","floor":7,"gold_loss":0,"cards_upgraded":["Shrug It Off"]},{"damage_healed":0,"gold_gain":0,"player_choice":"Forge","damage_taken":0,"max_hp_gain":0,"max_hp_loss":0,"event_name":"Accursed Blacksmith","floor":14,"gold_loss":0,"cards_upgraded":["Pommel Strike"]},{"damage_healed":0,"gold_gain":0,"player_choice":"Copied","damage_taken":0,"max_hp_gain":0,"max_hp_loss":0,"event_name":"Duplicator","floor":21,"gold_loss":0,"cards_obtained":["Bandage Up"]},{"damage_healed":0,"gold_gain":0,"player_choice":"Ignored","damage_taken":0,"max_hp_gain":0,"max_hp_loss":0,"event_name":"Ghosts","floor":28,"gold_loss":0},{"damage_healed":0,"gold_gain":0,"player_choice":"Ignored","damage_taken":0,"max_hp_gain":0,"max_hp_loss":0,"event_name":"Mysterious Sphere","floor":36,"gold_loss":0},{"damage_healed":0,"gold_gain":0,"player_choice":"Memory 1","damage_taken":0,"max_hp_gain":0,"max_hp_loss":0,"event_name":"SensoryStone","floor":37,"gold_loss":0},{"damage_healed":0,"gold_gain":0,"player_choice":"Fight","damage_taken":0,"max_hp_gain":0,"max_hp_loss":0,"event_name":"MindBloom","floor":38,"gold_loss":0},{"damage_healed":0,"gold_gain":0,"player_choice":"Ignored","damage_taken":0,"max_hp_gain":0,"max_hp_loss":0,"event_name":"Tomb of Lord Red Mask","floor":39,"gold_loss":0}],"is_beta":false,"boss_relics":[{"not_picked":["Busted Crown","Runic Cube"],"picked":"White Beast Statue"},{"not_picked":["Calling Bell","Cursed Key"],"picked":"Black Star"}],"items_purged_floors":[],"is_endless":false,"potions_floor_spawned":[2,3,5,11,18,19,22,23,25,30,31,33,35,38,41,48],"ascension_level":6}