{"gold_per_floor":[119,130,147,147,147,147,174,174,199,214,295,322,335,354,354,354],"floor_reached":16,"playtime":815,"items_purged":[],"score":123,"play_id":"ae974a4b-250e-4d2d-a343-6be398cb0e81","local_time":"20181019194842","is_ascension_mode":true,"campfire_choices":[{"data":"Bash","floor":6,"key":"SMITH"},{"data":"Double Tap","floor":8,"key":"SMITH"},{"data":"Pommel Strike","floor":15,"key":"SMITH"}],"neow_cost":"NONE","seed_source_timestamp":14879177564444,"circlet_count":0,"master_deck":["Strike_R","Strike_R","Strike_R","Strike_R","Defend_R","Defend_R","Defend_R","Defend_R","Bash+1","Body Slam+1","Reckless Charge","True Grit+1","Double Tap+1","Pommel Strike+1","Flex"],"relics":["Burning Blood","Smiling Mask","Oddly Smooth Stone","Tiny Chest","Dream Catcher"],"potions_floor_usage":[10,14],"damage_taken":[{"damage":4,"enemies":"Small Slimes","floor":1,"turns":4},{"damage":0,"enemies":"Cultist","floor":2,"turns":3},{"damage":1,"enemies":"2 Louse","floor":3,"turns":3},{"damage":25,"enemies":"3 Sentries","floor":7,"turns":9},{"damage":1,"enemies":"Looter","floor":10,"turns":3},{"damage":30,"enemies":"Lagavulin","floor":12,"turns":5},{"damage":0,"enemies":"2 Fungi Beasts","floor":13,"turns":2},{"damage":0,"enemies":"Blue Slaver","floor":14,"turns":2},{"damage":56,"enemies":"Hexaghost","floor":16,"turns":9}],"seed_played":"23565466440089469","potions_obtained":[{"floor":1,"key":"Ancient Potion"},{"floor":3,"key":"SkillPotion"},{"floor":12,"key":"Explosive Potion"},{"floor":14,"key":"Ancient Potion"}],"is_trial":false,"path_per_floor":["M","M","M","?","?","R","E","R","T","M","T","E","M","M","R"],"character_chosen":"IRONCLAD","items_purchased":[],"campfire_rested":0,"item_purchase_floors":[],"current_hp_per_floor":[80,80,80,80,80,80,61,61,61,66,66,42,48,54,54,0],"gold":354,"neow_bonus":"REMOVE_CARD","is_prod":false,"is_daily":false,"chose_seed":false,"campfire_upgraded":3,"win_rate":0,"timestamp":1539996522,"path_taken":["M","M","M","?","?","R","E","R","T","M","?","E","?","M","R","BOSS"],"build_version":"2018-10-18","purchased_purges":0,"victory":false,"max_hp_per_floor":[80,80,80,80,80,80,80,80,80,80,80,80,80,80,80,80],"card_choices":[{"not_picked":["Dual Wield","Clothesline"],"picked":"Body Slam","floor":1},{"not_picked":["Havoc","Iron Wave"],"picked":"Reckless Charge","floor":2},{"not_picked":["Hemokinesis","Searing Blow"],"picked":"True Grit","floor":3},{"not_picked":["Brutality","Infernal Blade"],"picked":"Double Tap","floor":7},{"not_picked":["Entrench","Shockwave"],"picked":"Pommel Strike","floor":10},{"not_picked":["Flame Barrier","Entrench"],"picked":"Flex","floor":12},{"not_picked":["Thunderclap","Sword Boomerang","Heavy Blade"],"picked":"SKIP","floor":13},{"not_picked":["Iron Wave","Thunderclap","Flex"],"picked":"SKIP","floor":14}],"player_experience":445631,"relics_obtained":[{"floor":7,"key":"Smiling Mask"},{"floor":9,"key":"Oddly Smooth Stone"},{"floor":11,"key":"Tiny Chest"},{"floor":12,"key":"Dream Catcher"}],"event_choices":[{"damage_healed":0,"gold_gain":0,"player_choice":"Forge","damage_taken":0,"max_hp_gain":0,"max_hp_loss":0,"event_name":"Accursed Blacksmith","floor":4,"gold_loss":0,"cards_upgraded":["True Grit"]},{"damage_healed":0,"gold_gain":0,"player_choice":"Grow","damage_taken":0,"max_hp_gain":0,"max_hp_loss":0,"event_name":"Living Wall","floor":5,"gold_loss":0,"cards_upgraded":["Body Slam"]}],"is_beta":false,"boss_relics":[],"items_purged_floors":[],"is_endless":false,"potions_floor_spawned":[1,3,12,14],"killed_by":"Hexaghost","ascension_level":2}