{"gold_per_floor":[117,131,131,148,73,106,106,106,106,140,160,187,137,87,87,188,188,200,100,110,110,129,129,141,141,141,141,152,172,188,208,208,308,308,326,343,353,364,116,116,126,139,139,139,139,157,0,0,0,0],"floor_reached":50,"playtime":2976,"items_purged":["Strike_R","Defend_R","Strike_R"],"score":513,"play_id":"c41cf602-5b6d-4594-8b33-661b78576470","local_time":"20181014213913","is_ascension_mode":true,"campfire_choices":[{"data":"Rage","floor":7,"key":"SMITH"},{"floor":15,"key":"REST"},{"data":"Pommel Strike","floor":23,"key":"SMITH"},{"data":"Whirlwind","floor":25,"key":"SMITH"},{"data":"Body Slam","floor":32,"key":"SMITH"},{"floor":40,"key":"REST"},{"floor":45,"key":"REST"},{"floor":49,"key":"REST"}],"neow_cost":"NONE","seed_source_timestamp":2171641878998075,"circlet_count":0,"master_deck":["Strike_R","Strike_R","Defend_R","Defend_R","Bash","Rage+1","Clash","Whirlwind+1","Pommel Strike+1","Cleave","Headbutt","Bludgeon","Iron Wave+1","Body Slam+1","Double Tap+1","Apotheosis+1","Rampage+1"],"relics":["Burning Blood","Gremlin Horn","CultistMask","Dream Catcher","PreservedInsect","Odd Mushroom","Strawberry","Toxic Egg 2","Velvet Choker","The Courier","Sozu","Darkstone Periapt","Red Mask","Ice Cream"],"potions_floor_usage":[6,11,12,12,30,33,50],"damage_taken":[{"damage":9,"enemies":"2 Louse","floor":1,"turns":3},{"damage":6,"enemies":"Jaw Worm","floor":2,"turns":2},{"damage":0,"enemies":"Cultist","floor":4,"turns":3},{"damage":48,"enemies":"Gremlin Nob","floor":6,"turns":6},{"damage":17,"enemies":"3 Sentries","floor":10,"turns":8},{"damage":0,"enemies":"The Mushroom Lair","floor":11,"turns":2},{"damage":6,"enemies":"Lagavulin","floor":12,"turns":3},{"damage":57,"enemies":"Slime Boss","floor":16,"turns":11},{"damage":12,"enemies":"Chosen","floor":18,"turns":3},{"damage":17,"enemies":"3 Byrds","floor":20,"turns":4},{"damage":5,"enemies":"3 Cultists","floor":22,"turns":4},{"damage":7,"enemies":"Shelled Parasite and Fungi","floor":24,"turns":5},{"damage":11,"enemies":"Snecko","floor":28,"turns":4},{"damage":12,"enemies":"Centurion and Healer","floor":29,"turns":4},{"damage":0,"enemies":"Cultist and Chosen","floor":30,"turns":4},{"damage":6,"enemies":"Snake Plant","floor":31,"turns":3},{"damage":52,"enemies":"Champ","floor":33,"turns":12},{"damage":20,"enemies":"3 Shapes","floor":35,"turns":3},{"damage":11,"enemies":"Orb Walker","floor":36,"turns":2},{"damage":24,"enemies":"Spire Growth","floor":37,"turns":3},{"damage":31,"enemies":"Maw","floor":38,"turns":7},{"damage":0,"enemies":"Transient","floor":41,"turns":5},{"damage":5,"enemies":"3 Darklings","floor":42,"turns":2},{"damage":13,"enemies":"Spire Growth","floor":46,"turns":4},{"damage":12,"enemies":"Mind Bloom Boss Battle","floor":48,"turns":6},{"damage":89,"enemies":"Time Eater","floor":50,"turns":6}],"seed_played":"215027620287681231","potions_obtained":[{"floor":2,"key":"Weak Potion"},{"floor":6,"key":"Poison Potion"},{"floor":10,"key":"Explosive Potion"},{"floor":11,"key":"Block Potion"},{"floor":18,"key":"Dexterity Potion"},{"floor":22,"key":"Explosive Potion"},{"floor":24,"key":"SteroidPotion"},{"floor":31,"key":"Dexterity Potion"},{"floor":33,"key":"Energy Potion"}],"is_trial":false,"path_per_floor":["M","M","?","M","$","E","R","?","T","E","?","E","?","?","R","B",null,"M","$","M","?","M","R","M","R","T","?","M","M","M","M","R","B",null,"M","M","M","M","$","R","M","M","T","?","R","M","?","?","R"],"character_chosen":"IRONCLAD","items_purchased":["Apotheosis+1"],"campfire_rested":4,"item_purchase_floors":[39],"current_hp_per_floor":[77,77,77,80,80,38,38,38,38,27,33,40,40,40,66,15,87,81,81,70,70,71,71,70,70,70,70,65,59,65,65,65,19,87,73,68,50,25,25,51,57,58,58,58,84,77,77,71,87,0],"gold":0,"neow_bonus":"THREE_CARDS","is_prod":false,"is_daily":false,"chose_seed":false,"campfire_upgraded":4,"win_rate":0,"timestamp":1539571153,"path_taken":["M","M","?","M","$","E","R","?","T","E","?","E","?","?","R","BOSS","M","$","M","?","M","R","M","R","T","?","M","M","?","M","R","BOSS","M","M","M","M","$","R","M","M","T","?","R","M","?","?","R","BOSS"],"build_version":"2018-10-11","purchased_purges":3,"victory":false,"max_hp_per_floor":[80,80,80,80,80,80,80,80,80,80,80,87,87,87,87,87,87,87,87,87,87,87,87,87,87,87,87,87,87,87,87,87,87,87,87,87,87,87,87,87,87,87,87,87,87,87,87,87,87,87],"card_choices":[{"not_picked":["Searing Blow","Heavy Blade"],"picked":"Rage","floor":0},{"not_picked":["Thunderclap","Clothesline"],"picked":"Clash","floor":1},{"not_picked":["Rage","Iron Wave","Anger"],"picked":"SKIP","floor":2},{"not_picked":["Fire Breathing","Inflame"],"picked":"Whirlwind","floor":4},{"not_picked":["Flex","Armaments"],"picked":"Pommel Strike","floor":6},{"not_picked":["Perfected Strike","Brutality"],"picked":"Cleave","floor":10},{"not_picked":["Flex","Armaments"],"picked":"Headbutt","floor":11},{"not_picked":["Evolve","Sentinel","Sword Boomerang"],"picked":"SKIP","floor":12},{"not_picked":["Limit Break+1","Juggernaut"],"picked":"Bludgeon","floor":16},{"not_picked":["Intimidate+1","Clash"],"picked":"Iron Wave+1","floor":18},{"not_picked":["Hemokinesis","Heavy Blade","Second Wind+1"],"picked":"SKIP","floor":20},{"not_picked":["Flex+1","Havoc+1","Wild Strike+1"],"picked":"SKIP","floor":22},{"not_picked":["Thunderclap","Flame Barrier+1","Uppercut"],"picked":"SKIP","floor":24},{"not_picked":["Armaments+1","Uppercut","Dual Wield+1"],"picked":"SKIP","floor":28},{"not_picked":["Wild Strike","Clash","Headbutt+1"],"picked":"SKIP","floor":29},{"not_picked":["Fire Breathing","Burning Pact+1"],"picked":"Body Slam","floor":30},{"not_picked":["Clash","Barricade","Warcry+1"],"picked":"SKIP","floor":31},{"not_picked":["Juggernaut","Impervious+1"],"picked":"Double Tap+1","floor":33},{"not_picked":["Headbutt+1","Iron Wave","Thunderclap+1"],"picked":"SKIP","floor":35},{"not_picked":["Sword Boomerang+1","Battle Trance+1","Disarm+1"],"picked":"SKIP","floor":36},{"not_picked":["True Grit+1","Cleave","Clash"],"picked":"SKIP","floor":37},{"not_picked":["Dropkick+1","Corruption","Cleave"],"picked":"SKIP","floor":38},{"not_picked":["Iron Wave","Twin Strike+1","Wild Strike"],"picked":"SKIP","floor":41},{"not_picked":["Reckless Charge","Sword Boomerang","Offering+1"],"picked":"SKIP","floor":42},{"not_picked":["Power Through+1","Pommel Strike","True Grit+1"],"picked":"SKIP","floor":46},{"not_picked":["Sever Soul","Flame Barrier+1"],"picked":"Rampage+1","floor":48}],"player_experience":437240,"relics_obtained":[{"floor":6,"key":"Gremlin Horn"},{"floor":9,"key":"Dream Catcher"},{"floor":10,"key":"PreservedInsect"},{"floor":11,"key":"Odd Mushroom"},{"floor":12,"key":"Strawberry"},{"floor":26,"key":"The Courier"},{"floor":43,"key":"Darkstone Periapt"},{"floor":48,"key":"Ice Cream"}],"event_choices":[{"event_name":"Living Wall","player_choice":"Forget","floor":3,"damage_taken":0},{"event_name":"FaceTrader","player_choice":"Trade","floor":8,"damage_taken":0},{"event_name":"Mushrooms","player_choice":"Fought Mushrooms","floor":11,"damage_taken":0},{"event_name":"WeMeetAgain","player_choice":"Gold","floor":13,"damage_taken":0},{"event_name":"The Cleric","player_choice":"Card Removal","floor":14,"damage_taken":0},{"event_name":"Vampires","player_choice":"Ignored","floor":21,"damage_taken":0},{"event_name":"Cursed Tome","player_choice":"Ignored","floor":27,"damage_taken":0},{"event_name":"SensoryStone","player_choice":"Memory 1","floor":44,"damage_taken":0},{"event_name":"Tomb of Lord Red Mask","player_choice":"Paid","floor":47,"damage_taken":0},{"event_name":"MindBloom","player_choice":"Fight","floor":48,"damage_taken":0}],"is_beta":false,"boss_relics":[{"not_picked":["Mark of Pain","Calling Bell"],"picked":"Velvet Choker"},{"not_picked":["White Beast Statue","Black Blood"],"picked":"Sozu"}],"items_purged_floors":[5,19,39],"is_endless":false,"potions_floor_spawned":[2,6,10,11,18,22,24,31,33,35,37,48],"killed_by":"Time Eater","ascension_level":2}