{"gold_per_floor":[116,135,151,326,58,58,89,49,49,61,86,86,105,117,117,213,213,138,138,138,38,38,38,38,38,38,38,38,38,38,38,38,38,38,38,38,38,38,38,38,38,38,38,38,38,38,0,0,0,0],"floor_reached":51,"playtime":3645,"items_purged":["Doubt","Defend_B"],"score":1044,"play_id":"65836fb1-21b2-49a4-acbe-e54c11518221","local_time":"20191014033203","is_ascension_mode":true,"campfire_choices":[{"data":"Dualcast","floor":6,"key":"SMITH"},{"data":"Buffer","floor":12,"key":"SMITH"},{"data":"Defragment","floor":15,"key":"SMITH"},{"floor":24,"key":"REST"},{"data":"Creative AI","floor":27,"key":"SMITH"},{"floor":32,"key":"REST"},{"floor":40,"key":"REST"},{"data":"Coolheaded","floor":42,"key":"SMITH"},{"data":"Reboot","floor":44,"key":"SMITH"},{"floor":49,"key":"REST"}],"neow_cost":"NONE","seed_source_timestamp":343719215388400,"circlet_count":0,"master_deck":["Strike_B","Strike_B","Strike_B","Strike_B","Defend_B","Defend_B","Defend_B","Zap+1","Dualcast+1","Cold Snap","Leap","Coolheaded+1","Sweeping Beam","Skim","Defragment+1","Buffer+1","Chill","Leap","Creative AI+1","Doom and Gloom+1","RitualDagger","Blizzard+1","Streamline+1","Reboot+1","Echo Form","Coolheaded+1","Glacier+1","Glacier+1","White Noise+1","Stack+1","Barrage+1","Loop+1","Thinking Ahead","Mayhem","Bandage Up","Reinforced Body"],"relics":["Cracked Core","Blood Vial","Blue Candle","Symbiotic Virus","PreservedInsect","Ectoplasm","Pantograph","DataDisk","Bottled Lightning","Prayer Wheel","Sozu","Bronze Scales","Lantern","Meat on the Bone","Dodecahedron","Red Mask"],"potions_floor_usage":[11,16,23,23,25,50],"damage_taken":[{"damage":0,"enemies":"2 Louse","floor":1,"turns":2},{"damage":7,"enemies":"Jaw Worm","floor":2,"turns":3},{"damage":0,"enemies":"Cultist","floor":3,"turns":3},{"damage":21,"enemies":"Gremlin Nob","floor":7,"turns":5},{"damage":1,"enemies":"Blue Slaver","floor":10,"turns":2},{"damage":5,"enemies":"3 Sentries","floor":11,"turns":7},{"damage":0,"enemies":"Exordium Thugs","floor":13,"turns":4},{"damage":0,"enemies":"Large Slime","floor":14,"turns":5},{"damage":9,"enemies":"Hexaghost","floor":16,"turns":15},{"damage":11,"enemies":"2 Thieves","floor":18,"turns":5},{"damage":13,"enemies":"3 Byrds","floor":20,"turns":4},{"damage":5,"enemies":"Cultist and Chosen","floor":22,"turns":7},{"damage":6,"enemies":"Gremlin Leader","floor":23,"turns":4},{"damage":16,"enemies":"Slavers","floor":25,"turns":2},{"damage":1,"enemies":"Colosseum Slavers","floor":31,"turns":4},{"damage":65,"enemies":"Automaton","floor":33,"turns":14},{"damage":14,"enemies":"3 Darklings","floor":35,"turns":5},{"damage":0,"enemies":"3 Shapes","floor":37,"turns":5},{"damage":11,"enemies":"3 Darklings","floor":38,"turns":5},{"damage":0,"enemies":"Jaw Worm Horde","floor":39,"turns":3},{"damage":8,"enemies":"Giant Head","floor":41,"turns":10},{"damage":10,"enemies":"Nemesis","floor":45,"turns":5},{"damage":0,"enemies":"4 Shapes","floor":48,"turns":6},{"damage":37,"enemies":"Time Eater","floor":50,"turns":9}],"seed_played":"511912325316232241","potions_obtained":[{"floor":3,"key":"LiquidBronze"},{"floor":8,"key":"Block Potion"},{"floor":8,"key":"PowerPotion"},{"floor":10,"key":"FocusPotion"},{"floor":14,"key":"SteroidPotion"},{"floor":22,"key":"FocusPotion"},{"floor":23,"key":"Explosive Potion"},{"floor":33,"key":"LiquidBronze"}],"is_trial":false,"path_per_floor":["M","M","M","?","$","R","E","?","T","M","E","R","M","M","R","B",null,"M","?","M","$","M","E","R","E","T","R","T","?","?","?","R","B",null,"M","?","M","M","M","R","E","R","T","R","E","?","?","M","R","B",null],"character_chosen":"DEFECT","items_purchased":["Blood Vial","Sweeping Beam"],"campfire_rested":4,"item_purchase_floors":[5,5],"current_hp_per_floor":[68,61,61,61,61,61,42,42,42,43,40,40,42,44,44,37,66,57,51,40,40,37,33,55,41,41,41,41,41,27,28,52,14,64,52,52,54,45,47,71,65,65,65,65,57,47,47,53,77,43],"gold":0,"neow_bonus":"UPGRADE_CARD","is_prod":false,"is_daily":false,"chose_seed":false,"campfire_upgraded":6,"win_rate":0,"timestamp":1571041923,"path_taken":["M","M","M","?","$","R","E","?","T","M","E","R","M","?","R","BOSS","M","?","M","$","M","E","R","E","T","R","?","?","?","?","R","BOSS","M","?","M","?","M","R","E","R","T","R","E","?","?","M","R","BOSS"],"build_version":"2019-07-17","purchased_purges":2,"victory":true,"max_hp_per_floor":[75,75,75,75,75,75,75,75,75,75,75,75,75,75,75,75,75,75,75,75,75,75,75,75,75,75,75,75,75,80,80,80,80,80,80,80,80,80,80,80,80,80,80,80,80,80,80,80,80,80],"card_choices":[{"not_picked":["Steam","Streamline"],"picked":"Cold Snap","floor":1},{"not_picked":["Genetic Algorithm","Turbo"],"picked":"Leap","floor":2},{"not_picked":["Hologram","Streamline"],"picked":"Coolheaded","floor":3},{"not_picked":["Turbo","Consume"],"picked":"Skim","floor":7},{"not_picked":["Sweeping Beam","Hologram"],"picked":"Defragment","floor":10},{"not_picked":["Force Field","Compile Driver"],"picked":"Buffer","floor":11},{"not_picked":["Force Field","Barrage"],"picked":"Chill","floor":13},{"not_picked":["Compile Driver","Beam Cell"],"picked":"Leap","floor":14},{"not_picked":["Meteor Strike","Thunder Strike"],"picked":"Creative AI","floor":16},{"not_picked":["Conserve Battery","Double Energy"],"picked":"Doom and Gloom+1","floor":18},{"not_picked":["Genetic Algorithm","Hello World+1"],"picked":"Blizzard+1","floor":20},{"not_picked":["Reprogram+1","Beam Cell+1"],"picked":"Streamline+1","floor":22},{"not_picked":["Streamline","Recycle"],"picked":"Reboot","floor":23},{"not_picked":["Aggregate","Static Discharge","Electrodynamics"],"picked":"SKIP","floor":25},{"not_picked":["Rainbow","All For One"],"picked":"Echo Form","floor":33},{"not_picked":["Recycle+1","Storm"],"picked":"Coolheaded+1","floor":35},{"not_picked":["Conserve Battery","Consume","Streamline+1"],"picked":"SKIP","floor":35},{"not_picked":["Consume+1","Tempest"],"picked":"Glacier+1","floor":37},{"not_picked":["Rebound","White Noise+1"],"picked":"Glacier+1","floor":37},{"not_picked":["Genetic Algorithm","Sweeping Beam"],"picked":"White Noise+1","floor":38},{"not_picked":["Beam Cell+1","Go for the Eyes+1","Barrage+1"],"picked":"SKIP","floor":38},{"not_picked":["Barrage","Glacier+1"],"picked":"Stack+1","floor":39},{"not_picked":["Sweeping Beam","Skim+1"],"picked":"Barrage+1","floor":39},{"not_picked":["Coolheaded","Amplify","Skim+1"],"picked":"SKIP","floor":41},{"not_picked":["Compile Driver+1","Ball Lightning"],"picked":"Loop+1","floor":45},{"not_picked":["Transmutation","Good Instincts"],"picked":"Thinking Ahead","floor":46},{"not_picked":["Impatience","Mind Blast"],"picked":"Mayhem","floor":46},{"not_picked":["Forethought","The Bomb"],"picked":"Bandage Up","floor":46},{"not_picked":["Sweeping Beam","Beam Cell"],"picked":"Reinforced Body","floor":48},{"not_picked":["Stack","Redo","Gash+1"],"picked":"SKIP","floor":48}],"player_experience":840833,"relics_obtained":[{"floor":7,"key":"Blue Candle"},{"floor":9,"key":"Symbiotic Virus"},{"floor":11,"key":"PreservedInsect"},{"floor":23,"key":"Pantograph"},{"floor":25,"key":"DataDisk"},{"floor":26,"key":"Bottled Lightning"},{"floor":28,"key":"Prayer Wheel"},{"floor":41,"key":"Lantern"},{"floor":43,"key":"Meat on the Bone"},{"floor":45,"key":"Dodecahedron"}],"event_choices":[{"damage_healed":0,"gold_gain":175,"player_choice":"AGREE","damage_taken":0,"max_hp_gain":0,"max_hp_loss":0,"event_name":"Liars Game","floor":4,"gold_loss":0,"cards_obtained":["Doubt"]},{"damage_healed":0,"gold_gain":0,"player_choice":"Bought 3 Potions","damage_taken":0,"max_hp_gain":0,"max_hp_loss":0,"event_name":"The Woman in Blue","floor":8,"gold_loss":0},{"damage_healed":0,"gold_gain":0,"player_choice":"Joined the Cult","damage_taken":6,"max_hp_gain":0,"max_hp_loss":0,"event_name":"Nest","floor":19,"gold_loss":0,"cards_obtained":["RitualDagger"]},{"damage_healed":0,"gold_gain":0,"player_choice":"Shed Blood","damage_taken":19,"max_hp_gain":5,"max_hp_loss":0,"event_name":"Forgotten Altar","floor":30,"gold_loss":0},{"damage_healed":0,"gold_gain":0,"player_choice":"Fight","damage_taken":0,"max_hp_gain":0,"max_hp_loss":0,"event_name":"Colosseum","floor":31,"gold_loss":0},{"damage_healed":0,"gold_gain":0,"player_choice":"Fled From Nobs","damage_taken":0,"max_hp_gain":0,"max_hp_loss":0,"event_name":"Colosseum","floor":31,"gold_loss":0},{"damage_healed":0,"gold_gain":0,"player_choice":"Gave Potion","damage_taken":0,"relics_obtained":["Bronze Scales"],"max_hp_gain":0,"max_hp_loss":0,"event_name":"WeMeetAgain","floor":36,"gold_loss":0},{"damage_healed":0,"gold_gain":0,"player_choice":"Memory 3","damage_taken":10,"max_hp_gain":0,"max_hp_loss":0,"event_name":"SensoryStone","floor":46,"gold_loss":0},{"damage_healed":0,"gold_gain":0,"player_choice":"Paid","damage_taken":0,"relics_obtained":["Red Mask"],"max_hp_gain":0,"max_hp_loss":0,"event_name":"Tomb of Lord Red Mask","floor":47,"gold_loss":38}],"is_beta":false,"boss_relics":[{"not_picked":["Lizard Tail","Cursed Key"],"picked":"Ectoplasm"},{"not_picked":["Calling Bell","Empty Cage"],"picked":"Sozu"}],"items_purged_floors":[5,21],"is_endless":false,"potions_floor_spawned":[3,10,14,22,23,31,33,35,37,39],"ascension_level":9}