{"gold_per_floor":[112,123,123,135,148,148,3,34,113,129,148,148,148,72,72,168,168,185,200,30,30,47,47],"floor_reached":23,"playtime":1581,"items_purged":["Strike_G"],"score":222,"play_id":"bb9d8785-b929-4a87-9253-d6a8a3410410","local_time":"20181018230827","is_ascension_mode":true,"campfire_choices":[{"data":"Footwork","floor":6,"key":"SMITH"},{"floor":13,"key":"REST"},{"data":"Terror","floor":15,"key":"SMITH"}],"neow_cost":"NONE","seed_source_timestamp":0,"circlet_count":0,"master_deck":["Defend_G","Defend_G","Defend_G","Defend_G","Defend_G","Strike_G","Strike_G","Survivor","Neutralize","Noxious Fumes","Footwork+1","Well Laid Plans","Escape Plan","Catalyst","Poisoned Stab","Terror+1","Footwork","Corpse Explosion","Sucker Punch","Apotheosis","Dagger Spray+1"],"special_seed":0,"relics":["Ring of the Snake","Incense Burner","Letter Opener","Lizard Tail"],"potions_floor_usage":[8,16,16,23],"damage_taken":[{"damage":0,"enemies":"2 Louse","floor":1,"turns":3},{"damage":0,"enemies":"Jaw Worm","floor":2,"turns":4},{"damage":0,"enemies":"Cultist","floor":4,"turns":4},{"damage":1,"enemies":"Looter","floor":5,"turns":5},{"damage":47,"enemies":"Gremlin Nob","floor":8,"turns":6},{"damage":9,"enemies":"3 Louse","floor":10,"turns":3},{"damage":0,"enemies":"Exordium Thugs","floor":11,"turns":5},{"damage":15,"enemies":"Slime Boss","floor":16,"turns":11},{"damage":15,"enemies":"Chosen","floor":18,"turns":5},{"damage":17,"enemies":"2 Thieves","floor":19,"turns":4},{"damage":79,"enemies":"Chosen and Byrds","floor":22,"turns":9},{"damage":10,"enemies":"Book of Stabbing","floor":23,"turns":2}],"seed_played":"650081666792949523","potions_obtained":[{"floor":4,"key":"Swift Potion"},{"floor":8,"key":"EssenceOfSteel"},{"floor":11,"key":"AttackPotion"},{"floor":22,"key":"Weak Potion"}],"is_trial":false,"path_per_floor":["M","M","?","M","M","R","$","E","T","M","M","?","R","$","R","B",null,"M","M","$","?","M"],"character_chosen":"THE_SILENT","items_purchased":["Catalyst","Footwork","Apotheosis"],"campfire_rested":1,"item_purchase_floors":[7,14,20],"current_hp_per_floor":[70,70,70,70,69,69,69,22,22,13,13,18,40,40,40,25,75,60,43,43,43,10,0],"gold":47,"neow_bonus":"THREE_CARDS","is_prod":false,"is_daily":false,"chose_seed":false,"campfire_upgraded":2,"win_rate":0,"timestamp":1539922107,"path_taken":["M","M","?","M","M","R","?","E","T","M","M","?","R","$","R","BOSS","M","M","$","?","?","E"],"build_version":"2018-10-18","purchased_purges":1,"victory":false,"max_hp_per_floor":[70,70,70,70,70,70,70,70,70,70,70,75,75,75,75,75,75,75,75,75,75,75,75],"card_choices":[{"not_picked":["Backflip","PiercingWail"],"picked":"Noxious Fumes","floor":0},{"not_picked":["PiercingWail","Dodge and Roll","Underhanded Strike"],"picked":"SKIP","floor":1},{"not_picked":["Noxious Fumes","Dodge and Roll"],"picked":"Footwork","floor":2},{"not_picked":["Slice","Setup"],"picked":"Well Laid Plans","floor":4},{"not_picked":["Distraction","Eviscerate"],"picked":"Escape Plan","floor":5},{"not_picked":["Backflip","Accuracy"],"picked":"Poisoned Stab","floor":8},{"not_picked":["Prepared","Eviscerate","Caltrops"],"picked":"SKIP","floor":10},{"not_picked":["Poisoned Stab","A Thousand Cuts"],"picked":"Terror","floor":11},{"not_picked":["Phantasmal Killer","Burst"],"picked":"Corpse Explosion","floor":16},{"not_picked":["Deflect","Terror"],"picked":"Sucker Punch","floor":18},{"not_picked":["Deflect","Dodge and Roll","Tactician"],"picked":"SKIP","floor":19},{"not_picked":["Cloak And Dagger","PiercingWail"],"picked":"Dagger Spray+1","floor":22}],"player_experience":442927,"relics_obtained":[{"floor":8,"key":"Incense Burner"},{"floor":9,"key":"Letter Opener"}],"event_choices":[{"cards_removed":["Strike_G"],"damage_healed":0,"gold_gain":0,"player_choice":"Forget","damage_taken":0,"max_hp_gain":0,"max_hp_loss":0,"event_name":"Living Wall","floor":3,"gold_loss":0},{"damage_healed":0,"gold_gain":0,"player_choice":"Donut","damage_taken":0,"max_hp_gain":5,"max_hp_loss":0,"event_name":"Big Fish","floor":12,"gold_loss":0},{"cards_removed":["Strike_G"],"damage_healed":0,"gold_gain":0,"player_choice":"Card Removal","damage_taken":0,"max_hp_gain":0,"max_hp_loss":0,"event_name":"Wheel of Change","floor":21,"gold_loss":0}],"is_beta":false,"boss_relics":[{"not_picked":["Coffee Dripper","Calling Bell"],"picked":"Lizard Tail"}],"items_purged_floors":[7],"is_endless":false,"potions_floor_spawned":[4,8,11,22],"killed_by":"Book of Stabbing","ascension_level":3}