{"gold_per_floor":[118,80,90,90,90,90,100,100,100,110,130,130,158,85,85,190,190,206,206,206,0,0,0,17,52,101,101,120,120,120,132,132,237,237,254,254,254,272,233,233,160,160,160,172,183,0,13,40,40,40],"floor_reached":51,"playtime":7813,"items_purged":[],"score":829,"play_id":"5868c392-ab1e-4527-9b32-37ecd72df6db","local_time":"20190113233116","is_ascension_mode":true,"campfire_choices":[{"data":"Conserve Battery","floor":6,"key":"SMITH"},{"data":"Doom and Gloom","floor":8,"key":"SMITH"},{"data":"Dualcast","floor":12,"key":"SMITH"},{"data":"Defragment","floor":15,"key":"SMITH"},{"data":"Fission","floor":23,"key":"SMITH"},{"floor":27,"key":"REST"},{"data":"Leap","floor":29,"key":"SMITH"},{"data":"Redo","floor":32,"key":"SMITH"},{"data":"Tempest","floor":40,"key":"SMITH"},{"data":"Defragment","floor":42,"key":"SMITH"},{"floor":49,"key":"REST"}],"neow_cost":"NONE","seed_source_timestamp":88582252806125,"circlet_count":0,"master_deck":["Strike_B+1","Strike_B+1","Strike_B+1","Strike_B+1","Defend_B+1","Defend_B+1","Defend_B+1","Defend_B+1","Zap+1","Dualcast+1","Conserve Battery+1","Doom and Gloom+1","Redo+1","Cold Snap","Defragment+1","Fission+1","Rebound","BootSequence","Tempest+1","Leap+1","Streamline+1","Fission","Barrage+1","Glacier+1","Sunder","Defragment+1","Ball Lightning","Defragment+1"],"relics":["Cracked Core","Pantograph","StoneCalendar","Nuclear Battery","Bottled Lightning","Dream Catcher","Sozu","Symbiotic Virus","Red Mask","Bag of Preparation"],"potions_floor_usage":[25,33,45,50],"damage_taken":[{"damage":7,"enemies":"Small Slimes","floor":1,"turns":3},{"damage":5,"enemies":"Jaw Worm","floor":3,"turns":3},{"damage":10,"enemies":"2 Louse","floor":7,"turns":2},{"damage":3,"enemies":"Blue Slaver","floor":10,"turns":3},{"damage":10,"enemies":"Exordium Wildlife","floor":11,"turns":3},{"damage":15,"enemies":"3 Sentries","floor":13,"turns":4},{"damage":56,"enemies":"Slime Boss","floor":16,"turns":7},{"damage":7,"enemies":"Chosen","floor":18,"turns":6},{"damage":0,"enemies":"3 Byrds","floor":24,"turns":3},{"damage":25,"enemies":"Book of Stabbing","floor":25,"turns":5},{"damage":0,"enemies":"Centurion and Healer","floor":28,"turns":5},{"damage":2,"enemies":"Snecko","floor":31,"turns":3},{"damage":72,"enemies":"Champ","floor":33,"turns":8},{"damage":0,"enemies":"3 Shapes","floor":35,"turns":2},{"damage":0,"enemies":"Orb Walker","floor":38,"turns":3},{"damage":17,"enemies":"Sphere and 2 Shapes","floor":44,"turns":3},{"damage":6,"enemies":"3 Darklings","floor":45,"turns":3},{"damage":6,"enemies":"Jaw Worm Horde","floor":47,"turns":4},{"damage":28,"enemies":"Reptomancer","floor":48,"turns":7},{"damage":92,"enemies":"Awakened One","floor":50,"turns":15}],"seed_played":"-1836921833754771503","potions_obtained":[{"floor":3,"key":"LiquidBronze"},{"floor":10,"key":"Regen Potion"},{"floor":16,"key":"Energy Potion"},{"floor":33,"key":"Block Potion"}],"is_trial":false,"path_per_floor":["M","?","M","?","?","R","M","R","T","M","M","R","E","$","R","B",null,"M","?","?","?","?","R","M","E","T","R","M","R","?","M","R","B",null,"M","?","?","M","$","R","$","R","T","M","M","?","M","E","R","B",null],"character_chosen":"DEFECT","items_purchased":["Defragment","Sunder","Defragment"],"campfire_rested":2,"item_purchase_floors":[14,39,41],"current_hp_per_floor":[75,75,70,75,75,75,65,65,65,62,52,52,37,37,37,6,67,67,67,50,50,50,50,50,25,25,52,52,52,52,50,50,3,70,70,70,92,92,92,92,92,92,92,75,69,69,63,35,62,10],"gold":40,"neow_bonus":"TEN_PERCENT_HP_BONUS","is_prod":false,"is_daily":false,"chose_seed":false,"campfire_upgraded":9,"win_rate":0,"timestamp":1547443876,"path_taken":["M","?","M","?","?","R","M","R","T","M","M","R","E","?","R","BOSS","M","?","?","?","?","R","M","E","T","R","?","R","?","M","R","BOSS","M","?","?","M","$","R","$","R","T","M","?","?","M","E","R","BOSS"],"build_version":"2019-01-10","purchased_purges":0,"victory":true,"max_hp_per_floor":[82,82,82,87,87,87,87,87,87,87,87,87,87,87,87,87,87,87,87,92,92,92,92,92,92,92,92,92,92,92,92,92,92,92,92,92,92,92,92,92,92,92,92,92,92,92,92,92,92,92],"card_choices":[{"not_picked":["Coolheaded","Steam"],"picked":"Conserve Battery","floor":1},{"not_picked":["Static Discharge","Gash","Compile Driver"],"picked":"SKIP","floor":3},{"not_picked":["Compile Driver","Static Discharge"],"picked":"Doom and Gloom","floor":7},{"not_picked":["Turbo","Steam"],"picked":"Redo","floor":10},{"not_picked":["All For One","Barrage"],"picked":"Self Repair","floor":11},{"not_picked":["Hyperbeam","Compile Driver"],"picked":"Cold Snap","floor":13},{"not_picked":["Core Surge","Multi-Cast"],"picked":"Fission","floor":16},{"not_picked":["Self Repair","Barrage+1"],"picked":"Rebound","floor":18},{"not_picked":["Stack","Compile Driver+1"],"picked":"BootSequence","floor":24},{"not_picked":["Barrage","Genetic Algorithm+1"],"picked":"Tempest","floor":25},{"not_picked":["Consume","Redo"],"picked":"Leap","floor":27},{"not_picked":["Double Energy","Rebound","Steam+1"],"picked":"SKIP","floor":28},{"not_picked":["Cold Snap","Go for the Eyes"],"picked":"Streamline+1","floor":31},{"not_picked":["Creative AI","Multi-Cast"],"picked":"Fission","floor":33},{"not_picked":["Steam+1","Chill+1"],"picked":"Barrage+1","floor":35},{"not_picked":["Steam+1","Force Field"],"picked":"Glacier+1","floor":38},{"not_picked":["Coolheaded","Recycle","Compile Driver+1"],"picked":"SKIP","floor":44},{"not_picked":["Blizzard","Rip and Tear"],"picked":"Ball Lightning","floor":45},{"not_picked":["Auto Shields","Go for the Eyes+1"],"picked":"Defragment+1","floor":47},{"not_picked":["Chaos","Compile Driver","Gash+1"],"picked":"SKIP","floor":48}],"player_experience":654343,"relics_obtained":[{"floor":9,"key":"Pantograph"},{"floor":13,"key":"StoneCalendar"},{"floor":25,"key":"Bottled Lightning"},{"floor":26,"key":"Dream Catcher"},{"floor":43,"key":"Symbiotic Virus"},{"floor":48,"key":"Bag of Preparation"}],"event_choices":[{"damage_healed":0,"gold_gain":0,"player_choice":"Left Gold","damage_taken":0,"max_hp_gain":0,"max_hp_loss":0,"event_name":"World of Goop","floor":2,"gold_loss":38},{"damage_healed":0,"gold_gain":0,"player_choice":"Donut","damage_taken":0,"max_hp_gain":5,"max_hp_loss":0,"event_name":"Big Fish","floor":4,"gold_loss":0},{"damage_healed":0,"gold_gain":0,"player_choice":"Grow","damage_taken":0,"max_hp_gain":0,"max_hp_loss":0,"event_name":"Living Wall","floor":5,"gold_loss":0,"cards_upgraded":["Zap"]},{"damage_healed":0,"gold_gain":0,"player_choice":"Simplicity","damage_taken":0,"max_hp_gain":0,"max_hp_loss":0,"event_name":"Back to Basics","floor":19,"gold_loss":0,"cards_upgraded":["Strike_B","Strike_B","Strike_B","Strike_B","Defend_B","Defend_B","Defend_B","Defend_B"]},{"damage_healed":0,"gold_gain":0,"player_choice":"Shed Blood","damage_taken":22,"max_hp_gain":5,"max_hp_loss":0,"event_name":"Forgotten Altar","floor":20,"gold_loss":0},{"damage_healed":0,"gold_gain":0,"player_choice":"Paid Fearfully","damage_taken":0,"max_hp_gain":0,"max_hp_loss":0,"event_name":"Masked Bandits","floor":21,"gold_loss":206},{"cards_removed":["Self Repair"],"damage_healed":0,"gold_gain":0,"player_choice":"Purged","damage_taken":0,"max_hp_gain":0,"max_hp_loss":0,"event_name":"Purifier","floor":22,"gold_loss":0},{"damage_healed":0,"gold_gain":0,"player_choice":"Ignored","damage_taken":0,"max_hp_gain":0,"max_hp_loss":0,"event_name":"Cursed Tome","floor":30,"gold_loss":0},{"damage_healed":0,"gold_gain":0,"player_choice":"Ignored","damage_taken":0,"max_hp_gain":0,"max_hp_loss":0,"event_name":"Mysterious Sphere","floor":36,"gold_loss":0},{"damage_healed":22,"gold_gain":0,"player_choice":"Full Heal","damage_taken":0,"max_hp_gain":0,"max_hp_loss":0,"event_name":"Wheel of Change","floor":37,"gold_loss":0},{"damage_healed":0,"gold_gain":0,"player_choice":"Paid","damage_taken":0,"relics_obtained":["Red Mask"],"max_hp_gain":0,"max_hp_loss":0,"event_name":"Tomb of Lord Red Mask","floor":46,"gold_loss":183}],"is_beta":false,"boss_relics":[{"not_picked":["Runic Dome","Orrery"],"picked":"Nuclear Battery"},{"not_picked":["White Beast Statue","Busted Crown"],"picked":"Sozu"}],"items_purged_floors":[],"is_endless":false,"potions_floor_spawned":[3,10,16,24,25,33,38,45,48],"ascension_level":5}