{"gold_per_floor":[117,132,132,57,57,57,77,77,77,87,87,118,118,130,130,130],"floor_reached":16,"playtime":638,"items_purged":["Strike_B"],"score":110,"play_id":"8b9b46ee-df76-4ba9-8f5e-3f891038dbcf","local_time":"20181010230903","is_ascension_mode":true,"campfire_choices":[{"data":"Zap","floor":6,"key":"SMITH"},{"data":"Dualcast","floor":8,"key":"SMITH"},{"floor":13,"key":"REST"},{"data":"Blizzard","floor":15,"key":"SMITH"}],"neow_cost":"NONE","seed_source_timestamp":1833772356694659,"circlet_count":0,"master_deck":["Strike_B","Strike_B","Defend_B","Defend_B","Defend_B","Zap+1","Dualcast+1","Blizzard+1","Auto Shields","Ball Lightning","Skim","Glacier+1","Streamline"],"relics":["Cracked Core","GremlinMask","Toxic Egg 2","Du-Vu Doll"],"potions_floor_usage":[],"damage_taken":[{"damage":2,"enemies":"Jaw Worm","floor":1,"turns":4},{"damage":3,"enemies":"2 Louse","floor":2,"turns":3},{"damage":7,"enemies":"Small Slimes","floor":7,"turns":3},{"damage":9,"enemies":"Gremlin Gang","floor":10,"turns":4},{"damage":24,"enemies":"Lagavulin","floor":12,"turns":6},{"damage":5,"enemies":"Large Slime","floor":14,"turns":7},{"damage":21,"enemies":"The Guardian","floor":16,"turns":3}],"seed_played":"1236870764085783207","potions_obtained":[{"floor":12,"key":"SteroidPotion"},{"floor":14,"key":"EssenceOfSteel"}],"is_trial":false,"path_per_floor":["M","M","?","$","?","R","M","R","T","M","$","E","R","M","R"],"character_chosen":"DEFECT","items_purchased":[],"campfire_rested":1,"item_purchase_floors":[],"current_hp_per_floor":[73,70,63,63,63,63,56,56,56,47,47,23,45,40,40,19],"gold":130,"neow_bonus":"TRANSFORM_CARD","is_prod":false,"is_daily":false,"chose_seed":false,"campfire_upgraded":3,"win_rate":0,"timestamp":1539230943,"path_taken":["M","M","?","$","?","R","?","R","T","M","$","E","R","M","R","BOSS"],"build_version":"2018-10-04v2","purchased_purges":1,"victory":false,"max_hp_per_floor":[75,75,75,75,75,75,75,75,75,75,75,75,75,75,75,75],"card_choices":[{"not_picked":["Compile Driver","Go for the Eyes"],"picked":"Auto Shields","floor":1},{"not_picked":["Beam Cell","Hello World"],"picked":"Ball Lightning","floor":2},{"not_picked":["Beam Cell","Go for the Eyes"],"picked":"Skim","floor":7},{"not_picked":["Steam Power+1","Sweeping Beam","Skim+1"],"picked":"SKIP","floor":10},{"not_picked":["Defragment","Scrape"],"picked":"Glacier+1","floor":12},{"not_picked":["Barrage","Rebound"],"picked":"Streamline","floor":14}],"player_experience":430414,"relics_obtained":[{"floor":9,"key":"Toxic Egg 2"},{"floor":12,"key":"Du-Vu Doll"}],"event_choices":[{"event_name":"Golden Wing","player_choice":"Card Removal","floor":3,"damage_taken":0},{"event_name":"FaceTrader","player_choice":"Trade","floor":5,"damage_taken":0}],"is_beta":false,"boss_relics":[],"items_purged_floors":[4],"is_endless":false,"potions_floor_spawned":[12,14],"killed_by":"The Guardian","ascension_level":2}