{"gold_per_floor":[110,29,29,47,65,100,100,100,100,100,115,40,59,69,69,164,164,164,164,164,164,164,164,164,164,164,15,15,15,15,15,15,15],"floor_reached":33,"playtime":1629,"items_purged":["Strike_R","Writhe"],"score":314,"play_id":"033bc1e0-cc93-4a7c-86e7-272b376e6c02","local_time":"20181030155755","is_ascension_mode":true,"campfire_choices":[{"data":"Uppercut","floor":8,"key":"SMITH"},{"data":"Bash","floor":10,"key":"SMITH"},{"data":"True Grit","floor":15,"key":"SMITH"},{"data":"Whirlwind","floor":23,"key":"SMITH"},{"data":"Flame Barrier","floor":25,"key":"SMITH"},{"floor":32,"key":"REST"}],"neow_cost":"NONE","seed_source_timestamp":566510449062224,"circlet_count":0,"master_deck":["Strike_R","Strike_R","Strike_R","Strike_R","Defend_R","Defend_R","Defend_R","Defend_R","Bash+1","Clash","Uppercut+1","Rampage","Whirlwind+1","Immolate","Pommel Strike+1","Flame Barrier+1","True Grit+1","Feed+1","Shrug It Off+1","RitualDagger+1","Disarm","Shrug It Off+1","Rage+1","Cleave+1","Flex+1","Shrug It Off+1"],"relics":["Burning Blood","NeowsBlessing","Letter Opener","Art of War","Molten Egg 2","Ectoplasm","Happy Flower","Question Card","Toxic Egg 2","Dream Catcher"],"potions_floor_usage":[18,18,28],"damage_taken":[{"damage":0,"enemies":"Small Slimes","floor":1,"turns":1},{"damage":0,"enemies":"2 Louse","floor":4,"turns":1},{"damage":0,"enemies":"Cultist","floor":5,"turns":1},{"damage":36,"enemies":"Lagavulin","floor":6,"turns":6},{"damage":9,"enemies":"Large Slime","floor":11,"turns":5},{"damage":4,"enemies":"Blue Slaver","floor":13,"turns":2},{"damage":0,"enemies":"3 Louse","floor":14,"turns":1},{"damage":40,"enemies":"The Guardian","floor":16,"turns":11},{"damage":6,"enemies":"3 Byrds","floor":18,"turns":2},{"damage":17,"enemies":"Shell Parasite","floor":22,"turns":4},{"damage":22,"enemies":"Gremlin Leader","floor":24,"turns":5},{"damage":18,"enemies":"Book of Stabbing","floor":28,"turns":4},{"damage":22,"enemies":"Snake Plant","floor":29,"turns":4},{"damage":9,"enemies":"Centurion and Healer","floor":31,"turns":4},{"damage":54,"enemies":"Automaton","floor":33,"turns":6}],"seed_played":"1150481074434361166","potions_obtained":[{"floor":4,"key":"SteroidPotion"},{"floor":6,"key":"Poison Potion"},{"floor":13,"key":"Explosive Potion"},{"floor":14,"key":"Fire Potion"},{"floor":18,"key":"Strength Potion"},{"floor":31,"key":"SpeedPotion"}],"is_trial":false,"path_per_floor":["M","$","?","M","M","E","?","R","T","R","M","$","M","M","R","B",null,"M","?","?","?","M","R","E","R","T","$","E","M","?","M","R"],"character_chosen":"IRONCLAD","items_purchased":["Uppercut","Shrug It Off+1"],"campfire_rested":1,"item_purchase_floors":[2,27],"current_hp_per_floor":[80,80,80,80,80,50,47,47,47,47,44,44,46,52,52,18,80,80,80,80,74,63,63,47,47,47,47,35,19,19,20,45,0],"gold":15,"neow_bonus":"THREE_ENEMY_KILL","is_prod":false,"is_daily":false,"chose_seed":false,"campfire_upgraded":5,"win_rate":0,"timestamp":1540933075,"path_taken":["M","$","?","M","?","E","?","R","T","R","M","$","M","M","R","BOSS","M","?","?","?","?","R","E","R","T","$","E","M","?","M","R","BOSS"],"build_version":"2018-10-25v2","purchased_purges":2,"victory":false,"max_hp_per_floor":[80,80,80,80,80,80,80,80,80,80,80,80,80,80,80,80,80,80,80,80,80,80,80,80,80,80,80,80,80,80,84,84,84],"card_choices":[{"not_picked":["Thunderclap","Perfected Strike"],"picked":"Clash","floor":1},{"not_picked":["Anger","Twin Strike"],"picked":"Rampage","floor":4},{"not_picked":["Hemokinesis","Pommel Strike"],"picked":"Whirlwind","floor":5},{"not_picked":["Clothesline","Twin Strike"],"picked":"Immolate","floor":6},{"not_picked":["Uppercut+1","Thunderclap+1"],"picked":"Pommel Strike+1","floor":11},{"not_picked":["Hemokinesis+1","Sword Boomerang+1"],"picked":"Flame Barrier","floor":13},{"not_picked":["Anger+1","Warcry"],"picked":"True Grit","floor":14},{"not_picked":["Limit Break","Offering"],"picked":"Feed+1","floor":16},{"not_picked":["Hemokinesis+1","Iron Wave+1"],"picked":"Shrug It Off+1","floor":18},{"not_picked":["Intimidate","Seeing Red+1","Infernal Blade"],"picked":"SKIP","floor":22},{"not_picked":["Sever Soul+1","Clothesline+1"],"picked":"Disarm","floor":24},{"not_picked":["Evolve","Metallicize","Shrug It Off+1"],"picked":"Rage+1","floor":28},{"not_picked":["Sever Soul+1","Rupture","Inflame"],"picked":"Cleave+1","floor":29},{"not_picked":["Twin Strike+1","Sword Boomerang+1","Cleave+1"],"picked":"Flex+1","floor":31},{"not_picked":["Headbutt+1","Berserk","Intimidate+1"],"picked":"Shrug It Off+1","floor":32}],"player_experience":457664,"relics_obtained":[{"floor":6,"key":"Letter Opener"},{"floor":9,"key":"Molten Egg 2"},{"floor":24,"key":"Question Card"},{"floor":26,"key":"Toxic Egg 2"},{"floor":28,"key":"Dream Catcher"}],"event_choices":[{"damage_healed":0,"gold_gain":0,"player_choice":"Leave","damage_taken":0,"max_hp_gain":0,"max_hp_loss":0,"event_name":"The Cleric","floor":3,"gold_loss":0},{"damage_healed":0,"gold_gain":0,"player_choice":"Success","damage_taken":3,"relics_obtained":["Art of War"],"max_hp_gain":0,"max_hp_loss":0,"event_name":"Scrap Ooze","floor":7,"gold_loss":0},{"damage_healed":0,"gold_gain":0,"player_choice":"Ignored","damage_taken":0,"max_hp_gain":0,"max_hp_loss":0,"event_name":"Vampires","floor":19,"gold_loss":0},{"damage_healed":0,"gold_gain":0,"player_choice":"Opened","damage_taken":0,"relics_obtained":["Happy Flower"],"max_hp_gain":0,"max_hp_loss":0,"event_name":"The Mausoleum","floor":20,"gold_loss":0,"cards_obtained":["Writhe"]},{"damage_healed":0,"gold_gain":0,"player_choice":"Joined the Cult","damage_taken":6,"max_hp_gain":0,"max_hp_loss":0,"event_name":"Nest","floor":21,"gold_loss":0,"cards_obtained":["RitualDagger"]},{"damage_healed":0,"gold_gain":100,"player_choice":"Pray","damage_taken":0,"max_hp_gain":0,"max_hp_loss":0,"event_name":"Golden Shrine","floor":30,"gold_loss":0}],"is_beta":false,"boss_relics":[{"not_picked":["Runic Pyramid","Fusion Hammer"],"picked":"Ectoplasm"}],"items_purged_floors":[12,27],"is_endless":false,"potions_floor_spawned":[4,6,13,14,18,31],"killed_by":"Automaton","ascension_level":2}