{"gold_per_floor":[117,137,154,42,59,87,87,102,102,102,116,116,134,144,144,249,249,259,159,159,172,186,212,212,212,259,285,285,296,308,328,328,431,431,451,326,343,357,370,370,370,370,451,451,463,479,479,140,140,140],"floor_reached":51,"playtime":3339,"items_purged":["Strike_R","Strike_R","Strike_R"],"score":745,"play_id":"3b2fa4c1-81cd-4516-ad22-0f403d09d45e","local_time":"20180905220919","is_ascension_mode":false,"campfire_choices":[{"data":"Body Slam","floor":7,"key":"SMITH"},{"data":"Inflame","floor":10,"key":"SMITH"},{"data":"Shrug It Off","floor":12,"key":"SMITH"},{"data":"Carnage","floor":15,"key":"SMITH"},{"data":"Double Tap","floor":24,"key":"SMITH"},{"floor":32,"key":"REST"},{"data":"J.A.X.","floor":40,"key":"SMITH"},{"data":"Ghostly Armor","floor":42,"key":"SMITH"},{"data":"Battle Trance","floor":44,"key":"SMITH"},{"floor":49,"key":"REST"}],"neow_cost":"PERCENT_DAMAGE","seed_source_timestamp":272620307528964,"circlet_count":0,"master_deck":["Strike_R","Strike_R","Defend_R","Defend_R","Defend_R","Defend_R","Bash","Body Slam+1","Cleave","Inflame+1","Intimidate","Battle Trance+1","Shrug It Off+1","Clash","Carnage+1","Double Tap+1","J.A.X.+1","Ghostly Armor+1","Flex+1","Ghostly Armor+1"],"relics":["Burning Blood","Ginger","Happy Flower","Oddly Smooth Stone","Busted Crown","Omamori","Ancient Tea Set","Letter Opener","Sozu","Unceasing Top","Tiny Chest","Regal Pillow","Pen Nib","DollysMirror"],"potions_floor_usage":[2,2,6,8,23,27,33,50,50],"damage_taken":[{"damage":1,"enemies":"Cultist","floor":1,"turns":4},{"damage":5,"enemies":"Small Slimes","floor":2,"turns":5},{"damage":11,"enemies":"Jaw Worm","floor":3,"turns":3},{"damage":7,"enemies":"Looter","floor":5,"turns":4},{"damage":20,"enemies":"3 Sentries","floor":6,"turns":8},{"damage":2,"enemies":"Large Slime","floor":8,"turns":5},{"damage":3,"enemies":"Red Slaver","floor":11,"turns":3},{"damage":0,"enemies":"3 Louse","floor":13,"turns":2},{"damage":0,"enemies":"Blue Slaver","floor":14,"turns":3},{"damage":0,"enemies":"Slime Boss","floor":16,"turns":8},{"damage":0,"enemies":"Spheric Guardian","floor":18,"turns":3},{"damage":0,"enemies":"Chosen","floor":21,"turns":3},{"damage":3,"enemies":"Centurion and Healer","floor":22,"turns":5},{"damage":23,"enemies":"Book of Stabbing","floor":23,"turns":4},{"damage":25,"enemies":"Slavers","floor":27,"turns":4},{"damage":18,"enemies":"Snake Plant","floor":29,"turns":2},{"damage":4,"enemies":"3 Cultists","floor":30,"turns":4},{"damage":4,"enemies":"Centurion and Healer","floor":31,"turns":5},{"damage":48,"enemies":"Champ","floor":33,"turns":8},{"damage":6,"enemies":"3 Shapes","floor":35,"turns":3},{"damage":14,"enemies":"Orb Walker","floor":37,"turns":3},{"damage":9,"enemies":"3 Darklings","floor":38,"turns":3},{"damage":7,"enemies":"4 Shapes","floor":39,"turns":6},{"damage":3,"enemies":"Mind Bloom Boss Battle","floor":41,"turns":3},{"damage":27,"enemies":"Sphere and 2 Shapes","floor":45,"turns":4},{"damage":3,"enemies":"Transient","floor":46,"turns":5},{"damage":48,"enemies":"Awakened One","floor":50,"turns":8}],"seed_played":"-1372000416838171350","potions_obtained":[{"floor":1,"key":"EntropicBrew"},{"floor":3,"key":"EssenceOfSteel"},{"floor":14,"key":"Weak Potion"},{"floor":16,"key":"SkillPotion"},{"floor":27,"key":"Dexterity Potion"},{"floor":29,"key":"SpeedPotion"}],"is_trial":false,"path_per_floor":["M","M","M","$","M","E","R","M","T","R","M","R","M","M","R","B",null,"M","$","?","M","M","E","R","?","T","E","?","M","M","M","R","B",null,"M","$","M","M","M","R","?","R","T","R","M","M","T","$","R","B"],"character_chosen":"IRONCLAD","items_purchased":["Inflame","Pen Nib","DollysMirror"],"campfire_rested":2,"item_purchase_floors":[4,48,48],"current_hp_per_floor":[61,62,57,57,56,42,42,46,46,46,49,49,55,61,61,67,80,80,80,80,80,80,63,63,63,63,44,44,32,34,36,60,18,80,80,80,72,69,68,68,71,71,71,71,50,53,53,53,80,38],"gold":140,"neow_bonus":"ONE_RARE_RELIC","is_prod":false,"is_daily":false,"chose_seed":false,"campfire_upgraded":8,"win_rate":0,"timestamp":1536203359,"path_taken":["M","M","M","$","?","E","R","M","T","R","M","R","M","M","R","BOSS","M","$","?","M","M","E","R","?","T","E","?","?","M","M","R","BOSS","M","$","M","M","M","R","?","R","T","R","M","M","?","$","R","BOSS"],"build_version":"2018-08-30","purchased_purges":3,"victory":true,"max_hp_per_floor":[80,80,80,80,80,80,80,80,80,80,80,80,80,80,80,80,80,80,80,80,80,80,80,80,80,80,80,80,80,80,80,80,80,80,80,80,80,80,80,80,80,80,80,80,80,80,80,80,80,80],"card_choices":[{"not_picked":["Entrench","Thunderclap"],"picked":"Body Slam","floor":1},{"not_picked":["Burning Pact","Body Slam"],"picked":"Cleave","floor":2},{"not_picked":["Heavy Blade","Sentinel","Clothesline"],"picked":"SKIP","floor":3},{"not_picked":["Reckless Charge","Clothesline"],"picked":"Intimidate","floor":5},{"not_picked":["Sever Soul","Uppercut","True Grit"],"picked":"SKIP","floor":6},{"not_picked":["Disarm","Pommel Strike"],"picked":"Battle Trance","floor":8},{"not_picked":["Twin Strike","True Grit"],"picked":"Shrug It Off","floor":11},{"not_picked":["Body Slam","Fiend Fire"],"picked":"Clash","floor":13},{"not_picked":["Havoc","Cleave"],"picked":"Carnage","floor":14},{"not_picked":["Limit Break","Reaper"],"picked":"Double Tap","floor":16},{"not_picked":["Havoc"],"picked":"SKIP","floor":18},{"not_picked":["Burning Pact"],"picked":"SKIP","floor":21},{"not_picked":["Second Wind"],"picked":"SKIP","floor":22},{"not_picked":["Barricade"],"picked":"SKIP","floor":23},{"not_picked":["Cleave"],"picked":"SKIP","floor":27},{"not_picked":["True Grit"],"picked":"SKIP","floor":29},{"not_picked":["Headbutt"],"picked":"SKIP","floor":30},{"not_picked":["Havoc"],"picked":"SKIP","floor":31},{"not_picked":["Rage"],"picked":"SKIP","floor":35},{"not_picked":[],"picked":"Flex+1","floor":37},{"not_picked":["Battle Trance+1"],"picked":"SKIP","floor":38},{"not_picked":["Shrug It Off+1"],"picked":"SKIP","floor":39},{"not_picked":["Headbutt+1"],"picked":"SKIP","floor":45},{"not_picked":["Power Through"],"picked":"SKIP","floor":46}],"player_experience":298366,"relics_obtained":[{"floor":6,"key":"Happy Flower"},{"floor":9,"key":"Oddly Smooth Stone"},{"floor":23,"key":"Omamori"},{"floor":26,"key":"Ancient Tea Set"},{"floor":27,"key":"Letter Opener"},{"floor":41,"key":"Unceasing Top"},{"floor":43,"key":"Tiny Chest"},{"floor":47,"key":"Regal Pillow"}],"event_choices":[{"event_name":"Drug Dealer","player_choice":"Got JAX","floor":20,"damage_taken":0},{"event_name":"Forgotten Altar","player_choice":"Smashed Altar","floor":25,"damage_taken":0},{"event_name":"The Library","player_choice":"Read","floor":28,"damage_taken":0},{"event_name":"MindBloom","player_choice":"Fight","floor":41,"damage_taken":0}],"is_beta":false,"boss_relics":[{"not_picked":["Ectoplasm","Orrery"],"picked":"Busted Crown"},{"not_picked":["Lizard Tail","Pandora\u0027s Box"],"picked":"Sozu"}],"items_purged_floors":[4,19,36],"is_endless":false,"potions_floor_spawned":[1,3,5,14,16,18,27,29,35,38,41],"ascension_level":0}