{"gold_per_floor":[109,125,125,50,26,61,61,95,95,107,7,7,17,49,49,153,153,153,153,28,28],"floor_reached":21,"playtime":7747,"items_purged":["Defend_R","True Grit","Strike_R"],"score":217,"play_id":"5e6425ae-38d7-4dab-9539-3ca0fcb30fd4","local_time":"20181004193937","is_ascension_mode":true,"campfire_choices":[{"data":"Bash","floor":7,"key":"SMITH"},{"data":"Shrug It Off","floor":12,"key":"SMITH"},{"floor":15,"key":"REST"}],"neow_cost":"NONE","seed_source_timestamp":1291271595432926,"circlet_count":0,"master_deck":["Strike_R","Strike_R","Strike_R","Defend_R","Defend_R","Defend_R","Bash+1","Immolate","Flex","Disarm","Shrug It Off+1","Clothesline","Double Tap","Ghostly Armor","Clash"],"relics":["Burning Blood","WingedGreaves","Art of War","Bottled Lightning","PreservedInsect","Ectoplasm"],"potions_floor_usage":[8,13,14],"damage_taken":[{"damage":7,"enemies":"Jaw Worm","floor":1,"turns":3},{"damage":3,"enemies":"Small Slimes","floor":2,"turns":2},{"damage":13,"enemies":"3 Sentries","floor":6,"turns":3},{"damage":6,"enemies":"Gremlin Nob","floor":8,"turns":3},{"damage":3,"enemies":"Cultist","floor":10,"turns":4},{"damage":16,"enemies":"Exordium Thugs","floor":13,"turns":5},{"damage":25,"enemies":"3 Sentries","floor":14,"turns":7},{"damage":42,"enemies":"Hexaghost","floor":16,"turns":11},{"damage":21,"enemies":"3 Byrds","floor":18,"turns":5},{"damage":0,"enemies":"Chosen","floor":19,"turns":4},{"damage":52,"enemies":"Sentry and Sphere","floor":21,"turns":7}],"seed_played":"-3915354653292080060","potions_obtained":[{"floor":2,"key":"Energy Potion"},{"floor":10,"key":"AttackPotion"},{"floor":13,"key":"Swift Potion"},{"floor":14,"key":"GamblersBrew"},{"floor":16,"key":"SpeedPotion"},{"floor":18,"key":"SpeedPotion"}],"is_trial":false,"path_per_floor":["M","M","?","$","$","E","R","E","T","M","$","R","M","E","R","B",null,"M","M","$"],"character_chosen":"IRONCLAD","items_purchased":["True Grit"],"campfire_rested":1,"item_purchase_floors":[5],"current_hp_per_floor":[79,80,80,80,80,73,73,73,73,76,76,76,66,47,71,35,80,65,71,71,19],"gold":28,"neow_bonus":"ONE_RANDOM_RARE_CARD","is_prod":false,"is_daily":false,"chose_seed":false,"campfire_upgraded":2,"win_rate":0,"timestamp":1538699977,"path_taken":["M","M","?","?","$","E","R","E","T","?","?","R","M","E","R","BOSS","M","M","$","M"],"build_version":"2018-09-27","purchased_purges":3,"victory":false,"max_hp_per_floor":[80,80,80,80,80,80,80,80,80,80,80,80,80,80,80,80,80,80,80,80,80],"card_choices":[{"not_picked":["Sword Boomerang","Metallicize"],"picked":"Flex","floor":1},{"not_picked":["Rupture","Sentinel"],"picked":"Disarm","floor":2},{"not_picked":["Dual Wield","Headbutt"],"picked":"Shrug It Off","floor":6},{"not_picked":["Headbutt","Heavy Blade","Perfected Strike"],"picked":"SKIP","floor":8},{"not_picked":["Whirlwind","Flex","Shrug It Off"],"picked":"SKIP","floor":10},{"not_picked":["Pommel Strike","Havoc"],"picked":"Clothesline","floor":13},{"not_picked":["Armaments","Seeing Red","Intimidate"],"picked":"SKIP","floor":14},{"not_picked":["Brutality","Barricade"],"picked":"Double Tap","floor":16},{"not_picked":["Havoc","Flex"],"picked":"Ghostly Armor","floor":18},{"not_picked":["Thunderclap","Corruption"],"picked":"Clash","floor":19}],"player_experience":364723,"relics_obtained":[{"floor":6,"key":"WingedGreaves"},{"floor":8,"key":"Art of War"},{"floor":9,"key":"Bottled Lightning"},{"floor":14,"key":"PreservedInsect"}],"event_choices":[{"event_name":"Living Wall","player_choice":"Forget","floor":3,"damage_taken":0}],"is_beta":false,"boss_relics":[{"not_picked":["Lizard Tail","White Beast Statue"],"picked":"Ectoplasm"}],"items_purged_floors":[4,11,20],"is_endless":false,"potions_floor_spawned":[2,10,13,14,16,18],"killed_by":"Sentry and Sphere","ascension_level":2}