{"gold_per_floor":[114,114,126,126,51,51,83,83,106,131,131,149,164,198,198,302,302,302,302,133,133,133,133,133,133,133,133,133,133,133,133,133,133,133,133,8,8,8,8,8,8,8,8,8,8,8,8,8,8,8],"floor_reached":51,"playtime":3414,"items_purged":["Defend_G","Strike_G","Strike_G"],"score":758,"play_id":"fb3cee55-5356-43f3-ad68-0b51c740f496","local_time":"20181009221927","is_ascension_mode":true,"campfire_choices":[{"data":"Deflect","floor":6,"key":"SMITH"},{"floor":11,"key":"REST"},{"data":"Defend_G","floor":15,"key":"SMITH"},{"floor":23,"key":"REST"},{"floor":28,"key":"REST"},{"floor":32,"key":"REST"},{"data":"Madness","floor":40,"key":"SMITH"},{"floor":42,"key":"REST"},{"data":"Madness","floor":46,"key":"SMITH"},{"data":"After Image","floor":49,"key":"SMITH"}],"neow_cost":"NONE","seed_source_timestamp":1741598666769646,"circlet_count":0,"master_deck":["Defend_G+1","Defend_G+1","Defend_G","Defend_G","Strike_G","Strike_G","Strike_G","Survivor","Neutralize","Unload","Deflect+1","Terror+1","Backflip","Dagger Throw","After Image+1","Noxious Fumes","Corpse Explosion","Infinite Blades","Accuracy","Bane+1","Calculated Gamble","Skewer","Adrenaline","Madness+1","Madness+1","Dagger Throw+1","Quick Slash+1","Catalyst+1"],"relics":["Ring of the Snake","Snake Skull","War Paint","Bottled Flame","Potion Belt","Ornamental Fan","FossilizedHelix","Ectoplasm","Darkstone Periapt","Oddly Smooth Stone","Busted Crown","Dead Branch","Matryoshka"],"potions_floor_usage":[14,27,33,33,50,50],"damage_taken":[{"damage":7,"enemies":"Small Slimes","floor":1,"turns":3},{"damage":0,"enemies":"Cultist","floor":3,"turns":3},{"damage":20,"enemies":"Gremlin Nob","floor":7,"turns":4},{"damage":12,"enemies":"3 Sentries","floor":10,"turns":12},{"damage":0,"enemies":"2 Louse","floor":12,"turns":1},{"damage":0,"enemies":"Looter","floor":13,"turns":3},{"damage":9,"enemies":"Gremlin Nob","floor":14,"turns":5},{"damage":14,"enemies":"Slime Boss","floor":16,"turns":9},{"damage":0,"enemies":"Shell Parasite","floor":18,"turns":5},{"damage":13,"enemies":"Spheric Guardian","floor":19,"turns":5},{"damage":9,"enemies":"Centurion and Healer","floor":22,"turns":5},{"damage":8,"enemies":"Book of Stabbing","floor":24,"turns":6},{"damage":11,"enemies":"Snake Plant","floor":25,"turns":5},{"damage":14,"enemies":"Chosen and Byrds","floor":27,"turns":5},{"damage":0,"enemies":"Snecko","floor":29,"turns":4},{"damage":2,"enemies":"Sentry and Sphere","floor":30,"turns":6},{"damage":0,"enemies":"Snake Plant","floor":31,"turns":4},{"damage":36,"enemies":"Collector","floor":33,"turns":8},{"damage":0,"enemies":"Orb Walker","floor":35,"turns":3},{"damage":0,"enemies":"3 Shapes","floor":37,"turns":2},{"damage":0,"enemies":"Maw","floor":38,"turns":6},{"damage":18,"enemies":"Mind Bloom Boss Battle","floor":41,"turns":7},{"damage":0,"enemies":"Transient","floor":45,"turns":5},{"damage":0,"enemies":"Sphere and 2 Shapes","floor":47,"turns":4},{"damage":0,"enemies":"Reptomancer","floor":48,"turns":5},{"damage":19,"enemies":"Donu and Deca","floor":50,"turns":6}],"seed_played":"3122072470187086111","potions_obtained":[{"floor":1,"key":"SkillPotion"},{"floor":7,"key":"GhostInAJar"},{"floor":12,"key":"Block Potion"},{"floor":13,"key":"Poison Potion"},{"floor":19,"key":"SkillPotion"},{"floor":22,"key":"SpeedPotion"},{"floor":25,"key":"Strength Potion"},{"floor":30,"key":"Explosive Potion"},{"floor":31,"key":"FairyPotion"},{"floor":35,"key":"Strength Potion"},{"floor":37,"key":"AttackPotion"},{"floor":41,"key":"GhostInAJar"}],"is_trial":false,"path_per_floor":["M","?","M","?","$","R","E","T","T","E","R","M","M","E","R","B",null,"M","M","$","?","M","R","E","M","T","M","R","M","M","M","R","B",null,"M","$","M","M","?","R","?","R","T","$","M","R","M","M","R","B"],"character_chosen":"THE_SILENT","items_purchased":["Accuracy"],"campfire_rested":5,"item_purchase_floors":[20],"current_hp_per_floor":[63,63,63,63,63,63,43,43,43,31,52,52,52,43,43,29,70,70,57,57,44,35,57,49,38,38,24,46,46,44,44,66,30,75,75,75,75,75,66,66,48,70,70,70,70,70,70,70,70,51],"gold":8,"neow_bonus":"ONE_RANDOM_RARE_CARD","is_prod":false,"is_daily":false,"chose_seed":false,"campfire_upgraded":5,"win_rate":0,"timestamp":1539141567,"path_taken":["M","?","M","?","$","R","E","?","T","E","R","?","M","E","R","BOSS","M","M","$","?","M","R","E","?","T","?","R","M","M","M","R","BOSS","M","$","M","M","?","R","?","R","T","$","M","R","?","?","R","BOSS"],"build_version":"2018-10-04v2","purchased_purges":3,"victory":true,"max_hp_per_floor":[70,70,70,70,70,70,70,70,70,70,70,70,70,70,70,70,70,70,70,70,75,75,75,75,75,75,75,75,75,75,75,75,75,75,75,75,75,75,75,75,75,75,75,75,75,75,75,75,75,75],"card_choices":[{"not_picked":["Bouncing Flask","Reflex"],"picked":"Deflect","floor":1},{"not_picked":["Skewer","Deadly Poison"],"picked":"Backflip","floor":3},{"not_picked":["Acrobatics","Deflect","Caltrops"],"picked":"SKIP","floor":7},{"not_picked":["Deadly Poison","Poisoned Stab"],"picked":"Dagger Throw","floor":10},{"not_picked":["PiercingWail","Leg Sweep","Terror"],"picked":"SKIP","floor":12},{"not_picked":["Outmaneuver","Reflex"],"picked":"After Image","floor":13},{"not_picked":["Bane","Backflip"],"picked":"Noxious Fumes","floor":14},{"not_picked":["After Image","Burst"],"picked":"Corpse Explosion","floor":16},{"not_picked":["Acrobatics","Dagger Spray"],"picked":"Infinite Blades","floor":18},{"not_picked":["Poisoned Stab","Blade Dance","Outmaneuver"],"picked":"SKIP","floor":19},{"not_picked":["Dagger Spray","Deadly Poison"],"picked":"Bane+1","floor":22},{"not_picked":["Acrobatics","Predator","PiercingWail+1"],"picked":"SKIP","floor":24},{"not_picked":["Quick Slash","Dodge and Roll","Bane"],"picked":"SKIP","floor":25},{"not_picked":["Backstab","Dagger Spray+1","Noxious Fumes"],"picked":"SKIP","floor":27},{"not_picked":["Deflect+1","Sucker Punch+1","Blade Dance"],"picked":"SKIP","floor":29},{"not_picked":["Cloak And Dagger","Sucker Punch+1"],"picked":"Calculated Gamble","floor":30},{"not_picked":["Backstab","Grand Finale"],"picked":"Skewer","floor":31},{"not_picked":["Unload","Malaise"],"picked":"Adrenaline","floor":33},{"not_picked":["Slice"],"picked":"SKIP","floor":35},{"not_picked":["Flechettes"],"picked":"SKIP","floor":37},{"not_picked":["Riddle With Holes+1"],"picked":"SKIP","floor":38},{"not_picked":[],"picked":"Dagger Throw+1","floor":41},{"not_picked":[],"picked":"Quick Slash+1","floor":45},{"not_picked":["Bane"],"picked":"SKIP","floor":47},{"not_picked":[],"picked":"Catalyst+1","floor":48}],"player_experience":421582,"relics_obtained":[{"floor":7,"key":"War Paint"},{"floor":8,"key":"Bottled Flame"},{"floor":9,"key":"Potion Belt"},{"floor":10,"key":"Ornamental Fan"},{"floor":14,"key":"FossilizedHelix"},{"floor":24,"key":"Darkstone Periapt"},{"floor":26,"key":"Oddly Smooth Stone"},{"floor":41,"key":"Dead Branch"},{"floor":43,"key":"Matryoshka"}],"event_choices":[{"event_name":"Match and Keep!","player_choice":"1 cards matched","floor":2,"damage_taken":0},{"event_name":"WeMeetAgain","player_choice":"Potion","floor":4,"damage_taken":0},{"event_name":"Forgotten Altar","player_choice":"Shed Blood","floor":21,"damage_taken":0},{"event_name":"Winding Halls","player_choice":"Embrace Madness","floor":39,"damage_taken":0},{"event_name":"MindBloom","player_choice":"Fight","floor":41,"damage_taken":0}],"is_beta":false,"boss_relics":[{"not_picked":["Empty Cage","Coffee Dripper"],"picked":"Ectoplasm"},{"not_picked":["Astrolabe","Calling Bell"],"picked":"Busted Crown"}],"items_purged_floors":[5,20,36],"is_endless":false,"potions_floor_spawned":[1,7,12,13,19,22,25,30,31,35,37,41,48],"ascension_level":2}