{"gold_per_floor":[115,125,125,72,87,87,112,112,112,112,142,153,253,269,269,370,370,381,270,270,283,293,321,321,347,372,384],"floor_reached":27,"playtime":1537,"items_purged":["Biased Cognition"],"score":340,"play_id":"8a92f334-68b5-43f6-a040-fd7fb1f88334","local_time":"20181009235745","is_ascension_mode":true,"campfire_choices":[{"data":"Zap","floor":6,"key":"SMITH"},{"floor":8,"key":"REST"},{"data":"Dualcast","floor":10,"key":"SMITH"},{"floor":15,"key":"REST"},{"floor":24,"key":"REST"}],"neow_cost":"NONE","seed_source_timestamp":1749393381718669,"circlet_count":0,"master_deck":["Defend_B","Defend_B","Defend_B","Defend_B","Zap+1","Dualcast+1","Cold Snap","Auto Shields","Ball Lightning","Stack","Leap","Echo Form","Darkness","Rainbow","Defragment","Bite","Bite","Bite","Bite","Bite","Self Repair","Conserve Battery","White Noise+1","Hologram"],"relics":["Cracked Core","Incense Burner","Bronze Scales","Ornamental Fan","Matryoshka","Black Star","Centennial Puzzle","Omamori","Juzu Bracelet","Ancient Tea Set","MawBank","Regal Pillow"],"potions_floor_usage":[16,25,25],"damage_taken":[{"damage":10,"enemies":"Small Slimes","floor":1,"turns":3},{"damage":0,"enemies":"Cultist","floor":2,"turns":3},{"damage":0,"enemies":"2 Louse","floor":5,"turns":2},{"damage":32,"enemies":"Lagavulin","floor":7,"turns":5},{"damage":0,"enemies":"3 Sentries","floor":11,"turns":6},{"damage":4,"enemies":"Lots of Slimes","floor":12,"turns":3},{"damage":8,"enemies":"Large Slime","floor":14,"turns":3},{"damage":31,"enemies":"The Guardian","floor":16,"turns":10},{"damage":5,"enemies":"Shell Parasite","floor":18,"turns":4},{"damage":13,"enemies":"2 Thieves","floor":21,"turns":4},{"damage":12,"enemies":"Sentry and Sphere","floor":22,"turns":5},{"damage":37,"enemies":"Book of Stabbing","floor":23,"turns":6},{"damage":23,"enemies":"Slavers","floor":25,"turns":6},{"damage":30,"enemies":"Gremlin Leader","floor":27,"turns":5}],"seed_played":"-7146904237842342036","potions_obtained":[{"floor":1,"key":"Dexterity Potion"},{"floor":5,"key":"Energy Potion"},{"floor":22,"key":"Fire Potion"},{"floor":23,"key":"Energy Potion"},{"floor":25,"key":"Strength Potion"}],"is_trial":false,"path_per_floor":["M","M","?","$","M","R","E","R","T","R","E","M","?","M","R","B",null,"M","$","?","M","M","E","R","E","T"],"character_chosen":"DEFECT","items_purchased":["Ball Lightning","Defragment"],"campfire_rested":3,"item_purchase_floors":[4,19],"current_hp_per_floor":[65,65,65,65,65,65,33,55,55,55,55,51,51,43,65,34,75,70,70,52,43,39,13,28,18,18,0],"gold":384,"neow_bonus":"ONE_RANDOM_RARE_CARD","is_prod":false,"is_daily":false,"chose_seed":false,"campfire_upgraded":2,"win_rate":0,"timestamp":1539147465,"path_taken":["M","M","?","$","?","R","E","R","T","R","E","M","?","M","R","BOSS","M","$","?","?","M","E","R","E","T","E"],"build_version":"2018-10-04v2","purchased_purges":1,"victory":false,"max_hp_per_floor":[75,75,75,75,75,75,75,75,75,75,75,75,75,75,75,75,75,75,75,52,52,52,52,52,52,52,52],"card_choices":[{"not_picked":["Chill","Darkness"],"picked":"Cold Snap","floor":1},{"not_picked":["Rebound","White Noise"],"picked":"Auto Shields","floor":2},{"not_picked":["Streamline","Go for the Eyes"],"picked":"Stack","floor":5},{"not_picked":["Cold Snap","Rebound"],"picked":"Leap","floor":7},{"not_picked":["Gash","Undo"],"picked":"Echo Form","floor":11},{"not_picked":["Redo","Stack"],"picked":"Darkness","floor":12},{"not_picked":["Compile Driver","Leap","Hologram"],"picked":"SKIP","floor":14},{"not_picked":["Fission","Thunder Strike"],"picked":"Rainbow","floor":16},{"not_picked":["Cold Snap","Beam Cell","Compile Driver"],"picked":"SKIP","floor":18},{"not_picked":["Sweeping Beam+1","Capacitor+1"],"picked":"Self Repair","floor":21},{"not_picked":["Compile Driver","Steam Power+1"],"picked":"Conserve Battery","floor":22},{"not_picked":["Gash+1","Ball Lightning+1"],"picked":"White Noise+1","floor":23},{"not_picked":["Lockon","Stack+1"],"picked":"Hologram","floor":25}],"player_experience":424996,"relics_obtained":[{"floor":7,"key":"Bronze Scales"},{"floor":9,"key":"Ornamental Fan"},{"floor":11,"key":"Matryoshka"},{"floor":23,"key":"Centennial Puzzle"},{"floor":23,"key":"Omamori"},{"floor":25,"key":"Juzu Bracelet"},{"floor":25,"key":"Ancient Tea Set"},{"floor":26,"key":"MawBank"},{"floor":26,"key":"Regal Pillow"}],"event_choices":[{"event_name":"WeMeetAgain","player_choice":"Potion","floor":3,"damage_taken":0},{"event_name":"Wheel of Change","player_choice":"Gold","floor":13,"damage_taken":0},{"event_name":"Vampires","player_choice":"Became a vampire","floor":20,"damage_taken":0}],"is_beta":false,"boss_relics":[{"not_picked":["Philosopher\u0027s Stone","Eternal Feather"],"picked":"Black Star"}],"items_purged_floors":[19],"is_endless":false,"potions_floor_spawned":[1,5,22,23,25],"killed_by":"Gremlin Leader","ascension_level":2}