{"gold_per_floor":[110,127,77,87,101,101,136,136,193,225,287,287],"floor_reached":12,"playtime":670,"items_purged":[],"score":119,"play_id":"5475ab0a-9251-4443-810f-86e26ef8b4b6","local_time":"20190127230337","is_ascension_mode":true,"campfire_choices":[{"data":"Glacier","floor":6,"key":"SMITH"},{"data":"Conserve Battery","floor":8,"key":"SMITH"}],"neow_cost":"NONE","seed_source_timestamp":109163294857086,"circlet_count":0,"master_deck":["Strike_B","Strike_B","Strike_B","Defend_B","Defend_B","Defend_B","Defend_B","Zap","Dualcast","Creative AI","Ball Lightning","Conserve Battery+1","Meteor Strike","Glacier+1","Auto Shields","Storm"],"relics":["Cracked Core","DataDisk","Tiny Chest","Dream Catcher","Blue Candle"],"potions_floor_usage":[7,7,11],"damage_taken":[{"damage":0,"enemies":"Cultist","floor":1,"turns":3},{"damage":0,"enemies":"Small Slimes","floor":2,"turns":3},{"damage":0,"enemies":"Jaw Worm","floor":4,"turns":3},{"damage":7,"enemies":"Looter","floor":5,"turns":4},{"damage":12,"enemies":"Gremlin Nob","floor":7,"turns":4},{"damage":6,"enemies":"Lagavulin","floor":10,"turns":8},{"damage":37,"enemies":"Gremlin Nob","floor":11,"turns":5},{"damage":8,"enemies":"Gremlin Gang","floor":12,"turns":3}],"seed_played":"4211365964120951728","potions_obtained":[{"floor":2,"key":"Block Potion"},{"floor":4,"key":"SteroidPotion"},{"floor":7,"key":"Explosive Potion"},{"floor":11,"key":"Dexterity Potion"}],"is_trial":false,"path_per_floor":["M","M","?","M","M","R","E","R","T","E","?","M"],"character_chosen":"DEFECT","items_purchased":[],"campfire_rested":0,"item_purchase_floors":[],"current_hp_per_floor":[68,68,68,68,61,61,49,49,49,43,6,0],"gold":287,"neow_bonus":"ONE_RANDOM_RARE_CARD","is_prod":false,"is_daily":false,"chose_seed":false,"campfire_upgraded":2,"win_rate":0,"timestamp":1548651817,"path_taken":["M","?","?","M","M","R","E","R","T","E","?","M"],"build_version":"2019-01-23","purchased_purges":0,"victory":false,"max_hp_per_floor":[75,75,75,75,75,75,75,75,75,75,75,75],"card_choices":[{"not_picked":["Beam Cell","Tempest"],"picked":"Ball Lightning","floor":1},{"not_picked":["Go for the Eyes","Gash"],"picked":"Conserve Battery","floor":2},{"not_picked":["Beam Cell","Genetic Algorithm"],"picked":"Meteor Strike","floor":4},{"not_picked":["Compile Driver","Cold Snap"],"picked":"Glacier","floor":5},{"not_picked":["Stack","Thunder Strike","Steam"],"picked":"SKIP","floor":7},{"not_picked":["Conserve Battery","Force Field"],"picked":"Auto Shields","floor":10},{"not_picked":["Consume","Doom and Gloom"],"picked":"Storm","floor":11}],"player_experience":688707,"relics_obtained":[{"floor":7,"key":"DataDisk"},{"floor":9,"key":"Tiny Chest"},{"floor":10,"key":"Dream Catcher"},{"floor":11,"key":"Blue Candle"}],"event_choices":[{"cards_removed":["Strike_B"],"damage_healed":0,"gold_gain":0,"player_choice":"Card Removal","damage_taken":0,"max_hp_gain":0,"max_hp_loss":0,"event_name":"The Cleric","floor":3,"gold_loss":50},{"damage_healed":0,"gold_gain":0,"player_choice":"Searched \u00271\u0027 times","damage_taken":0,"max_hp_gain":0,"max_hp_loss":0,"event_name":"Dead Adventurer","floor":11,"gold_loss":0}],"is_beta":false,"boss_relics":[],"items_purged_floors":[],"is_endless":false,"potions_floor_spawned":[2,4,7,11],"killed_by":"Gremlin Gang","ascension_level":7}