{"gold_per_floor":[109,109,109,109,132,132,146,146,146,146,71,71,109,134,134,134],"floor_reached":16,"playtime":643,"items_purged":["Defend_B"],"score":137,"play_id":"9f2ffce4-6162-4827-9bf5-3be78bac13e0","local_time":"20191007110857","is_ascension_mode":true,"campfire_choices":[{"data":"Zap","floor":6,"key":"SMITH"},{"data":"Undo","floor":10,"key":"SMITH"},{"data":"Dualcast","floor":12,"key":"SMITH"},{"data":"Conserve Battery","floor":15,"key":"SMITH"}],"neow_cost":"NONE","seed_source_timestamp":292744704322500,"circlet_count":0,"master_deck":["Strike_B","Strike_B","Strike_B","Defend_B+1","Defend_B+1","Zap+1","Dualcast+1","Sweeping Beam","Conserve Battery+1","Undo+1","Gash","Sweeping Beam","Leap"],"relics":["Cracked Core","Golden Idol","Singing Bowl","Kunai"],"potions_floor_usage":[16,16],"damage_taken":[{"damage":0,"enemies":"2 Louse","floor":1,"turns":2},{"damage":0,"enemies":"Jaw Worm","floor":5,"turns":3},{"damage":0,"enemies":"Cultist","floor":7,"turns":3},{"damage":4,"enemies":"Lagavulin","floor":13,"turns":5},{"damage":4,"enemies":"Large Slime","floor":14,"turns":4},{"damage":56,"enemies":"Slime Boss","floor":16,"turns":8}],"seed_played":"753721009958103452","potions_obtained":[{"floor":1,"key":"PowerPotion"},{"floor":13,"key":"Weak Potion"},{"floor":14,"key":"Swift Potion"}],"is_trial":false,"path_per_floor":["M","?","?","?","M","R","M","?","T","R","$","R","E","M","R","B"],"character_chosen":"DEFECT","items_purchased":[],"campfire_rested":0,"item_purchase_floors":[],"current_hp_per_floor":[75,75,60,53,53,53,53,53,53,53,53,53,49,45,45,0],"gold":134,"neow_bonus":"TEN_PERCENT_HP_BONUS","is_prod":false,"is_daily":false,"chose_seed":false,"campfire_upgraded":4,"win_rate":0,"timestamp":1570464537,"path_taken":["M","?","?","?","M","R","?","?","T","R","$","R","E","?","R","BOSS"],"build_version":"2019-07-17","purchased_purges":1,"victory":false,"max_hp_per_floor":[82,76,76,76,76,76,76,76,76,76,76,76,76,76,76,76],"card_choices":[{"not_picked":["Heatsinks","Beam Cell"],"picked":"Sweeping Beam","floor":1},{"not_picked":["Go for the Eyes","Cold Snap"],"picked":"Conserve Battery","floor":5},{"not_picked":["Hologram","Streamline"],"picked":"Undo","floor":7},{"not_picked":["Steam","Stack"],"picked":"Sweeping Beam","floor":13},{"not_picked":["Hologram","Static Discharge"],"picked":"Leap","floor":14}],"player_experience":800434,"relics_obtained":[{"floor":9,"key":"Singing Bowl"},{"floor":13,"key":"Kunai"}],"event_choices":[{"damage_healed":0,"gold_gain":0,"player_choice":"Lose Max HP","damage_taken":0,"relics_obtained":["Golden Idol"],"max_hp_gain":0,"max_hp_loss":6,"event_name":"Golden Idol","floor":2,"gold_loss":0},{"damage_healed":0,"gold_gain":0,"player_choice":"Entered Light","damage_taken":15,"max_hp_gain":0,"max_hp_loss":0,"event_name":"Shining Light","floor":3,"gold_loss":0,"cards_upgraded":["Defend_B","Defend_B"]},{"cards_removed":["Strike_B"],"damage_healed":0,"gold_gain":0,"player_choice":"Card Removal","damage_taken":7,"max_hp_gain":0,"max_hp_loss":0,"event_name":"Golden Wing","floor":4,"gold_loss":0},{"damage_healed":0,"gold_gain":0,"cards_transformed":["Defend_B"],"player_choice":"Transformed","damage_taken":0,"max_hp_gain":0,"max_hp_loss":0,"event_name":"Transmorgrifier","floor":8,"gold_loss":0,"cards_obtained":["Gash"]}],"is_beta":false,"boss_relics":[],"items_purged_floors":[11],"is_endless":false,"potions_floor_spawned":[1,13,14],"killed_by":"Slime Boss","ascension_level":8}