{"path_per_floor":["M","?","M","?","M","E","M","?","T","R","$","M","M","M","R","B",null,"M","?","?","M","$","R","T","R","T","M","R","M","M","M","R","B",null,"M","?","M","M","?","E","M","R","T","M","$","R","?","$","R"],"character_chosen":"IRONCLAD","items_purchased":["Happy Flower"],"gold_per_floor":[111,111,124,74,87,113,127,153,153,153,5,25,43,61,61,162,162,175,175,75,94,94,94,118,118,118,132,132,152,165,177,177,272,272,290,290,308,325,0,25,41,41,65,82,82,82,82,82,82],"floor_reached":50,"campfire_rested":5,"playtime":5656,"current_hp_per_floor":[77,77,80,80,80,69,75,80,80,80,80,80,80,80,80,80,80,80,64,64,69,69,69,69,69,69,52,76,66,70,71,89,34,89,85,85,86,52,52,61,17,45,45,46,46,74,74,74,96],"items_purged":[],"gold":82,"score":476,"play_id":"11e19b8d-a1ef-4e83-9450-9f7195eaa2d7","local_time":"20180303021324","is_prod":false,"is_daily":false,"is_ascension_mode":false,"campfire_upgraded":4,"timestamp":1520064804,"path_taken":["M","?","M","?","M","E","M","?","T","R","$","?","M","M","R","BOSS","M","?","?","M","?","R","?","R","T","M","R","M","M","?","R","BOSS","M","?","M","M","?","E","?","R","T","M","?","R","?","?","R","BOSS"],"build_version":"2018-03-01-PROD1","purchased_purges":0,"victory":false,"master_deck":["Strike_R","Strike_R","Strike_R","Defend_R","Defend_R","Defend_R","Defend_R","Bash+1","Whirlwind+1","Anger","Flame Barrier+1","Cleave","Shrug It Off","Cleave","Flex+1","Ghostly Armor+1","Cleave","Heavy Blade","Feed","Thunderclap","J.A.X.","Body Slam","Clash","Inflame","Whirlwind","Inflame+1","Demon Form","Body Slam","Body Slam","Shrug It Off+1","Anger+1","Shrug It Off"],"max_hp_per_floor":[80,80,80,80,80,80,80,80,80,80,80,80,80,80,80,80,80,80,80,80,80,80,80,80,80,80,80,80,83,86,89,89,89,89,89,89,89,89,89,96,96,96,96,96,96,96,96,96,96],"relics":["Black Blood","Red Skull","Odd Mushroom","Vajra","Happy Flower","Nilry\u0027s Codex","Oddly Smooth Stone","Champion Belt","Lizard Tail","Red Mask","Strawberry","Dream Catcher"],"card_choices":[{"not_picked":["Rage","Clash"],"picked":"Whirlwind"},{"not_picked":["Clothesline","Iron Wave"],"picked":"Flame Barrier"},{"not_picked":["Warcry","Spot Weakness"],"picked":"Cleave"},{"not_picked":["Body Slam","Thunderclap"],"picked":"Shrug It Off"},{"not_picked":["True Grit","Hemokinesis"],"picked":"Cleave"},{"not_picked":["Twin Strike","Sever Soul"],"picked":"Flex"},{"not_picked":["Reckless Charge","Metallicize"],"picked":"Ghostly Armor"},{"not_picked":["Clash","Brutality"],"picked":"Cleave"},{"not_picked":["Thunderclap","Clothesline"],"picked":"Heavy Blade"},{"not_picked":["Impervious","Berserk"],"picked":"Feed"},{"not_picked":["Heavy Blade","Second Wind"],"picked":"Thunderclap"},{"not_picked":["Feel No Pain","Twin Strike"],"picked":"Body Slam"},{"not_picked":["Blood for Blood","Demon Form"],"picked":"Clash"},{"not_picked":["Thunderclap","Headbutt"],"picked":"Inflame"},{"not_picked":["Twin Strike","Bloodletting"],"picked":"Whirlwind"},{"not_picked":["Twin Strike","Warcry"],"picked":"Inflame"},{"not_picked":["Bludgeon","Reaper"],"picked":"Demon Form"},{"not_picked":["Warcry","True Grit"],"picked":"Body Slam"},{"not_picked":["Heavy Blade","Clothesline"],"picked":"Body Slam"},{"not_picked":["Offering","Feel No Pain"],"picked":"Metallicize"},{"not_picked":["Body Slam","True Grit"],"picked":"Shrug It Off"},{"not_picked":["Inflame","Uppercut"],"picked":"Anger"},{"not_picked":["Pommel Strike","Body Slam"],"picked":"Shrug It Off"}],"player_experience":9640,"potions_floor_usage":[6,6,13,16,16,16,27,31,38,40,41,44,50],"damage_taken":[{"damage":9,"enemies":"Small Slimes","floor":1,"turns":4},{"damage":0,"enemies":"2 Louse","floor":3,"turns":3},{"damage":0,"enemies":"Cultist","floor":5,"turns":3},{"damage":17,"enemies":"Lagavulin","floor":6,"turns":8},{"damage":0,"enemies":"Large Slime","floor":7,"turns":7},{"damage":0,"enemies":"The Mushroom Lair","floor":8,"turns":3},{"damage":0,"enemies":"Exordium Wildlife","floor":12,"turns":2},{"damage":0,"enemies":"3 Louse","floor":13,"turns":3},{"damage":6,"enemies":"Large Slime","floor":14,"turns":5},{"damage":3,"enemies":"Slime Boss","floor":16,"turns":7},{"damage":0,"enemies":"Chosen","floor":18,"turns":5},{"damage":5,"enemies":"3 Byrds","floor":21,"turns":4},{"damage":42,"enemies":"Sentry and Sphere","floor":27,"turns":7},{"damage":23,"enemies":"Cultist and Chosen","floor":29,"turns":6},{"damage":9,"enemies":"3 Cultists","floor":30,"turns":5},{"damage":12,"enemies":"Snecko","floor":31,"turns":7},{"damage":65,"enemies":"Automaton","floor":33,"turns":8},{"damage":14,"enemies":"3 Darklings","floor":35,"turns":4},{"damage":9,"enemies":"Orb Walker","floor":37,"turns":4},{"damage":44,"enemies":"Sphere and 2 Shapes","floor":38,"turns":6},{"damage":69,"enemies":"2 Orb Walkers","floor":40,"turns":5},{"damage":54,"enemies":"Maw","floor":41,"turns":9},{"damage":9,"enemies":"3 Darklings","floor":44,"turns":5},{"damage":96,"enemies":"Awakened One","floor":50,"turns":10}],"event_choices":[{"event_name":"Living Wall","player_choice":"Change","floor":2,"damage_taken":0},{"event_name":"The Cleric","player_choice":"Card Removal","floor":4,"damage_taken":0},{"event_name":"Mushrooms","player_choice":"Fought Mushrooms","floor":8,"damage_taken":0},{"event_name":"Cursed Tome","player_choice":"Obtained Book","floor":19,"damage_taken":0},{"event_name":"Drug Dealer","player_choice":"Got JAXXED","floor":20,"damage_taken":0},{"event_name":"Mysterious Sphere","player_choice":"Ignore","floor":36,"damage_taken":0},{"event_name":"Tomb of Lord Red Mask","player_choice":"Paid","floor":39,"damage_taken":0}],"boss_relics":[{"not_picked":["White Beast Statue","Velvet Choker"],"picked":"Black Blood"},{"not_picked":["Snecko Eye","Tiny House"],"picked":"Lizard Tail"}],"potions_floor_spawned":[1,3,7,8,13,14,21,29,33,38,40,41,44],"seed_played":"2537244671039723986","killed_by":"Awakened One","ascension_level":0,"is_trial":false}