{"gold_per_floor":[13,13,28,42,89,89,124,124,124,151,161,171,201,220,220,320,320,340,15,33,33,52,52,72,72,96,96,114,114,143,143,143,143],"floor_reached":33,"playtime":2894,"items_purged":[],"score":484,"play_id":"901409d5-f453-4ac9-b5f4-926ceb941d26","local_time":"20191024000812","is_ascension_mode":true,"campfire_choices":[{"data":"Neutralize","floor":6,"key":"SMITH"},{"data":"Predator","floor":8,"key":"SMITH"},{"floor":15,"key":"REST"},{"data":"Acrobatics","floor":23,"key":"SMITH"},{"data":"Acrobatics","floor":25,"key":"SMITH"},{"data":"Dodge and Roll","floor":27,"key":"SMITH"},{"data":"Leg Sweep","floor":32,"key":"SMITH"}],"neow_cost":"NO_GOLD","seed_source_timestamp":790253645109000,"circlet_count":0,"master_deck":["AscendersBane","Strike_G","Strike_G","Strike_G","Defend_G","Defend_G","Defend_G","Defend_G","Defend_G","Survivor","Neutralize+1","Flechettes+1","Underhanded Strike","Deadly Poison","Predator+1","Dodge and Roll+1","Escape Plan","Backstab","Acrobatics+1","Corpse Explosion","Underhanded Strike","Acrobatics+1","Leg Sweep+1","Quick Slash","Deflect","Slice","Footwork"],"relics":["Ring of the Snake","Tough Bandages","Omamori","Boot","Matryoshka","Centennial Puzzle","FossilizedHelix","HoveringKite","Mercury Hourglass","The Courier","Anchor","Smiling Mask","Nunchaku","Paper Crane"],"potions_floor_usage":[7,10,16,30,33],"damage_taken":[{"damage":3,"enemies":"Jaw Worm","floor":1,"turns":6},{"damage":4,"enemies":"Cultist","floor":3,"turns":4},{"damage":0,"enemies":"Small Slimes","floor":4,"turns":2},{"damage":19,"enemies":"3 Sentries","floor":7,"turns":13},{"damage":0,"enemies":"Gremlin Nob","floor":10,"turns":2},{"damage":0,"enemies":"Red Slaver","floor":11,"turns":2},{"damage":5,"enemies":"3 Louse","floor":12,"turns":3},{"damage":14,"enemies":"3 Sentries","floor":13,"turns":8},{"damage":0,"enemies":"Blue Slaver","floor":14,"turns":3},{"damage":33,"enemies":"Hexaghost","floor":16,"turns":11},{"damage":0,"enemies":"3 Byrds","floor":18,"turns":3},{"damage":0,"enemies":"2 Thieves","floor":20,"turns":4},{"damage":6,"enemies":"Shelled Parasite and Fungi","floor":22,"turns":4},{"damage":0,"enemies":"Chosen and Byrds","floor":24,"turns":4},{"damage":0,"enemies":"3 Cultists","floor":28,"turns":2},{"damage":10,"enemies":"Gremlin Leader","floor":30,"turns":5},{"damage":43,"enemies":"Champ","floor":33,"turns":13}],"seed_played":"3211439807917522990","potions_obtained":[{"floor":3,"key":"Fire Potion"},{"floor":4,"key":"Block Potion"},{"floor":13,"key":"SpeedPotion"},{"floor":14,"key":"Regen Potion"},{"floor":16,"key":"Poison Potion"},{"floor":22,"key":"Block Potion"}],"is_trial":false,"path_per_floor":["M","?","M","M","T","R","E","R","T","E","M","M","E","M","R","B",null,"M","$","M","?","M","R","M","R","T","R","M","T","E","?","R","B"],"character_chosen":"THE_SILENT","items_purchased":["Acrobatics","Mercury Hourglass","Leg Sweep"],"campfire_rested":1,"item_purchase_floors":[19,19,19],"current_hp_per_floor":[60,60,56,56,56,56,37,37,37,37,37,32,18,18,39,21,58,58,58,58,58,52,52,52,52,52,52,52,52,42,42,42,0],"gold":143,"neow_bonus":"ONE_RARE_RELIC","is_prod":false,"is_daily":false,"chose_seed":false,"campfire_upgraded":6,"win_rate":0,"timestamp":1571893692,"path_taken":["M","?","M","?","?","R","E","R","T","E","M","M","E","M","R","BOSS","M","$","M","?","?","R","M","R","T","R","M","?","E","?","R","BOSS"],"build_version":"2019-07-17","purchased_purges":0,"victory":false,"max_hp_per_floor":[70,70,70,70,70,70,70,70,70,70,70,70,70,70,70,70,70,70,70,70,70,70,70,70,70,70,70,70,70,70,70,70,70],"card_choices":[{"not_picked":["Sucker Punch","Backflip"],"picked":"Flechettes","floor":1},{"not_picked":["Choke","Sucker Punch"],"picked":"Underhanded Strike","floor":3},{"not_picked":["Flechettes","Blade Dance"],"picked":"Deadly Poison","floor":4},{"not_picked":["Die Die Die","Eviscerate"],"picked":"Predator","floor":7},{"not_picked":["Underhanded Strike","Night Terror"],"picked":"Dodge and Roll","floor":10},{"not_picked":["Bane","Flying Knee"],"picked":"Escape Plan","floor":11},{"not_picked":["Eviscerate","Setup","Outmaneuver"],"picked":"SKIP","floor":12},{"not_picked":["Cloak And Dagger","Poisoned Stab"],"picked":"Backstab","floor":13},{"not_picked":["Quick Slash","Cloak And Dagger"],"picked":"Acrobatics","floor":14},{"not_picked":["Grand Finale","Die Die Die"],"picked":"Corpse Explosion","floor":16},{"not_picked":["Bane","PiercingWail"],"picked":"Underhanded Strike","floor":18},{"not_picked":["Concentrate","Blur","Sucker Punch"],"picked":"SKIP","floor":20},{"not_picked":["Underhanded Strike","Infinite Blades"],"picked":"Quick Slash","floor":22},{"not_picked":["Flechettes","Bane"],"picked":"Deflect","floor":24},{"not_picked":["Bouncing Flask","Accuracy+1"],"picked":"Slice","floor":28},{"not_picked":["Backstab","Blur"],"picked":"Footwork","floor":30}],"player_experience":928227,"relics_obtained":[{"floor":5,"key":"Omamori"},{"floor":7,"key":"Boot"},{"floor":9,"key":"Matryoshka"},{"floor":10,"key":"Centennial Puzzle"},{"floor":13,"key":"FossilizedHelix"},{"floor":26,"key":"The Courier"},{"floor":26,"key":"Anchor"},{"floor":29,"key":"Smiling Mask"},{"floor":29,"key":"Nunchaku"},{"floor":30,"key":"Paper Crane"}],"event_choices":[{"damage_healed":0,"gold_gain":0,"player_choice":"Upgraded","damage_taken":0,"max_hp_gain":0,"max_hp_loss":0,"event_name":"Upgrade Shrine","floor":2,"gold_loss":0,"cards_upgraded":["Flechettes"]},{"cards_removed":["Strike_G"],"damage_healed":0,"gold_gain":0,"player_choice":"Purged","damage_taken":0,"max_hp_gain":0,"max_hp_loss":0,"event_name":"Purifier","floor":21,"gold_loss":0},{"cards_removed":["Strike_G"],"damage_healed":0,"gold_gain":0,"player_choice":"Offered Basic","damage_taken":0,"max_hp_gain":0,"max_hp_loss":0,"event_name":"Bonfire Elementals","floor":31,"gold_loss":0}],"is_beta":false,"boss_relics":[{"not_picked":["Fusion Hammer","Astrolabe"],"picked":"HoveringKite"}],"items_purged_floors":[],"is_endless":false,"potions_floor_spawned":[3,4,13,14,16,20,22],"killed_by":"Champ","ascension_level":11}