{"gold_per_floor":[113,113,61,76,91,91,119,132,156,186,216,216,216,229,229,229],"floor_reached":16,"playtime":557,"items_purged":[],"score":149,"play_id":"f4724948-6386-44f2-a416-751ae5fdb7ef","local_time":"20190220194723","is_ascension_mode":true,"campfire_choices":[{"data":"Conserve Battery","floor":6,"key":"SMITH"},{"floor":12,"key":"REST"},{"data":"Ball Lightning","floor":15,"key":"SMITH"}],"neow_cost":"NONE","seed_source_timestamp":352902248830321,"circlet_count":0,"master_deck":["Strike_B","Strike_B","Strike_B","Defend_B","Defend_B","Defend_B","Defend_B","Zap+1","Dualcast","Multi-Cast","Rebound","Leap","Sweeping Beam","Conserve Battery+1","Ball Lightning+1","Gash","Undo","Glacier"],"relics":["Cracked Core","Art of War","Anchor","Bronze Scales","Omamori"],"potions_floor_usage":[5,11],"damage_taken":[{"damage":0,"enemies":"Cultist","floor":1,"turns":4},{"damage":0,"enemies":"2 Louse","floor":4,"turns":2},{"damage":0,"enemies":"Small Slimes","floor":5,"turns":2},{"damage":35,"enemies":"3 Sentries","floor":7,"turns":6},{"damage":12,"enemies":"Exordium Wildlife","floor":8,"turns":3},{"damage":16,"enemies":"Lagavulin","floor":11,"turns":5},{"damage":7,"enemies":"Large Slime","floor":14,"turns":4},{"damage":0,"enemies":"Hexaghost","floor":16,"turns":1}],"seed_played":"4553639301239675892","potions_obtained":[{"floor":4,"key":"Block Potion"},{"floor":7,"key":"LiquidBronze"},{"floor":8,"key":"LiquidBronze"},{"floor":11,"key":"Swift Potion"}],"is_trial":false,"path_per_floor":["M","?","$","M","M","R","E","M","T","?","E","R","?","M","R","B"],"character_chosen":"DEFECT","items_purchased":["Leap"],"campfire_rested":1,"item_purchase_floors":[3],"current_hp_per_floor":[68,68,68,68,68,68,33,21,21,21,5,27,20,13,13,13],"gold":229,"neow_bonus":"TRANSFORM_CARD","is_prod":false,"is_daily":false,"chose_seed":false,"campfire_upgraded":2,"win_rate":0,"timestamp":1550713643,"path_taken":["M","?","$","M","M","R","E","M","T","?","E","R","?","?","R","BOSS"],"build_version":"2019-01-23","purchased_purges":0,"victory":false,"max_hp_per_floor":[75,75,75,75,75,75,75,75,75,75,75,75,75,75,75,75],"card_choices":[{"not_picked":["Beam Cell","Go for the Eyes"],"picked":"Rebound","floor":1},{"not_picked":["Scrape","Consume"],"picked":"Sweeping Beam","floor":4},{"not_picked":["Gash","FTL"],"picked":"Conserve Battery","floor":5},{"not_picked":["Go for the Eyes","Hologram"],"picked":"Ball Lightning","floor":7},{"not_picked":["Coolheaded","Barrage"],"picked":"Gash","floor":8},{"not_picked":["Beam Cell","All For One"],"picked":"Undo","floor":11},{"not_picked":["Gash","Compile Driver"],"picked":"Glacier","floor":14}],"player_experience":724111,"relics_obtained":[{"floor":7,"key":"Art of War"},{"floor":9,"key":"Anchor"},{"floor":11,"key":"Bronze Scales"}],"event_choices":[{"damage_healed":0,"gold_gain":0,"player_choice":"Grow","damage_taken":0,"max_hp_gain":0,"max_hp_loss":0,"event_name":"Living Wall","floor":2,"gold_loss":0,"cards_upgraded":["Zap"]},{"damage_healed":0,"gold_gain":30,"player_choice":"Searched \u00271\u0027 times","damage_taken":0,"max_hp_gain":0,"max_hp_loss":0,"event_name":"Dead Adventurer","floor":10,"gold_loss":0},{"damage_healed":0,"gold_gain":0,"player_choice":"Success","damage_taken":7,"relics_obtained":["Omamori"],"max_hp_gain":0,"max_hp_loss":0,"event_name":"Scrap Ooze","floor":13,"gold_loss":0}],"is_beta":false,"boss_relics":[],"items_purged_floors":[],"is_endless":false,"potions_floor_spawned":[4,7,8,11],"killed_by":"Hexaghost","ascension_level":7}