{"gold_per_floor":[110,125,143,143,153,153,185,185,185,219,28,48,48,65,65,169,169,188,201,201,201,213,213,225,256,302,302,12,32,45,45],"floor_reached":31,"playtime":2598,"items_purged":[],"score":404,"play_id":"7ae9541c-75ec-4159-8e6f-031b59b286f5","local_time":"20191020214445","is_ascension_mode":true,"campfire_choices":[{"data":"Neutralize","floor":6,"key":"SMITH"},{"data":"Apotheosis","floor":13,"key":"SMITH"},{"floor":15,"key":"REST"},{"floor":23,"key":"REST"}],"neow_cost":"NONE","seed_source_timestamp":522673097184300,"circlet_count":0,"master_deck":["AscendersBane","Strike_G","Strike_G","Strike_G","Strike_G","Strike_G","Defend_G","Defend_G","Defend_G","Defend_G","Defend_G","Survivor","Neutralize+1","Corpse Explosion","Dagger Spray","Backflip","Quick Slash","Dodge and Roll","Escape Plan","Storm of Steel","Apotheosis+1","Dodge and Roll","Cloak And Dagger","Footwork","Envenom","Deadly Poison","Deflect+1","Poisoned Stab+1","Dodge and Roll+1","Heel Hook+1","Choke+1","Malaise","Backflip+1"],"relics":["Ring of the Snake","Meat on the Bone","Molten Egg 2","Gremlin Horn","Ancient Tea Set","Eternal Feather","Gambling Chip","Regal Pillow","Pantograph","Pear"],"potions_floor_usage":[7,22,24,24],"damage_taken":[{"damage":0,"enemies":"2 Louse","floor":1,"turns":3},{"damage":1,"enemies":"Jaw Worm","floor":2,"turns":4},{"damage":0,"enemies":"Cultist","floor":3,"turns":4},{"damage":3,"enemies":"Looter","floor":5,"turns":5},{"damage":17,"enemies":"3 Sentries","floor":7,"turns":4},{"damage":29,"enemies":"Lagavulin","floor":10,"turns":9},{"damage":0,"enemies":"Blue Slaver","floor":12,"turns":5},{"damage":1,"enemies":"Red Slaver","floor":14,"turns":4},{"damage":37,"enemies":"Slime Boss","floor":16,"turns":13},{"damage":19,"enemies":"3 Byrds","floor":18,"turns":5},{"damage":19,"enemies":"Chosen","floor":19,"turns":7},{"damage":22,"enemies":"Snake Plant","floor":22,"turns":6},{"damage":2,"enemies":"3 Cultists","floor":24,"turns":4},{"damage":73,"enemies":"Slavers","floor":25,"turns":6},{"damage":18,"enemies":"Shelled Parasite and Fungi","floor":29,"turns":11},{"damage":14,"enemies":"Centurion and Healer","floor":30,"turns":10},{"damage":19,"enemies":"Snecko","floor":31,"turns":7}],"seed_played":"-5622925764400248667","potions_obtained":[{"floor":5,"key":"Weak Potion"},{"floor":10,"key":"GhostInAJar"},{"floor":16,"key":"AttackPotion"},{"floor":18,"key":"Swift Potion"},{"floor":24,"key":"FairyPotion"}],"is_trial":false,"path_per_floor":["M","M","M","?","M","R","E","?","T","E","$","M","R","M","R","B",null,"M","M","?","?","M","R","M","E","T","T","$","M","M","M"],"character_chosen":"THE_SILENT","items_purchased":["Apotheosis","Dodge and Roll","Pear","Choke+1"],"campfire_rested":2,"item_purchase_floors":[11,11,28,28],"current_hp_per_floor":[63,62,62,62,59,59,42,39,39,22,22,34,34,45,66,41,63,44,37,37,37,27,63,61,14,14,14,24,18,16,0],"gold":45,"neow_bonus":"ONE_RANDOM_RARE_CARD","is_prod":false,"is_daily":false,"chose_seed":false,"campfire_upgraded":2,"win_rate":0,"timestamp":1571625885,"path_taken":["M","M","M","?","M","R","E","?","T","E","?","M","R","M","R","BOSS","M","M","?","?","M","R","M","E","T","?","$","?","M","M"],"build_version":"2019-07-17","purchased_purges":0,"victory":false,"max_hp_per_floor":[70,70,70,70,70,70,70,70,70,70,70,70,70,70,70,70,70,70,70,70,70,70,70,70,70,70,70,80,80,80,80],"card_choices":[{"not_picked":["Deadly Poison","Dodge and Roll"],"picked":"Dagger Spray","floor":1},{"not_picked":["Acrobatics","Heel Hook"],"picked":"Backflip","floor":2},{"not_picked":["Crippling Poison","Prepared"],"picked":"Quick Slash","floor":3},{"not_picked":["Calculated Gamble","Bane"],"picked":"Dodge and Roll","floor":5},{"not_picked":["Finisher","Infinite Blades"],"picked":"Escape Plan","floor":7},{"not_picked":["Underhanded Strike+1","Concentrate"],"picked":"Storm of Steel","floor":10},{"not_picked":["Dagger Spray+1","Outmaneuver"],"picked":"Cloak And Dagger","floor":12},{"not_picked":["Caltrops","Dodge and Roll"],"picked":"Footwork","floor":14},{"not_picked":["Corpse Explosion","Doppelganger"],"picked":"Envenom","floor":16},{"not_picked":["Dagger Spray+1","Concentrate+1"],"picked":"Deadly Poison","floor":18},{"not_picked":["Poisoned Stab+1","PiercingWail"],"picked":"Deflect+1","floor":19},{"not_picked":["Cloak And Dagger","Sucker Punch+1"],"picked":"Poisoned Stab+1","floor":22},{"not_picked":["Sucker Punch+1","Dagger Throw+1"],"picked":"Dodge and Roll+1","floor":24},{"not_picked":["Poisoned Stab+1","Flechettes+1"],"picked":"Heel Hook+1","floor":25},{"not_picked":["Poisoned Stab+1","Bouncing Flask"],"picked":"Malaise","floor":29},{"not_picked":["PiercingWail","Outmaneuver"],"picked":"Backflip+1","floor":30}],"player_experience":904568,"relics_obtained":[{"floor":7,"key":"Meat on the Bone"},{"floor":9,"key":"Gremlin Horn"},{"floor":10,"key":"Ancient Tea Set"},{"floor":25,"key":"Gambling Chip"},{"floor":26,"key":"Regal Pillow"},{"floor":27,"key":"Pantograph"}],"event_choices":[{"damage_healed":0,"gold_gain":0,"player_choice":"Ignored","damage_taken":0,"max_hp_gain":0,"max_hp_loss":0,"event_name":"Shining Light","floor":4,"gold_loss":0},{"damage_healed":0,"gold_gain":0,"player_choice":"Success","damage_taken":3,"relics_obtained":["Molten Egg 2"],"max_hp_gain":0,"max_hp_loss":0,"event_name":"Scrap Ooze","floor":8,"gold_loss":0},{"damage_healed":0,"gold_gain":0,"player_choice":"Ignored","damage_taken":0,"max_hp_gain":0,"max_hp_loss":0,"event_name":"Vampires","floor":20,"gold_loss":0},{"damage_healed":0,"gold_gain":0,"player_choice":"Ignored","damage_taken":0,"max_hp_gain":0,"max_hp_loss":0,"event_name":"Cursed Tome","floor":21,"gold_loss":0}],"is_beta":false,"boss_relics":[{"not_picked":["Black Star","Runic Pyramid"],"picked":"Eternal Feather"}],"items_purged_floors":[],"is_endless":false,"potions_floor_spawned":[5,10,16,18,24],"killed_by":"Snecko","ascension_level":10}