{"gold_per_floor":[118,137,156,68,83,83,83,83,83,9,29,56,56,68,68,168,168,168],"floor_reached":18,"playtime":971,"items_purged":[],"score":243,"play_id":"b5b99492-9a88-42e2-aa1c-129e3a3ac389","local_time":"20191010230700","is_ascension_mode":true,"campfire_choices":[{"data":"Perfected Strike","floor":6,"key":"SMITH"},{"data":"Wild Strike","floor":8,"key":"SMITH"},{"data":"Shrug It Off","floor":13,"key":"SMITH"},{"data":"Shrug It Off","floor":15,"key":"SMITH"}],"neow_cost":"NONE","seed_source_timestamp":71281227630100,"circlet_count":0,"master_deck":["AscendersBane","Bash","Shrug It Off+1","Flex","Wild Strike+1","Shrug It Off+1","Perfected Strike+1","Evolve","Sword Boomerang","Feed","Searing Blow","Twin Strike","Warcry","Iron Wave","Bludgeon","Headbutt","Juggernaut","Dropkick","Heavy Blade"],"relics":["Burning Blood","Paper Frog","Ornamental Fan","Pandora\u0027s Box"],"potions_floor_usage":[5,12],"damage_taken":[{"damage":1,"enemies":"Cultist","floor":1,"turns":4},{"damage":4,"enemies":"2 Louse","floor":2,"turns":3},{"damage":5,"enemies":"Small Slimes","floor":3,"turns":4},{"damage":26,"enemies":"Gremlin Gang","floor":5,"turns":8},{"damage":12,"enemies":"Exordium Thugs","floor":11,"turns":4},{"damage":17,"enemies":"Lagavulin","floor":12,"turns":4},{"damage":6,"enemies":"Looter","floor":14,"turns":2},{"damage":47,"enemies":"Hexaghost","floor":16,"turns":9},{"damage":1,"enemies":"Chosen","floor":18,"turns":3}],"seed_played":"-8469520604630643011","potions_obtained":[{"floor":3,"key":"GamblersBrew"},{"floor":11,"key":"PowerPotion"},{"floor":12,"key":"Explosive Potion"},{"floor":16,"key":"Regen Potion"}],"is_trial":false,"path_per_floor":["M","M","M","$","M","R","?","R","T","$","M","E","R","M","R","B",null,"M"],"character_chosen":"IRONCLAD","items_purchased":["Feel No Pain","Shrug It Off","Evolve"],"campfire_rested":0,"item_purchase_floors":[4,4,10],"current_hp_per_floor":[85,87,88,88,68,68,68,68,68,68,62,51,51,51,51,10,69,68],"gold":168,"neow_bonus":"TEN_PERCENT_HP_BONUS","is_prod":false,"is_daily":false,"chose_seed":false,"campfire_upgraded":4,"win_rate":0,"timestamp":1570766820,"path_taken":["M","?","M","$","M","R","?","R","T","$","?","E","R","M","R","BOSS","M"],"build_version":"2019-07-17","purchased_purges":0,"victory":false,"max_hp_per_floor":[88,88,88,88,88,88,88,88,88,88,88,88,88,88,88,88,88,88],"card_choices":[{"not_picked":["Cleave","Twin Strike"],"picked":"Shrug It Off","floor":1},{"not_picked":["Metallicize","Combust"],"picked":"Flex","floor":2},{"not_picked":["Infernal Blade","Armaments"],"picked":"Wild Strike","floor":3},{"not_picked":["Dropkick","Whirlwind"],"picked":"Perfected Strike","floor":5},{"not_picked":["Flex","Sentinel","Iron Wave"],"picked":"SKIP","floor":11},{"not_picked":["Hemokinesis","Intimidate"],"picked":"Sword Boomerang","floor":12},{"not_picked":["Fire Breathing","Infernal Blade","Cleave"],"picked":"SKIP","floor":14},{"not_picked":["Dark Embrace","Berserk"],"picked":"Feed","floor":16}],"player_experience":820536,"relics_obtained":[{"floor":9,"key":"Paper Frog"},{"floor":12,"key":"Ornamental Fan"}],"event_choices":[{"cards_removed":["Feel No Pain"],"damage_healed":0,"gold_gain":0,"player_choice":"Purged","damage_taken":0,"max_hp_gain":0,"max_hp_loss":0,"event_name":"Purifier","floor":7,"gold_loss":0}],"is_beta":false,"boss_relics":[{"not_picked":["Lizard Tail","Empty Cage"],"picked":"Pandora\u0027s Box"}],"items_purged_floors":[],"is_endless":false,"potions_floor_spawned":[3,11,12,16],"killed_by":"Chosen","ascension_level":10}