{"gold_per_floor":[110,110,31,41,116,151,151,161,161,176,209,91,107,122,122,219,219,239,19,19,36,36],"floor_reached":22,"playtime":2883,"items_purged":[],"score":265,"play_id":"7ad02f25-1c4b-447d-877f-409cc26098d8","local_time":"20181119132002","is_ascension_mode":true,"campfire_choices":[{"data":"Buffer","floor":7,"key":"SMITH"},{"floor":15,"key":"REST"}],"neow_cost":"NONE","seed_source_timestamp":1185371863770810,"circlet_count":0,"master_deck":["Strike_B","Strike_B","Strike_B","Strike_B","Defend_B","Defend_B","Defend_B","Defend_B","Zap","Dualcast","Cold Snap","Machine Learning","Rebound","Buffer+1","Coolheaded+1","Redo+1","Rip and Tear","Self Repair","Double Energy+1","Loop","Steam+1","Electrodynamics","Doom and Gloom"],"relics":["Cracked Core","NeowsBlessing","NlothsMask","Toxic Egg 2","Juzu Bracelet","Snecko Eye","PreservedInsect"],"potions_floor_usage":[14,21],"damage_taken":[{"damage":0,"enemies":"2 Louse","floor":1,"turns":1},{"damage":0,"enemies":"Cultist","floor":4,"turns":1},{"damage":0,"enemies":"3 Sentries","floor":6,"turns":1},{"damage":0,"enemies":"Small Slimes","floor":8,"turns":2},{"damage":0,"enemies":"2 Fungi Beasts","floor":10,"turns":4},{"damage":8,"enemies":"Lagavulin","floor":11,"turns":10},{"damage":19,"enemies":"3 Louse","floor":13,"turns":3},{"damage":10,"enemies":"Gremlin Gang","floor":14,"turns":3},{"damage":23,"enemies":"The Guardian","floor":16,"turns":14},{"damage":27,"enemies":"2 Thieves","floor":18,"turns":4},{"damage":10,"enemies":"Colosseum Slavers","floor":20,"turns":4},{"damage":13,"enemies":"Chosen","floor":21,"turns":7},{"damage":35,"enemies":"Centurion and Healer","floor":22,"turns":4}],"seed_played":"-6926770925508961976","potions_obtained":[{"floor":8,"key":"SkillPotion"},{"floor":10,"key":"Explosive Potion"},{"floor":11,"key":"Regen Potion"},{"floor":21,"key":"Dexterity Potion"}],"is_trial":false,"path_per_floor":["M","?","$","M","?","E","R","M","T","M","E","$","M","M","R","B",null,"M","$","?","M","M"],"character_chosen":"DEFECT","items_purchased":["Machine Learning","Self Repair","Double Energy+1","Doom and Gloom","PreservedInsect"],"campfire_rested":1,"item_purchase_floors":[3,12,12,19,19],"current_hp_per_floor":[75,75,75,75,64,64,64,64,64,64,56,56,44,34,56,40,75,48,48,38,32,0],"gold":36,"neow_bonus":"THREE_ENEMY_KILL","is_prod":false,"is_daily":false,"chose_seed":false,"campfire_upgraded":1,"win_rate":0,"timestamp":1542655202,"path_taken":["M","?","$","?","?","E","R","M","T","M","E","$","M","M","R","BOSS","M","$","?","M","M"],"build_version":"2018-11-15","purchased_purges":0,"victory":false,"max_hp_per_floor":[75,75,75,75,75,75,75,75,75,75,75,75,75,75,75,75,75,75,75,75,75,75],"card_choices":[{"not_picked":["Gash","Stack"],"picked":"Cold Snap","floor":1},{"not_picked":["Barrage","Turbo"],"picked":"Rebound","floor":4},{"not_picked":["Thunder Strike","Ball Lightning"],"picked":"Buffer","floor":6},{"not_picked":["Doom and Gloom","Barrage"],"picked":"Coolheaded+1","floor":8},{"not_picked":["Blizzard","Loop"],"picked":"Redo+1","floor":10},{"not_picked":["Lockon","Compile Driver"],"picked":"Rip and Tear","floor":11},{"not_picked":["Coolheaded+1","Streamline"],"picked":"Loop","floor":13},{"not_picked":["Chaos+1","Gash"],"picked":"Steam+1","floor":14},{"not_picked":["Reboot+1","Biased Cognition"],"picked":"Electrodynamics","floor":16},{"not_picked":["Consume+1","Sweeping Beam","Tempest+1"],"picked":"SKIP","floor":18},{"not_picked":["FTL","Coolheaded+1","Rebound"],"picked":"SKIP","floor":21}],"player_experience":598787,"relics_obtained":[{"floor":6,"key":"Toxic Egg 2"},{"floor":11,"key":"Juzu Bracelet"}],"event_choices":[{"damage_healed":0,"gold_gain":0,"player_choice":"Trade","damage_taken":0,"relics_obtained":["NlothsMask"],"max_hp_gain":0,"max_hp_loss":0,"event_name":"FaceTrader","floor":2,"gold_loss":0},{"damage_healed":0,"gold_gain":75,"player_choice":"Gather Gold","damage_taken":11,"max_hp_gain":0,"max_hp_loss":0,"event_name":"World of Goop","floor":5,"gold_loss":0},{"damage_healed":0,"gold_gain":0,"player_choice":"Fight","damage_taken":0,"max_hp_gain":0,"max_hp_loss":0,"event_name":"Colosseum","floor":20,"gold_loss":0},{"damage_healed":0,"gold_gain":0,"player_choice":"Fled From Nobs","damage_taken":0,"max_hp_gain":0,"max_hp_loss":0,"event_name":"Colosseum","floor":20,"gold_loss":0}],"is_beta":false,"boss_relics":[{"not_picked":["Pandora\u0027s Box","Black Star"],"picked":"Snecko Eye"}],"items_purged_floors":[],"is_endless":false,"potions_floor_spawned":[8,10,11,13,20,21],"killed_by":"Centurion and Healer","ascension_level":4}