{"gold_per_floor":[109,109,109,122,141,141,141,160,187,187,197,216,216,216,216,314,314,334,259,245,160,160,160,171,171],"floor_reached":25,"playtime":1359,"items_purged":["Strike_R"],"score":212,"play_id":"94bd93b6-e18a-405a-a605-3fa07e5fae74","local_time":"20181021012043","is_ascension_mode":true,"campfire_choices":[{"data":"Body Slam","floor":6,"key":"SMITH"},{"data":"Bash","floor":10,"key":"SMITH"},{"data":"Rampage","floor":13,"key":"SMITH"},{"data":"Shrug It Off","floor":15,"key":"SMITH"},{"data":"Barricade","floor":23,"key":"SMITH"}],"neow_cost":"NONE","seed_source_timestamp":120667059300345,"circlet_count":0,"master_deck":["Strike_R","Strike_R","Defend_R","Defend_R","Defend_R","Bash+1","Pummel","Body Slam+1","Disarm","Shrug It Off+1","Rampage+1","Barricade+1","Clash","Searing Blow"],"relics":["Burning Blood","Anchor","Art of War","Bag of Preparation","Black Star","Singing Bowl"],"potions_floor_usage":[5,20,22,24],"damage_taken":[{"damage":10,"enemies":"Cultist","floor":1,"turns":4},{"damage":4,"enemies":"Small Slimes","floor":4,"turns":5},{"damage":0,"enemies":"2 Louse","floor":5,"turns":2},{"damage":0,"enemies":"Red Slaver","floor":8,"turns":4},{"damage":0,"enemies":"Looter","floor":11,"turns":3},{"damage":1,"enemies":"2 Fungi Beasts","floor":12,"turns":3},{"damage":33,"enemies":"The Guardian","floor":16,"turns":11},{"damage":2,"enemies":"Shell Parasite","floor":18,"turns":7},{"damage":2,"enemies":"2 Thieves","floor":20,"turns":4},{"damage":19,"enemies":"Snecko","floor":24,"turns":6},{"damage":87,"enemies":"Slavers","floor":25,"turns":4}],"seed_played":"6635889587474154093","potions_obtained":[{"floor":1,"key":"Fire Potion"},{"floor":5,"key":"Fire Potion"},{"floor":8,"key":"Energy Potion"},{"floor":20,"key":"Fruit Juice"},{"floor":24,"key":"Strength Potion"}],"is_trial":false,"path_per_floor":["M","?","?","M","M","R","?","M","T","R","M","M","R","T","R","B",null,"M","$","M","?","?","R","M"],"character_chosen":"IRONCLAD","items_purchased":[],"campfire_rested":0,"item_purchase_floors":[],"current_hp_per_floor":[76,76,76,78,80,80,73,79,79,79,80,80,80,80,80,53,80,80,80,80,80,85,85,74,0],"gold":171,"neow_bonus":"REMOVE_CARD","is_prod":false,"is_daily":false,"chose_seed":false,"campfire_upgraded":5,"win_rate":0,"timestamp":1540102843,"path_taken":["M","?","?","M","M","R","?","M","T","R","?","M","R","?","R","BOSS","M","$","M","?","?","R","M","E"],"build_version":"2018-10-18","purchased_purges":1,"victory":false,"max_hp_per_floor":[80,80,80,80,80,80,80,80,80,80,80,80,80,80,80,80,80,80,80,80,80,85,85,87,87],"card_choices":[{"not_picked":["Seeing Red","Evolve"],"picked":"Pummel","floor":1},{"not_picked":["Searing Blow","Warcry"],"picked":"Body Slam","floor":4},{"not_picked":["True Grit","Warcry","Anger"],"picked":"SKIP","floor":5},{"not_picked":["Armaments","Sentinel"],"picked":"Disarm","floor":8},{"not_picked":["Armaments","Havoc"],"picked":"Shrug It Off","floor":11},{"not_picked":["Metallicize","Inflame"],"picked":"Rampage","floor":12},{"not_picked":["Berserk","Offering"],"picked":"Barricade","floor":16},{"not_picked":["Evolve","Havoc+1"],"picked":"Clash","floor":18},{"not_picked":["Thunderclap","Clash+1","Clothesline"],"picked":"SKIP","floor":20},{"not_picked":["Body Slam","Combust","Sever Soul+1"],"picked":"Singing Bowl","floor":24}],"player_experience":455334,"relics_obtained":[{"floor":9,"key":"Art of War"},{"floor":14,"key":"Bag of Preparation"}],"event_choices":[{"damage_healed":0,"gold_gain":0,"player_choice":"Bought 0 Potions","damage_taken":0,"max_hp_gain":0,"max_hp_loss":0,"event_name":"The Woman in Blue","floor":2,"gold_loss":0},{"cards_removed":["Strike_R"],"damage_healed":0,"gold_gain":0,"player_choice":"Offered Basic","damage_taken":0,"max_hp_gain":0,"max_hp_loss":0,"event_name":"Bonfire Elementals","floor":3,"gold_loss":0},{"damage_healed":0,"gold_gain":0,"player_choice":"Success","damage_taken":7,"relics_obtained":["Anchor"],"max_hp_gain":0,"max_hp_loss":0,"event_name":"Scrap Ooze","floor":7,"gold_loss":0},{"damage_healed":0,"gold_gain":0,"player_choice":"Obtained Relic","damage_taken":0,"relics_obtained":["Singing Bowl"],"max_hp_gain":0,"max_hp_loss":0,"event_name":"Addict","floor":21,"gold_loss":85},{"damage_healed":0,"gold_gain":0,"cards_transformed":["Defend_R"],"player_choice":"Transformed","damage_taken":0,"max_hp_gain":0,"max_hp_loss":0,"event_name":"Transmorgrifier","floor":22,"gold_loss":0,"cards_obtained":["Searing Blow"]}],"is_beta":false,"boss_relics":[{"not_picked":["Philosopher\u0027s Stone","Eternal Feather"],"picked":"Black Star"}],"items_purged_floors":[19],"is_endless":false,"potions_floor_spawned":[1,5,8,20,24],"killed_by":"Slavers","ascension_level":2}