{"gold_per_floor":[115,135,146,146,158,188,188,204,259,288,288,135,145,145,145,241,241,253,78,0,17,17,17,45,45,68,88,117,117],"floor_reached":29,"playtime":2287,"items_purged":["White Noise","Strike_B"],"score":298,"play_id":"3a34af7f-4fd2-4bc3-8636-bf96147a93ed","local_time":"20180905015312","is_ascension_mode":false,"campfire_choices":[{"floor":7,"key":"REST"},{"data":"Creative AI","floor":11,"key":"SMITH"},{"data":"Zap","floor":15,"key":"SMITH"},{"data":"Zap","floor":23,"key":"SMITH"}],"neow_cost":"NONE","seed_source_timestamp":200725184086050,"circlet_count":0,"master_deck":["Strike_B+1","Strike_B","Strike_B+1","Defend_B","Defend_B","Defend_B","Defend_B","Zap+1","Dualcast","Cold Snap","Hologram","Zap+1","Madness","Coolheaded","Creative AI+1","Conserve Battery","Turbo","Blizzard","Genetic Algorithm","Amplify","Steam+1","Sunder","Shame"],"relics":["Cracked Core","Gambling Chip","Bag of Marbles","Mercury Hourglass","Black Star","Happy Flower","Bag of Preparation","Singing Bowl","Strawberry","Dream Catcher","Whetstone"],"potions_floor_usage":[13,24,28],"damage_taken":[{"damage":0,"enemies":"2 Louse","floor":1,"turns":2},{"damage":0,"enemies":"Cultist","floor":2,"turns":2},{"damage":3,"enemies":"Small Slimes","floor":3,"turns":3},{"damage":2,"enemies":"2 Fungi Beasts","floor":5,"turns":4},{"damage":33,"enemies":"Gremlin Nob","floor":6,"turns":4},{"damage":6,"enemies":"Lots of Slimes","floor":8,"turns":2},{"damage":8,"enemies":"Lagavulin","floor":10,"turns":8},{"damage":8,"enemies":"Looter","floor":13,"turns":3},{"damage":31,"enemies":"The Guardian","floor":16,"turns":12},{"damage":10,"enemies":"Spheric Guardian","floor":18,"turns":5},{"damage":13,"enemies":"Shell Parasite","floor":21,"turns":9},{"damage":52,"enemies":"Book of Stabbing","floor":24,"turns":7},{"damage":14,"enemies":"Snecko","floor":27,"turns":5},{"damage":15,"enemies":"Slavers","floor":28,"turns":5},{"damage":15,"enemies":"Cultist and Chosen","floor":29,"turns":4}],"seed_played":"-6094063119027105100","potions_obtained":[{"floor":6,"key":"Fruit Juice"},{"floor":10,"key":"FairyPotion"},{"floor":13,"key":"Energy Potion"},{"floor":18,"key":"Energy Potion"},{"floor":21,"key":"AttackPotion"},{"floor":24,"key":"Fruit Juice"}],"is_trial":false,"path_per_floor":["M","M","M","?","M","E","R","M","T","E","R","$","M","?","R","B",null,"M","$","?","M","$","R","E","?","T","M","E"],"character_chosen":"DEFECT","items_purchased":["Blizzard","Sunder"],"campfire_rested":1,"item_purchase_floors":[12,19],"current_hp_per_floor":[75,75,72,72,70,37,59,53,53,45,45,45,42,80,80,49,80,70,70,70,57,57,57,10,10,17,5,3,0],"gold":117,"neow_bonus":"THREE_CARDS","is_prod":false,"is_daily":false,"chose_seed":false,"campfire_upgraded":3,"win_rate":0.0,"timestamp":1536130392,"path_taken":["M","M","M","?","M","E","R","M","T","E","R","?","M","?","R","BOSS","M","$","?","M","$","R","E","?","T","M","E","?"],"build_version":"2018-08-30","purchased_purges":2,"victory":false,"max_hp_per_floor":[75,75,75,75,75,75,75,75,75,75,75,75,80,80,80,80,80,80,80,80,80,80,80,85,85,92,94,96,96],"card_choices":[{"not_picked":["BootSequence","Stack"],"picked":"White Noise","floor":0},{"not_picked":["Coolheaded","Ball Lightning"],"picked":"Cold Snap","floor":1},{"not_picked":["Go for the Eyes","Compile Driver"],"picked":"White Noise","floor":2},{"not_picked":["Sweeping Beam","Hologram","Barrage"],"picked":"SKIP","floor":3},{"not_picked":["Recycle","Conserve Battery"],"picked":"Coolheaded","floor":5},{"not_picked":["Auto Shields","Reprogram"],"picked":"Creative AI","floor":6},{"not_picked":["Steam","Go for the Eyes"],"picked":"Conserve Battery","floor":8},{"not_picked":["Compile Driver","Glacier"],"picked":"Turbo","floor":10},{"not_picked":["Cold Snap","Recycle"],"picked":"Genetic Algorithm","floor":13},{"not_picked":["Biased Cognition","Seek"],"picked":"Amplify","floor":16},{"not_picked":["Ball Lightning","Steam Power+1"],"picked":"Steam+1","floor":18},{"not_picked":["Skim","Barrage+1","Sunder"],"picked":"SKIP","floor":21},{"not_picked":["Streamline","Sweeping Beam","Rainbow"],"picked":"SKIP","floor":24},{"not_picked":["Steam Power","Turbo+1","Compile Driver"],"picked":"Singing Bowl","floor":27},{"not_picked":["Barrage","Melter","Loop+1"],"picked":"Singing Bowl","floor":28}],"player_experience":296079,"relics_obtained":[{"floor":6,"key":"Gambling Chip"},{"floor":9,"key":"Bag of Marbles"},{"floor":10,"key":"Mercury Hourglass"},{"floor":24,"key":"Happy Flower"},{"floor":24,"key":"Bag of Preparation"},{"floor":26,"key":"Strawberry"},{"floor":28,"key":"Dream Catcher"},{"floor":28,"key":"Whetstone"}],"event_choices":[{"event_name":"Match and Keep!","player_choice":"3 cards matched","floor":4,"damage_taken":0},{"event_name":"Bonfire Elementals","player_choice":"UNCOMMON","floor":14,"damage_taken":0},{"event_name":"Masked Bandits","player_choice":"Paid Fearfully","floor":20,"damage_taken":0},{"event_name":"Addict","player_choice":"Stole Relic","floor":25,"damage_taken":0}],"is_beta":false,"boss_relics":[{"not_picked":["Velvet Choker","Cursed Key"],"picked":"Black Star"}],"items_purged_floors":[12,19],"is_endless":false,"potions_floor_spawned":[6,10,13,18,21,24],"killed_by":"Cultist and Chosen","ascension_level":0}