{"gold_per_floor":[110,110,35,47,47,47,63,76,149,165,197,181,209,221,221,221],"floor_reached":16,"playtime":1004,"items_purged":["Reaper"],"score":114,"play_id":"3f9ad7e3-9a20-42e0-b1f2-bce9722167cc","local_time":"20181011151908","is_ascension_mode":true,"campfire_choices":[{"data":"Clothesline","floor":6,"key":"SMITH"},{"floor":15,"key":"REST"}],"neow_cost":"NONE","seed_source_timestamp":1891606320265213,"circlet_count":0,"master_deck":["Strike_R","Strike_R","Strike_R","Strike_R","Defend_R","Defend_R","Defend_R","Defend_R","Bash","Shrug It Off","Clothesline+1","Disarm","Blood for Blood","Flex"],"relics":["Burning Blood","Dodecahedron","Boot","Odd Mushroom"],"potions_floor_usage":[11,16],"damage_taken":[{"damage":14,"enemies":"Jaw Worm","floor":1,"turns":7},{"damage":0,"enemies":"Small Slimes","floor":4,"turns":3},{"damage":0,"enemies":"Cultist","floor":7,"turns":3},{"damage":7,"enemies":"Blue Slaver","floor":8,"turns":5},{"damage":21,"enemies":"Lots of Slimes","floor":10,"turns":6},{"damage":20,"enemies":"Lagavulin","floor":11,"turns":8},{"damage":14,"enemies":"Exordium Thugs","floor":12,"turns":4},{"damage":26,"enemies":"The Mushroom Lair","floor":13,"turns":5},{"damage":11,"enemies":"3 Louse","floor":14,"turns":5},{"damage":41,"enemies":"The Guardian","floor":16,"turns":10}],"seed_played":"-3117018609517480274","potions_obtained":[{"floor":7,"key":"EssenceOfSteel"},{"floor":10,"key":"SteroidPotion"},{"floor":12,"key":"Poison Potion"},{"floor":14,"key":"SteroidPotion"}],"is_trial":false,"path_per_floor":["M","?","$","M","?","R","M","M","T","M","E","M","?","M","R"],"character_chosen":"IRONCLAD","items_purchased":[],"campfire_rested":1,"item_purchase_floors":[],"current_hp_per_floor":[74,74,74,80,73,73,79,78,78,63,49,41,21,16,40,0],"gold":221,"neow_bonus":"ONE_RANDOM_RARE_CARD","is_prod":false,"is_daily":false,"chose_seed":false,"campfire_upgraded":1,"win_rate":0,"timestamp":1539289148,"path_taken":["M","?","$","M","?","R","M","M","T","?","E","?","?","?","R","BOSS"],"build_version":"2018-10-04v2","purchased_purges":1,"victory":false,"max_hp_per_floor":[80,80,80,80,80,80,80,80,80,80,80,80,80,80,80,80],"card_choices":[{"not_picked":["Warcry","Pummel"],"picked":"Shrug It Off","floor":1},{"not_picked":["Armaments","Shrug It Off"],"picked":"Clothesline","floor":4},{"not_picked":["Headbutt","True Grit","Reckless Charge"],"picked":"SKIP","floor":7},{"not_picked":["Entrench","Heavy Blade"],"picked":"Disarm","floor":8},{"not_picked":["Iron Wave","True Grit","Clothesline"],"picked":"SKIP","floor":10},{"not_picked":["Intimidate","Barricade"],"picked":"Blood for Blood","floor":11},{"not_picked":["Wild Strike","Disarm","Corruption"],"picked":"SKIP","floor":12},{"not_picked":["Cleave","Reckless Charge"],"picked":"Flex","floor":14}],"player_experience":431052,"relics_obtained":[{"floor":9,"key":"Dodecahedron"},{"floor":11,"key":"Boot"},{"floor":13,"key":"Odd Mushroom"}],"event_choices":[{"event_name":"Liars Game","player_choice":"disagreed","floor":2,"damage_taken":0},{"event_name":"Golden Wing","player_choice":"Card Removal","floor":5,"damage_taken":0},{"event_name":"Mushrooms","player_choice":"Fought Mushrooms","floor":13,"damage_taken":0}],"is_beta":false,"boss_relics":[],"items_purged_floors":[3],"is_endless":false,"potions_floor_spawned":[7,10,12,14],"killed_by":"The Guardian","ascension_level":2}