{"gold_per_floor":[116,135,135,135,85,85,114,114,114,64,75,126,136,154,154,253,253,253,107,107,107,107,107,107,107,107,107,107,107,107,37,37,37,37,37,37,37,37,37,37,37,37,37,37,37,37,37,37,37,37],"floor_reached":50,"playtime":2746,"items_purged":["Defend_G"],"score":506,"play_id":"a08d3e53-e6ec-4302-8f76-ef4ad0faeaed","local_time":"20181003194600","is_ascension_mode":true,"campfire_choices":[{"data":"Defend_G","floor":6,"key":"SMITH"},{"data":"Defend_G","floor":8,"key":"SMITH"},{"data":"Dagger Spray","floor":15,"key":"SMITH"},{"data":"A Thousand Cuts","floor":24,"key":"SMITH"},{"floor":28,"key":"REST"},{"data":"Neutralize","floor":30,"key":"SMITH"},{"data":"Survivor","floor":32,"key":"SMITH"},{"data":"Noxious Fumes","floor":40,"key":"SMITH"},{"floor":45,"key":"REST"},{"floor":49,"key":"REST"}],"neow_cost":"NONE","seed_source_timestamp":1214651862243501,"circlet_count":0,"master_deck":["Defend_G+1","Defend_G+1","Defend_G+1","Strike_G+1","Strike_G+1","Strike_G+1","Survivor+1","Neutralize+1","Die Die Die","All Out Attack","Infinite Blades","Dagger Spray+1","Deadly Poison+1","Blur+1","Night Terror+1","Backflip+1","Crippling Poison+1","Finisher+1","A Thousand Cuts+1","Setup+1","Noxious Fumes+1","Phantasmal Killer+1","Bane+1","Catalyst+1","Madness+1","Madness+1","Footwork+1","Caltrops+1","Doubt","Die Die Die"],"relics":["Ring of the Snake","Strawberry","Toxic Egg 2","Ectoplasm","Nloth\u0027s Gift","Mercury Hourglass","Turnip","Sozu","Nunchaku","Whetstone","Snake Skull"],"potions_floor_usage":[41,50],"damage_taken":[{"damage":0,"enemies":"2 Louse","floor":1,"turns":2},{"damage":2,"enemies":"Small Slimes","floor":2,"turns":3},{"damage":13,"enemies":"3 Sentries","floor":7,"turns":7},{"damage":3,"enemies":"Jaw Worm","floor":11,"turns":2},{"damage":0,"enemies":"Blue Slaver","floor":13,"turns":3},{"damage":0,"enemies":"Looter","floor":14,"turns":3},{"damage":31,"enemies":"Slime Boss","floor":16,"turns":11},{"damage":2,"enemies":"Chosen","floor":18,"turns":4},{"damage":8,"enemies":"Colosseum Slavers","floor":20,"turns":4},{"damage":19,"enemies":"Gremlin Leader","floor":23,"turns":6},{"damage":3,"enemies":"3 Byrds","floor":25,"turns":3},{"damage":13,"enemies":"Snake Plant","floor":27,"turns":4},{"damage":44,"enemies":"Automaton","floor":33,"turns":11},{"damage":16,"enemies":"3 Darklings","floor":35,"turns":3},{"damage":0,"enemies":"Mind Bloom Boss Battle","floor":36,"turns":6},{"damage":7,"enemies":"Orb Walker","floor":39,"turns":3},{"damage":5,"enemies":"Reptomancer","floor":41,"turns":5},{"damage":0,"enemies":"Maw","floor":44,"turns":5},{"damage":12,"enemies":"3 Darklings","floor":47,"turns":4},{"damage":42,"enemies":"Spire Growth","floor":48,"turns":4},{"damage":50,"enemies":"Donu and Deca","floor":50,"turns":3}],"seed_played":"-4359280243856383742","potions_obtained":[{"floor":1,"key":"Regen Potion"},{"floor":14,"key":"SteroidPotion"},{"floor":16,"key":"SteroidPotion"}],"is_trial":false,"path_per_floor":["M","M","?","?","?","R","E","R","T","$","M","T","M","M","R","B",null,"M","$","?","?","?","E","R","M","T","M","R","?","R","$","R","B",null,"M","?","?","T","M","R","M","$","T","M","R","?","M","M","R"],"character_chosen":"THE_SILENT","items_purchased":["Deadly Poison+1","Crippling Poison+1","Noxious Fumes"],"campfire_rested":3,"item_purchase_floors":[10,19,31],"current_hp_per_floor":[70,68,61,61,61,61,55,55,55,55,52,52,52,52,52,21,77,75,75,67,67,67,48,48,45,45,32,55,55,55,55,55,11,77,61,61,51,51,44,44,39,39,39,39,62,62,50,8,31,0],"gold":37,"neow_bonus":"ONE_RANDOM_RARE_CARD","is_prod":false,"is_daily":false,"chose_seed":false,"campfire_upgraded":7,"win_rate":0,"timestamp":1538613960,"path_taken":["M","M","?","?","?","R","E","R","T","$","M","?","M","M","R","BOSS","M","$","?","?","?","E","R","M","T","M","R","?","R","$","R","BOSS","M","?","?","?","M","R","?","?","T","?","R","?","M","M","R","BOSS"],"build_version":"2018-09-27","purchased_purges":1,"victory":false,"max_hp_per_floor":[70,70,70,70,70,70,77,77,77,77,77,77,77,77,77,77,77,77,77,77,77,77,77,77,77,77,77,77,77,77,77,77,77,77,77,77,77,77,77,77,77,77,77,77,77,77,77,77,77,77],"card_choices":[{"not_picked":["Finisher","Prepared"],"picked":"All Out Attack","floor":1},{"not_picked":["Eviscerate","Concentrate"],"picked":"Infinite Blades","floor":2},{"not_picked":["Bouncing Flask","Backstab"],"picked":"Dagger Spray","floor":7},{"not_picked":["Dagger Spray","Sucker Punch","Dagger Throw"],"picked":"SKIP","floor":11},{"not_picked":["Blade Dance+1","Cloak And Dagger+1"],"picked":"Blur+1","floor":13},{"not_picked":["Dagger Spray","Heel Hook","Distraction+1"],"picked":"SKIP","floor":14},{"not_picked":["Grand Finale","Unload"],"picked":"Night Terror+1","floor":16},{"not_picked":["Deflect+1","PiercingWail+1"],"picked":"Backflip+1","floor":18},{"not_picked":["Deflect+1","Malaise+1"],"picked":"A Thousand Cuts","floor":23},{"not_picked":["Acrobatics+1","All Out Attack"],"picked":"Setup+1","floor":25},{"not_picked":["Outmaneuver+1","Dodge and Roll+1","Dagger Throw"],"picked":"SKIP","floor":27},{"not_picked":["Grand Finale","Storm of Steel+1"],"picked":"Phantasmal Killer+1","floor":33},{"not_picked":["Masterful Stab+1","Acrobatics+1"],"picked":"Bane","floor":35},{"not_picked":["Blur+1","Blade Dance+1"],"picked":"Catalyst+1","floor":36},{"not_picked":["Deadly Poison+1","Sucker Punch+1"],"picked":"Footwork+1","floor":39},{"not_picked":["Backstab","Deflect+1","Doppelganger+1"],"picked":"SKIP","floor":41},{"not_picked":["Sucker Punch","Bane+1"],"picked":"Caltrops+1","floor":44},{"not_picked":["Concentrate+1","Dodge and Roll+1","Bane"],"picked":"SKIP","floor":47},{"not_picked":["Dagger Throw+1","Predator+1","Backstab+1"],"picked":"SKIP","floor":48}],"player_experience":360541,"relics_obtained":[{"floor":7,"key":"Strawberry"},{"floor":9,"key":"Toxic Egg 2"},{"floor":12,"key":"Orichalcum"},{"floor":23,"key":"Mercury Hourglass"},{"floor":26,"key":"Turnip"},{"floor":36,"key":"Nunchaku"},{"floor":38,"key":"Whetstone"},{"floor":43,"key":"Snake Skull"}],"event_choices":[{"event_name":"Golden Wing","player_choice":"Card Removal","floor":3,"damage_taken":0},{"event_name":"Living Wall","player_choice":"Forget","floor":4,"damage_taken":0},{"event_name":"The Cleric","player_choice":"Card Removal","floor":5,"damage_taken":0},{"event_name":"Colosseum","player_choice":"Fight","floor":20,"damage_taken":0},{"event_name":"Colosseum","player_choice":"Fled From Nobs","floor":20,"damage_taken":0},{"event_name":"The Library","player_choice":"Read","floor":21,"damage_taken":0},{"event_name":"N\u0027loth","player_choice":"Traded a Orichalcum","floor":22,"damage_taken":0},{"event_name":"Back to Basics","player_choice":"Simplicity","floor":29,"damage_taken":0},{"event_name":"MindBloom","player_choice":"Fight","floor":36,"damage_taken":0},{"event_name":"Winding Halls","player_choice":"Embrace Madness","floor":37,"damage_taken":0},{"event_name":"Match and Keep!","player_choice":"2 cards matched","floor":46,"damage_taken":0}],"is_beta":false,"boss_relics":[{"not_picked":["Tiny House","Calling Bell"],"picked":"Ectoplasm"},{"not_picked":["Lizard Tail","Black Star"],"picked":"Sozu"}],"items_purged_floors":[19],"is_endless":false,"potions_floor_spawned":[1,14,16,23,25,36,44,47,48],"killed_by":"Donu and Deca","ascension_level":1}