{"gold_per_floor":[119,135,146,146,156,156,175,191,191,191,222,22,22,22,22,121,121,132,8,21,21,40,40,40],"floor_reached":24,"playtime":1414,"items_purged":["Regret"],"score":297,"play_id":"832efbef-d687-4da8-bf9e-3d846b18903d","local_time":"20191016152937","is_ascension_mode":true,"campfire_choices":[{"floor":6,"key":"REST"},{"floor":10,"key":"REST"},{"data":"Zap","floor":15,"key":"SMITH"},{"data":"Auto Shields","floor":23,"key":"SMITH"}],"neow_cost":"CURSE","seed_source_timestamp":155730844588400,"circlet_count":0,"master_deck":["AscendersBane","Strike_B","Strike_B","Strike_B","Strike_B","Defend_B","Defend_B","Defend_B","Defend_B","Zap+1","Dualcast","Thinking Ahead","Swift Strike","Leap","Hologram","Sweeping Beam","Self Repair","Cold Snap","Skim","Auto Shields+1","Ball Lightning","Electrodynamics","Ball Lightning","Defragment","Leap+1","Ball Lightning","Echo Form"],"relics":["Cracked Core","Dodecahedron","Mercury Hourglass","Question Card","Toxic Egg 2","Sozu","SsserpentHead"],"potions_floor_usage":[11,11,20],"damage_taken":[{"damage":2,"enemies":"Cultist","floor":1,"turns":4},{"damage":3,"enemies":"Small Slimes","floor":2,"turns":3},{"damage":7,"enemies":"Jaw Worm","floor":3,"turns":3},{"damage":31,"enemies":"Gremlin Gang","floor":5,"turns":5},{"damage":24,"enemies":"Exordium Wildlife","floor":7,"turns":5},{"damage":14,"enemies":"Exordium Thugs","floor":8,"turns":4},{"damage":30,"enemies":"Lagavulin","floor":11,"turns":7},{"damage":28,"enemies":"The Guardian","floor":16,"turns":12},{"damage":1,"enemies":"Chosen","floor":18,"turns":3},{"damage":0,"enemies":"Spheric Guardian","floor":20,"turns":2},{"damage":13,"enemies":"Snake Plant","floor":22,"turns":4},{"damage":65,"enemies":"Slavers","floor":24,"turns":3}],"seed_played":"-3172641004522882661","potions_obtained":[{"floor":1,"key":"Dexterity Potion"},{"floor":7,"key":"Regen Potion"},{"floor":11,"key":"Swift Potion"},{"floor":16,"key":"Dexterity Potion"}],"is_trial":false,"path_per_floor":["M","M","M","T","M","R","M","M","T","R","E","$","?","?","R","B",null,"M","$","M","?","M","R","E"],"character_chosen":"DEFECT","items_purchased":["Auto Shields","Ball Lightning","Defragment","Leap+1"],"campfire_rested":2,"item_purchase_floors":[12,12,19,19],"current_hp_per_floor":[66,63,56,56,25,47,23,9,9,31,23,23,48,45,45,24,62,61,61,61,61,55,55,0],"gold":40,"neow_bonus":"RANDOM_COLORLESS_2","is_prod":false,"is_daily":false,"chose_seed":false,"campfire_upgraded":2,"win_rate":0,"timestamp":1571257777,"path_taken":["M","M","?","?","M","R","M","M","T","R","E","$","?","?","R","BOSS","M","$","M","?","M","R","E"],"build_version":"2019-07-17","purchased_purges":1,"victory":false,"max_hp_per_floor":[75,75,75,75,75,75,75,75,75,75,75,75,75,75,75,75,75,75,75,75,75,75,75,75],"card_choices":[{"not_picked":["Coolheaded","Stack"],"picked":"Leap","floor":1},{"not_picked":["Leap","Turbo"],"picked":"Hologram","floor":2},{"not_picked":["Beam Cell","Go for the Eyes"],"picked":"Sweeping Beam","floor":3},{"not_picked":["Storm","Leap","Heatsinks"],"picked":"SKIP","floor":5},{"not_picked":["Gash","Genetic Algorithm"],"picked":"Self Repair","floor":7},{"not_picked":["Coolheaded","Ball Lightning"],"picked":"Cold Snap","floor":8},{"not_picked":["Hologram","Hyperbeam"],"picked":"Skim","floor":11},{"not_picked":["Seek+1","Meteor Strike","Fission+1"],"picked":"Electrodynamics","floor":16},{"not_picked":["Force Field+1","Sweeping Beam","Turbo+1"],"picked":"Ball Lightning","floor":18},{"not_picked":["Cold Snap","Lockon","Compile Driver"],"picked":"Ball Lightning","floor":20},{"not_picked":["Compile Driver+1","Lockon","Beam Cell"],"picked":"Echo Form","floor":22}],"player_experience":857160,"relics_obtained":[{"floor":4,"key":"Dodecahedron"},{"floor":9,"key":"Mercury Hourglass"},{"floor":11,"key":"Question Card"}],"event_choices":[{"damage_healed":25,"gold_gain":0,"player_choice":"Banana","damage_taken":0,"max_hp_gain":0,"max_hp_loss":0,"event_name":"Big Fish","floor":13,"gold_loss":0},{"damage_healed":0,"gold_gain":0,"player_choice":"Success","damage_taken":3,"relics_obtained":["Toxic Egg 2"],"max_hp_gain":0,"max_hp_loss":0,"event_name":"Scrap Ooze","floor":14,"gold_loss":0},{"damage_healed":0,"gold_gain":0,"player_choice":"Trade","damage_taken":0,"relics_obtained":["SsserpentHead"],"max_hp_gain":0,"max_hp_loss":0,"event_name":"FaceTrader","floor":21,"gold_loss":0}],"is_beta":false,"boss_relics":[{"not_picked":["Runic Dome","FrozenCore"],"picked":"Sozu"}],"items_purged_floors":[12],"is_endless":false,"potions_floor_spawned":[1,7,11,16],"killed_by":"Slavers","ascension_level":10}