{"path_per_floor":["M","M","$","?","M","R","M","R","T","M","M","M","R","M","R","B",null,"M","?","M","$","M","R","E","R","T","$","E","M","?","?","R","B",null,"M","M","$","?","?","M","T","R","T","$","?","M","R","M","R"],"character_chosen":"THE_SILENT","items_purchased":["Noxious Fumes","Caltrops","Footwork"],"gold_per_floor":[114,133,65,65,81,81,98,98,98,113,126,141,141,151,151,252,282,300,215,225,73,87,87,113,113,113,13,46,58,58,58,58,163,163,183,201,8,8,8,25,25,25,25,25,25,45,45,64,64],"floor_reached":50,"campfire_rested":7,"playtime":5947,"current_hp_per_floor":[68,68,68,54,54,70,64,64,78,78,76,68,68,57,82,63,89,86,86,84,84,84,84,56,82,82,82,58,34,63,63,89,28,89,50,29,29,29,29,27,27,53,53,53,53,31,57,49,75],"items_purged":["Expertise","Strike_G","Crippling Poison"],"gold":64,"score":449,"play_id":"a7d85162-b06d-47bb-86fd-b44a6044caa4","local_time":"20180306185343","is_prod":false,"is_daily":false,"is_ascension_mode":false,"campfire_upgraded":3,"timestamp":1520384023,"path_taken":["M","M","$","?","?","R","M","R","T","M","M","?","R","M","R","BOSS","M","?","M","$","M","R","E","R","T","$","E","M","?","?","R","BOSS","M","M","$","?","?","M","?","R","T","$","?","M","R","M","R","BOSS"],"build_version":"2018-03-01-PROD1","purchased_purges":3,"victory":false,"master_deck":["Defend_G","Defend_G","Defend_G","Defend_G+1","Defend_G","Strike_G","Strike_G","Strike_G+1","Survivor","Neutralize+1","Phantasmal Killer+1","Deadly Poison","Well Laid Plans","Noxious Fumes+1","Backflip","Cloak And Dagger","Backflip","Poisoned Stab","Footwork+1","Infinite Blades+1","Caltrops","Cloak And Dagger","Accuracy","Footwork","Infinite Blades+1","Deflect+1"],"max_hp_per_floor":[70,70,70,70,70,70,70,70,84,84,84,84,84,84,84,84,89,89,89,89,89,89,89,89,89,89,89,89,89,89,89,89,89,89,89,89,89,89,89,89,89,89,89,89,89,89,89,89,89],"relics":["Ring of the Snake","Mango","Tiny House","Ornamental Fan","Bottled Tornado","Shovel","Dream Catcher","The Specimen","Peace Pipe","Smiling Mask"],"card_choices":[{"not_picked":["Bane","Deflect"],"picked":"Deadly Poison"},{"not_picked":["Outmaneuver","Backflip"],"picked":"Well Laid Plans"},{"not_picked":["All Out Attack","Deflect"],"picked":"Backflip"},{"not_picked":["Skewer","Prepared"],"picked":"Cloak And Dagger"},{"not_picked":["Prepared","Expertise"],"picked":"Backflip"},{"not_picked":["Dagger Spray","Deflect"],"picked":"Poisoned Stab"},{"not_picked":["Leg Sweep","All Out Attack"],"picked":"Footwork"},{"not_picked":["Underhanded Strike","Malaise"],"picked":"Expertise"},{"not_picked":["Deadly Poison","Sucker Punch"],"picked":"Infinite Blades"},{"not_picked":["Phantasmal Killer","Bane"],"picked":"Cloak And Dagger"},{"not_picked":["Cloak And Dagger","Slice"],"picked":"Bouncing Flask"},{"not_picked":["Flying Knee","Reflex"],"picked":"Crippling Poison"},{"not_picked":["Bane","Bouncing Flask"],"picked":"Accuracy"},{"not_picked":["Backstab","Terror"],"picked":"Infinite Blades"},{"not_picked":["Distraction","Underhanded Strike"],"picked":"Deflect"}],"player_experience":69835,"potions_floor_usage":[28,33,40,46,48,50],"damage_taken":[{"damage":2.0,"enemies":"2 Louse","floor":1.0,"turns":4.0},{"damage":0.0,"enemies":"Small Slimes","floor":2.0,"turns":4.0},{"damage":0.0,"enemies":"Cultist","floor":5.0,"turns":3.0},{"damage":6.0,"enemies":"Lots of Slimes","floor":7.0,"turns":4.0},{"damage":0.0,"enemies":"Gremlin Gang","floor":10.0,"turns":5.0},{"damage":2.0,"enemies":"Exordium Wildlife","floor":11.0,"turns":6.0},{"damage":8.0,"enemies":"2 Fungi Beasts","floor":12.0,"turns":4.0},{"damage":11.0,"enemies":"3 Louse","floor":14.0,"turns":4.0},{"damage":19.0,"enemies":"Hexaghost","floor":16.0,"turns":9.0},{"damage":3.0,"enemies":"Shell Parasite","floor":18.0,"turns":9.0},{"damage":2.0,"enemies":"Chosen","floor":20.0,"turns":6.0},{"damage":0.0,"enemies":"Centurion and Healer","floor":22.0,"turns":7.0},{"damage":28.0,"enemies":"Slavers","floor":24.0,"turns":6.0},{"damage":36,"enemies":"Gremlin Leader","floor":28,"turns":7},{"damage":24,"enemies":"Cultist and Chosen","floor":29,"turns":7},{"damage":61,"enemies":"Collector","floor":33,"turns":11},{"damage":39,"enemies":"Orb Walker","floor":35,"turns":7},{"damage":21,"enemies":"3 Darklings","floor":36,"turns":9},{"damage":2,"enemies":"Maw","floor":40,"turns":10},{"damage":22,"enemies":"4 Shapes","floor":46,"turns":7},{"damage":8,"enemies":"Sphere and 2 Shapes","floor":48,"turns":9},{"damage":80,"enemies":"Time Eater","floor":50,"turns":9}],"event_choices":[{"event_name":"Shining Light","player_choice":"Entered Light","floor":4.0,"damage_taken":0.0},{"event_name":"Addict","player_choice":"Obtained Relic","floor":19.0,"damage_taken":0.0},{"event_name":"The Library","player_choice":"Heal","floor":30,"damage_taken":0},{"event_name":"Vampires","player_choice":"Ignored","floor":31,"damage_taken":0},{"event_name":"Mysterious Sphere","player_choice":"Ignore","floor":39,"damage_taken":0},{"event_name":"Transmorgrifier","player_choice":"Skipped","floor":45,"damage_taken":0}],"boss_relics":[{"not_picked":["Black Star","Runic Pyramid"],"picked":"The Specimen"}],"potions_floor_spawned":[7,10,12,14,18,22,28,33,40,46,48],"seed_played":"4087227293266759437","killed_by":"Time Eater","ascension_level":0,"is_trial":false}