{"gold_per_floor":[114,131,188,201,211,211,241,241,241,260,277,304,322,339,339,436,436,455,455,302,319,331,357,357,357,357,370,72,107,107,7,7,109,109,125,5,5,5,25,25,57,57,57,57,70,70,70,39,39,39],"floor_reached":50,"playtime":3101,"items_purged":["Strike_B","Defend_B","Strike_B","Strike_B"],"score":572,"play_id":"2ddfa42b-cebc-46b6-8850-8eb41ef68380","local_time":"20181009023322","is_ascension_mode":true,"campfire_choices":[{"data":"Zap","floor":6,"key":"SMITH"},{"data":"Darkness","floor":8,"key":"SMITH"},{"floor":15,"key":"REST"},{"floor":24,"key":"REST"},{"data":"Dualcast","floor":30,"key":"SMITH"},{"data":"Steam","floor":32,"key":"SMITH"},{"floor":40,"key":"REST"},{"floor":44,"key":"REST"},{"floor":47,"key":"REST"},{"floor":49,"key":"REST"}],"neow_cost":"","seed_source_timestamp":1670765820515089,"circlet_count":0,"master_deck":["Strike_B+1","Defend_B","Defend_B","Defend_B","Zap+1","Dualcast+1","Hologram","Sunder","Leap","Darkness+1","Steam+1","Ball Lightning","Creative AI+1","Storm","All For One+1","Reinforced Body","Steam+1","Redo+1","Seek","Thunder Strike","Ball Lightning","Madness","Madness","Leap+1","Auto Shields"],"relics":["Cracked Core","Vajra","Centennial Puzzle","Symbiotic Virus","Busted Crown","Prayer Wheel","Sundial","Lee\u0027s Waffle","The Courier","Lizard Tail","Matryoshka","Anchor","Whetstone"],"potions_floor_usage":[12,16,21,23,35,41,50,50],"damage_taken":[{"damage":3,"enemies":"2 Louse","floor":1,"turns":4},{"damage":4,"enemies":"Jaw Worm","floor":2,"turns":4},{"damage":0,"enemies":"Cultist","floor":4,"turns":3},{"damage":0,"enemies":"Large Slime","floor":5,"turns":5},{"damage":16,"enemies":"Gremlin Nob","floor":7,"turns":3},{"damage":1,"enemies":"Exordium Thugs","floor":10,"turns":4},{"damage":2,"enemies":"2 Fungi Beasts","floor":11,"turns":3},{"damage":22,"enemies":"3 Sentries","floor":12,"turns":6},{"damage":4,"enemies":"Red Slaver","floor":13,"turns":2},{"damage":8,"enemies":"Blue Slaver","floor":14,"turns":3},{"damage":14,"enemies":"Hexaghost","floor":16,"turns":8},{"damage":12,"enemies":"3 Byrds","floor":18,"turns":4},{"damage":25,"enemies":"2 Thieves","floor":21,"turns":4},{"damage":12,"enemies":"Centurion and Healer","floor":22,"turns":4},{"damage":25,"enemies":"Gremlin Leader","floor":23,"turns":8},{"damage":1,"enemies":"Cultist and Chosen","floor":27,"turns":4},{"damage":11,"enemies":"Slavers","floor":29,"turns":7},{"damage":50,"enemies":"Automaton","floor":33,"turns":7},{"damage":15,"enemies":"3 Shapes","floor":35,"turns":3},{"damage":7,"enemies":"Orb Walker","floor":39,"turns":3},{"damage":72,"enemies":"2 Orb Walkers","floor":41,"turns":5},{"damage":15,"enemies":"Reptomancer","floor":45,"turns":5},{"damage":92,"enemies":"Awakened One","floor":50,"turns":7}],"seed_played":"6995909908076151158","potions_obtained":[{"floor":4,"key":"GamblersBrew"},{"floor":5,"key":"Weak Potion"},{"floor":11,"key":"FocusPotion"},{"floor":12,"key":"SteroidPotion"},{"floor":21,"key":"LiquidBronze"},{"floor":22,"key":"GamblersBrew"},{"floor":29,"key":"Fire Potion"},{"floor":35,"key":"Poison Potion"},{"floor":45,"key":"Dexterity Potion"}],"is_trial":false,"path_per_floor":["M","M","?","M","M","R","E","R","T","M","M","E","M","M","R","B",null,"M","?","$","M","M","E","R","?","T","M","$","E","R","$","R","B",null,"M","$","?","?","M","R","E","$","T","R","M","?","R","$","R"],"character_chosen":"DEFECT","items_purchased":["Reinforced Body","Lee\u0027s Waffle","Auto Shields"],"campfire_rested":6,"item_purchase_floors":[20,28,48],"current_hp_per_floor":[72,68,68,68,68,68,52,52,52,51,49,27,23,15,37,23,75,63,63,63,38,26,1,23,28,28,27,82,71,71,71,71,21,82,67,67,59,49,42,66,41,41,41,65,50,50,74,74,82,0],"gold":39,"neow_bonus":"","is_prod":false,"is_daily":false,"chose_seed":false,"campfire_upgraded":4,"win_rate":0,"timestamp":1539070402,"path_taken":["M","M","?","M","M","R","E","R","T","?","M","E","M","?","R","BOSS","M","?","$","M","M","E","R","?","T","M","$","E","R","?","R","BOSS","M","$","?","?","M","R","E","$","T","R","?","?","R","?","R","BOSS"],"build_version":"2018-10-04v2","purchased_purges":4,"victory":false,"max_hp_per_floor":[75,75,75,75,75,75,75,75,75,75,75,75,75,75,75,75,75,75,75,75,75,75,75,75,75,75,75,82,82,82,82,82,82,82,82,82,82,82,82,82,82,82,82,82,82,82,82,82,82,82],"card_choices":[{"not_picked":["Compile Driver","Coolheaded"],"picked":"Hologram","floor":1},{"not_picked":["Turbo","Compile Driver"],"picked":"Sunder","floor":2},{"not_picked":["Defragment","Coolheaded"],"picked":"Leap","floor":4},{"not_picked":["Hologram","Stack"],"picked":"Darkness","floor":5},{"not_picked":["Undo","Cold Snap"],"picked":"Steam","floor":7},{"not_picked":["Steam","Go for the Eyes"],"picked":"Ball Lightning","floor":10},{"not_picked":["Defragment","Chill"],"picked":"Creative AI","floor":11},{"not_picked":["Sweeping Beam","Compile Driver"],"picked":"Stack","floor":12},{"not_picked":["Compile Driver","Skim","Go for the Eyes"],"picked":"SKIP","floor":13},{"not_picked":["Chaos","Double Energy"],"picked":"Storm","floor":14},{"not_picked":["Machine Learning","Multi-Cast"],"picked":"All For One","floor":16},{"not_picked":["Barrage"],"picked":"SKIP","floor":18},{"not_picked":[],"picked":"Steam+1","floor":21},{"not_picked":["Scrape"],"picked":"SKIP","floor":22},{"not_picked":[],"picked":"Redo+1","floor":23},{"not_picked":["Beam Cell"],"picked":"SKIP","floor":27},{"not_picked":["Lockon"],"picked":"SKIP","floor":27},{"not_picked":[],"picked":"Seek","floor":29},{"not_picked":[],"picked":"Thunder Strike","floor":33},{"not_picked":[],"picked":"Ball Lightning","floor":35},{"not_picked":["Lockon"],"picked":"SKIP","floor":35},{"not_picked":["Go for the Eyes"],"picked":"SKIP","floor":39},{"not_picked":["Stack"],"picked":"SKIP","floor":39},{"not_picked":["Turbo"],"picked":"SKIP","floor":41},{"not_picked":[],"picked":"Leap+1","floor":45},{"not_picked":["Coolheaded"],"picked":"SKIP","floor":45}],"player_experience":414978,"relics_obtained":[{"floor":7,"key":"Vajra"},{"floor":9,"key":"Centennial Puzzle"},{"floor":12,"key":"Symbiotic Virus"},{"floor":23,"key":"Prayer Wheel"},{"floor":26,"key":"Sundial"},{"floor":29,"key":"The Courier"},{"floor":41,"key":"Matryoshka"},{"floor":43,"key":"Anchor"},{"floor":43,"key":"Whetstone"}],"event_choices":[{"event_name":"Golden Wing","player_choice":"Gained Gold","floor":3,"damage_taken":0},{"event_name":"Accursed Blacksmith","player_choice":"Forge","floor":19,"damage_taken":0},{"event_name":"Bonfire Elementals","player_choice":"COMMON","floor":25,"damage_taken":0},{"event_name":"Wheel of Change","player_choice":"Damage","floor":37,"damage_taken":0},{"event_name":"Winding Halls","player_choice":"Embrace Madness","floor":38,"damage_taken":0},{"event_name":"The Lab","player_choice":"Got Potions","floor":46,"damage_taken":0}],"is_beta":false,"boss_relics":[{"not_picked":["Astrolabe","Calling Bell"],"picked":"Busted Crown"},{"not_picked":["Inserter","Black Star"],"picked":"Lizard Tail"}],"items_purged_floors":[20,28,31,36],"is_endless":false,"potions_floor_spawned":[4,5,11,12,14,21,22,29,33,35,45],"killed_by":"Awakened One","ascension_level":2}