{"gold_per_floor":[112,122,140,140,40,40,101,101,173,173,184,200,234,46,46,151,151,163,163,180,180,102,102,129,129,156,175,192,217,228,241,241,241],"floor_reached":33,"playtime":2307,"items_purged":["Strike_R"],"score":327,"play_id":"a0556097-3580-4cae-9225-cd2b70f78eb7","local_time":"20181006142547","is_ascension_mode":true,"campfire_choices":[{"data":"Sever Soul","floor":6,"key":"SMITH"},{"data":"Seeing Red","floor":8,"key":"SMITH"},{"data":"Shrug It Off","floor":10,"key":"SMITH"},{"data":"Immolate","floor":15,"key":"SMITH"},{"floor":23,"key":"REST"},{"floor":25,"key":"REST"},{"floor":32,"key":"REST"}],"neow_cost":"NONE","seed_source_timestamp":1455105042320214,"circlet_count":0,"master_deck":["Strike_R","Strike_R","Strike_R","Defend_R","Defend_R","Defend_R","Defend_R","Bash","Seeing Red+1","Shrug It Off+1","Sever Soul+1","Shrug It Off","Clash","Twin Strike","True Grit+1","Immolate+1","Apotheosis+1","Exhume+1","Shrug It Off+1","Metallicize","Ghostly Armor+1","Rampage","Evolve+1","Rage+1"],"relics":["Burning Blood","Tiny Chest","Toxic Egg 2","Pantograph","Fusion Hammer","Lantern","Omamori","Happy Flower"],"potions_floor_usage":[7,13,24,33,33],"damage_taken":[{"damage":0,"enemies":"Small Slimes","floor":1,"turns":3},{"damage":0,"enemies":"Cultist","floor":2,"turns":3},{"damage":3,"enemies":"2 Louse","floor":3,"turns":2},{"damage":27,"enemies":"3 Sentries","floor":7,"turns":8},{"damage":8,"enemies":"Exordium Thugs","floor":11,"turns":3},{"damage":0,"enemies":"Blue Slaver","floor":12,"turns":2},{"damage":25,"enemies":"Lagavulin","floor":13,"turns":8},{"damage":28,"enemies":"Hexaghost","floor":16,"turns":9},{"damage":10,"enemies":"Spheric Guardian","floor":18,"turns":4},{"damage":3,"enemies":"Chosen","floor":20,"turns":3},{"damage":20,"enemies":"Book of Stabbing","floor":24,"turns":6},{"damage":3,"enemies":"Sentry and Sphere","floor":27,"turns":6},{"damage":20,"enemies":"Chosen and Byrds","floor":28,"turns":6},{"damage":26,"enemies":"Gremlin Leader","floor":29,"turns":6},{"damage":10,"enemies":"Snecko","floor":30,"turns":7},{"damage":21,"enemies":"Shelled Parasite and Fungi","floor":31,"turns":4},{"damage":85,"enemies":"Automaton","floor":33,"turns":12}],"seed_played":"-3707604186102542109","potions_obtained":[{"floor":1,"key":"LiquidBronze"},{"floor":2,"key":"SkillPotion"},{"floor":3,"key":"Weak Potion"},{"floor":12,"key":"LiquidBronze"},{"floor":13,"key":"PowerPotion"},{"floor":18,"key":"AttackPotion"},{"floor":27,"key":"FearPotion"}],"is_trial":false,"path_per_floor":["M","M","M","?","$","R","E","R","T","R","M","M","E","$","R","B",null,"M","?","M","$","$","R","E","R","T","M","M","E","M","M","R"],"character_chosen":"IRONCLAD","items_purchased":["Shrug It Off","Apotheosis+1","Metallicize"],"campfire_rested":3,"item_purchase_floors":[5,14,22],"current_hp_per_floor":[80,80,80,80,80,80,59,59,59,59,57,63,44,44,44,47,80,76,76,79,79,79,80,66,80,80,80,66,46,42,27,51,0],"gold":241,"neow_bonus":"TRANSFORM_CARD","is_prod":false,"is_daily":false,"chose_seed":false,"campfire_upgraded":4,"win_rate":0,"timestamp":1538853947,"path_taken":["M","M","M","?","$","R","E","R","T","R","M","?","E","?","R","BOSS","M","?","M","?","$","R","E","R","T","?","M","E","M","M","R","BOSS"],"build_version":"2018-10-04v2","purchased_purges":1,"victory":false,"max_hp_per_floor":[80,80,80,80,80,80,80,80,80,80,80,80,80,80,80,80,80,80,80,80,80,80,80,80,80,80,80,80,80,80,80,80,80],"card_choices":[{"not_picked":["Sword Boomerang","Armaments"],"picked":"Shrug It Off","floor":1},{"not_picked":["Dual Wield","Burning Pact"],"picked":"Sever Soul","floor":2},{"not_picked":["Heavy Blade","Evolve","Corruption"],"picked":"SKIP","floor":3},{"not_picked":["Armaments","Metallicize"],"picked":"Clash","floor":7},{"not_picked":["Thunderclap","Rupture"],"picked":"Twin Strike","floor":11},{"not_picked":["Metallicize","Cleave"],"picked":"True Grit+1","floor":12},{"not_picked":["Evolve","Reckless Charge"],"picked":"Immolate","floor":13},{"not_picked":["Juggernaut","Brutality"],"picked":"Exhume+1","floor":16},{"not_picked":["Iron Wave+1","Infernal Blade+1"],"picked":"Shrug It Off+1","floor":18},{"not_picked":["Perfected Strike","Armaments+1","Havoc+1"],"picked":"SKIP","floor":20},{"not_picked":["Flame Barrier+1","Carnage"],"picked":"Ghostly Armor+1","floor":24},{"not_picked":["Whirlwind+1","Shockwave+1"],"picked":"Rampage","floor":27},{"not_picked":["Rampage","Shockwave+1"],"picked":"Evolve+1","floor":28},{"not_picked":["True Grit+1","Rupture","Pummel"],"picked":"SKIP","floor":29},{"not_picked":["Corruption","Flex+1","Thunderclap+1"],"picked":"SKIP","floor":30},{"not_picked":["Wild Strike","Sword Boomerang"],"picked":"Rage+1","floor":31}],"player_experience":396910,"relics_obtained":[{"floor":7,"key":"Tiny Chest"},{"floor":9,"key":"Toxic Egg 2"},{"floor":13,"key":"Pantograph"},{"floor":24,"key":"Lantern"},{"floor":26,"key":"Omamori"},{"floor":29,"key":"Happy Flower"}],"event_choices":[{"event_name":"Wheel of Change","player_choice":"Full Heal","floor":4,"damage_taken":0},{"event_name":"Vampires","player_choice":"Ignored","floor":19,"damage_taken":0}],"is_beta":false,"boss_relics":[{"not_picked":["Busted Crown","Lizard Tail"],"picked":"Fusion Hammer"}],"items_purged_floors":[5],"is_endless":false,"potions_floor_spawned":[1,2,3,12,13,18,20,27,29,30],"killed_by":"Automaton","ascension_level":2}