{"gold_per_floor":[116,133,9,27,4,4,36,53,103,103,103,103,103,103,103,200,200,215,34,52,52,130,130,148,148,171,171,171,189,189,208,208,208],"floor_reached":33,"playtime":1570,"items_purged":["Strike_G"],"score":402,"play_id":"be8bfecd-1b45-4a7d-9836-daae4e3dcf90","local_time":"20191017142827","is_ascension_mode":true,"campfire_choices":[{"data":"Corpse Explosion","floor":6,"key":"SMITH"},{"data":"Neutralize","floor":10,"key":"SMITH"},{"floor":15,"key":"REST"},{"data":"Burst","floor":23,"key":"SMITH"},{"data":"Deflect","floor":25,"key":"SMITH"},{"data":"Finesse","floor":27,"key":"SMITH"},{"data":"Masterful Stab","floor":30,"key":"SMITH"},{"floor":32,"key":"REST"}],"neow_cost":"PERCENT_DAMAGE","seed_source_timestamp":238303596299900,"circlet_count":0,"master_deck":["AscendersBane","Strike_G","Strike_G","Strike_G+1","Strike_G","Defend_G","Defend_G","Defend_G","Defend_G","Defend_G","Survivor","Neutralize+1","Corpse Explosion+1","Quick Slash","Poisoned Stab","Outmaneuver+1","Deflect+1","Masterful Stab+1","Burst+1","Finesse+1","Backstab","Acrobatics","Terror"],"relics":["Ring of the Snake","The Courier","Bag of Marbles","Sozu","Bag of Preparation","Omamori","Paper Crane","Strawberry"],"potions_floor_usage":[7,8,16,18],"damage_taken":[{"damage":0,"enemies":"Cultist","floor":1,"turns":4},{"damage":2,"enemies":"Jaw Worm","floor":2,"turns":4},{"damage":3,"enemies":"2 Louse","floor":4,"turns":2},{"damage":16,"enemies":"Gremlin Nob","floor":7,"turns":4},{"damage":0,"enemies":"Large Slime","floor":8,"turns":3},{"damage":40,"enemies":"Slime Boss","floor":16,"turns":11},{"damage":18,"enemies":"Shell Parasite","floor":18,"turns":7},{"damage":0,"enemies":"3 Byrds","floor":20,"turns":2},{"damage":0,"enemies":"Cultist and Chosen","floor":24,"turns":2},{"damage":0,"enemies":"Snake Plant","floor":29,"turns":4},{"damage":4,"enemies":"Chosen and Byrds","floor":31,"turns":4},{"damage":72,"enemies":"Collector","floor":33,"turns":6}],"seed_played":"1884499842821426243","potions_obtained":[{"floor":4,"key":"AttackPotion"},{"floor":7,"key":"Explosive Potion"},{"floor":16,"key":"EntropicBrew"}],"is_trial":false,"path_per_floor":["M","M","$","M","$","R","E","M","T","R","?","?","?","?","R","B",null,"M","$","M","?","T","R","M","R","T","R","?","M","R","M","R","B"],"character_chosen":"THE_SILENT","items_purchased":["Fire Potion","Deflect","Bag of Preparation","Finesse"],"campfire_rested":2,"item_purchase_floors":[3,5,19,19],"current_hp_per_floor":[45,43,43,40,40,40,24,24,24,24,41,46,31,24,45,5,55,37,37,37,37,37,37,37,37,44,44,44,44,44,40,63,0],"gold":208,"neow_bonus":"THREE_RARE_CARDS","is_prod":false,"is_daily":false,"chose_seed":false,"campfire_upgraded":6,"win_rate":0,"timestamp":1571340507,"path_taken":["M","M","$","M","$","R","E","M","T","R","?","?","?","?","R","BOSS","M","$","M","?","?","R","M","R","T","R","?","M","R","M","R","BOSS"],"build_version":"2019-07-17","purchased_purges":1,"victory":false,"max_hp_per_floor":[70,70,70,70,70,70,70,70,70,70,70,75,75,72,72,72,72,72,72,72,72,72,72,72,72,79,79,79,79,79,79,79,79],"card_choices":[{"not_picked":["A Thousand Cuts","Phantasmal Killer"],"picked":"Corpse Explosion","floor":0},{"not_picked":["Blur","Expertise"],"picked":"Quick Slash","floor":1},{"not_picked":["PiercingWail","Blur"],"picked":"Poisoned Stab","floor":2},{"not_picked":["Quick Slash","Blade Dance"],"picked":"Outmaneuver","floor":4},{"not_picked":["Sucker Punch","Skewer"],"picked":"Masterful Stab","floor":7},{"not_picked":["Deadly Poison","Dagger Throw","Skewer"],"picked":"SKIP","floor":8},{"not_picked":["Doppelganger","Wraith Form v2"],"picked":"Burst","floor":16},{"not_picked":["Outmaneuver","Poisoned Stab","PiercingWail+1"],"picked":"SKIP","floor":18},{"not_picked":["Endless Agony","PiercingWail","Outmaneuver"],"picked":"SKIP","floor":20},{"not_picked":["Slice","Concentrate"],"picked":"Backstab","floor":24},{"not_picked":["Backstab","Masterful Stab"],"picked":"Acrobatics","floor":29},{"not_picked":["Quick Slash","Dagger Spray"],"picked":"Terror","floor":31}],"player_experience":870255,"relics_obtained":[{"floor":7,"key":"The Courier"},{"floor":9,"key":"Bag of Marbles"},{"floor":22,"key":"Paper Crane"},{"floor":26,"key":"Strawberry"}],"event_choices":[{"damage_healed":17,"gold_gain":0,"player_choice":"Healed and dodged fight","damage_taken":0,"max_hp_gain":0,"max_hp_loss":0,"event_name":"Mushrooms","floor":11,"gold_loss":0,"cards_obtained":["Parasite"]},{"damage_healed":0,"gold_gain":0,"player_choice":"Donut","damage_taken":0,"max_hp_gain":5,"max_hp_loss":0,"event_name":"Big Fish","floor":12,"gold_loss":0},{"damage_healed":0,"gold_gain":0,"player_choice":"Entered Light","damage_taken":15,"max_hp_gain":0,"max_hp_loss":0,"event_name":"Shining Light","floor":13,"gold_loss":0,"cards_upgraded":["Strike_G","Outmaneuver"]},{"cards_removed":["Parasite"],"damage_healed":0,"gold_gain":0,"player_choice":"Card Removal","damage_taken":7,"max_hp_gain":0,"max_hp_loss":0,"event_name":"Golden Wing","floor":14,"gold_loss":0},{"damage_healed":0,"gold_gain":0,"player_choice":"Opened","damage_taken":0,"relics_obtained":["Omamori"],"max_hp_gain":0,"max_hp_loss":0,"event_name":"The Mausoleum","floor":21,"gold_loss":0},{"damage_healed":0,"gold_gain":0,"player_choice":"Ignored","damage_taken":0,"max_hp_gain":0,"max_hp_loss":0,"event_name":"Vampires","floor":28,"gold_loss":0}],"is_beta":false,"boss_relics":[{"not_picked":["Astrolabe","Philosopher\u0027s Stone"],"picked":"Sozu"}],"items_purged_floors":[3],"is_endless":false,"potions_floor_spawned":[4,7,16,18,24,31],"killed_by":"Collector","ascension_level":10}