{"gold_per_floor":[119,134,134,88,103,103,120,149,149,149,165,179,211,223,223,328,378,389,235,253,353,372,372],"floor_reached":23,"playtime":1323,"items_purged":["Strike_B"],"score":277,"play_id":"57d88060-07d4-4afe-9407-4f9dd303f3cf","local_time":"20190320003425","is_ascension_mode":true,"campfire_choices":[{"data":"Zap","floor":6,"key":"SMITH"},{"floor":10,"key":"REST"},{"data":"Redo","floor":15,"key":"SMITH"}],"neow_cost":"NONE","seed_source_timestamp":272319898855626,"circlet_count":0,"master_deck":["Strike_B","Defend_B","Defend_B","Zap+1","Dualcast","FTL+1","Sweeping Beam+1","Defragment+1","Go for the Eyes","Loop","Gash","Skim","BootSequence","Sweeping Beam","Leap","Gash+1","Redo+1","Buffer","Chill","Defragment","Leap","White Noise"],"relics":["Astrolabe","Blood Vial","Meat on the Bone","Bottled Lightning","Tiny House"],"potions_floor_usage":[7,12,16,16,18,18,22,23],"damage_taken":[{"damage":1,"enemies":"Cultist","floor":1,"turns":3},{"damage":12,"enemies":"2 Louse","floor":2,"turns":2},{"damage":7,"enemies":"Jaw Worm","floor":5,"turns":2},{"damage":4,"enemies":"Lots of Slimes","floor":7,"turns":3},{"damage":6,"enemies":"Gremlin Nob","floor":8,"turns":3},{"damage":2,"enemies":"2 Fungi Beasts","floor":11,"turns":2},{"damage":8,"enemies":"Looter","floor":12,"turns":3},{"damage":10,"enemies":"3 Sentries","floor":13,"turns":4},{"damage":3,"enemies":"Exordium Thugs","floor":14,"turns":3},{"damage":19,"enemies":"Hexaghost","floor":16,"turns":10},{"damage":11,"enemies":"2 Thieves","floor":18,"turns":4},{"damage":5,"enemies":"Spheric Guardian","floor":20,"turns":5},{"damage":36,"enemies":"Snake Plant","floor":22,"turns":6},{"damage":42,"enemies":"Slavers","floor":23,"turns":6}],"seed_played":"6087362380834537854","potions_obtained":[{"floor":5,"key":"Block Potion"},{"floor":11,"key":"Swift Potion"},{"floor":13,"key":"EssenceOfSteel"},{"floor":14,"key":"SpeedPotion"},{"floor":16,"key":"SpeedPotion"},{"floor":17,"key":"SpeedPotion"},{"floor":20,"key":"PowerPotion"},{"floor":22,"key":"Energy Potion"}],"is_trial":false,"path_per_floor":["M","M","?","$","M","R","M","E","T","R","M","M","E","M","R","B",null,"M","$","M","?","M","E"],"character_chosen":"DEFECT","items_purchased":["Gash","Defragment"],"campfire_rested":1,"item_purchase_floors":[4,19],"current_hp_per_floor":[67,55,55,55,48,48,44,38,38,60,60,54,46,45,45,40,71,62,62,59,59,37,0],"gold":372,"neow_bonus":"BOSS_RELIC","is_prod":false,"is_daily":false,"chose_seed":false,"campfire_upgraded":2,"win_rate":0,"timestamp":1553060065,"path_taken":["M","M","?","$","M","R","?","E","T","R","M","M","E","M","R","BOSS","M","$","M","?","M","E"],"build_version":"2019-01-23","purchased_purges":1,"victory":false,"max_hp_per_floor":[75,75,75,75,75,75,75,75,75,75,75,75,75,75,75,75,80,80,80,80,80,80,80],"card_choices":[{"not_picked":["Coolheaded","Capacitor"],"picked":"Go for the Eyes","floor":1},{"not_picked":["Steam","Barrage"],"picked":"Loop","floor":2},{"not_picked":["Capacitor","Stack"],"picked":"Skim","floor":5},{"not_picked":["Rebound","Streamline"],"picked":"BootSequence","floor":7},{"not_picked":["Steam","Turbo"],"picked":"Sweeping Beam","floor":8},{"not_picked":["Thunder Strike","Barrage"],"picked":"Leap","floor":11},{"not_picked":["Leap","Steam"],"picked":"Gash","floor":12},{"not_picked":["Chaos","Sweeping Beam","Fission"],"picked":"SKIP","floor":13},{"not_picked":["BootSequence","Cold Snap"],"picked":"Redo","floor":14},{"not_picked":["Electrodynamics","All For One"],"picked":"Buffer","floor":16},{"not_picked":["Compile Driver","Darkness"],"picked":"Chill","floor":18},{"not_picked":["Skim+1","Beam Cell+1"],"picked":"Leap","floor":20},{"not_picked":["Meteor Strike","FTL"],"picked":"White Noise","floor":22}],"player_experience":741014,"relics_obtained":[{"floor":8,"key":"Blood Vial"},{"floor":9,"key":"Meat on the Bone"},{"floor":13,"key":"Bottled Lightning"}],"event_choices":[{"cards_removed":["Strike_B"],"damage_healed":0,"gold_gain":0,"player_choice":"Purged","damage_taken":0,"max_hp_gain":0,"max_hp_loss":0,"event_name":"Purifier","floor":3,"gold_loss":0},{"damage_healed":0,"gold_gain":100,"player_choice":"Pray","damage_taken":0,"max_hp_gain":0,"max_hp_loss":0,"event_name":"Golden Shrine","floor":21,"gold_loss":0}],"is_beta":false,"boss_relics":[{"not_picked":["Fusion Hammer","Nuclear Battery"],"picked":"Tiny House"}],"items_purged_floors":[19],"is_endless":false,"potions_floor_spawned":[5,11,13,14,16,20,22],"killed_by":"Slavers","ascension_level":7}