{"gold_per_floor":[117,134,99,99,118,118,129,129,152,32,32,44,54,72,72,167,167,167,92,92,73,90,90,104,104],"floor_reached":25,"playtime":1806,"items_purged":["Strike_G"],"score":286,"play_id":"394db4dc-a816-4fc1-8dbb-e0dc6757e619","local_time":"20191009001949","is_ascension_mode":true,"campfire_choices":[{"data":"Backflip","floor":6,"key":"SMITH"},{"data":"Leg Sweep","floor":8,"key":"SMITH"},{"data":"Poisoned Stab","floor":11,"key":"SMITH"},{"data":"Footwork","floor":15,"key":"SMITH"},{"floor":23,"key":"REST"}],"neow_cost":"NONE","seed_source_timestamp":425434299309800,"circlet_count":0,"master_deck":["Strike_G","Strike_G","Strike_G","Strike_G","Defend_G","Defend_G","Defend_G","Defend_G","Survivor","Neutralize","Flying Knee","Leg Sweep+1","Dagger Throw","Backflip+1","Backstab","Poisoned Stab+1","Slice","Deflect","Footwork+1","Corpse Explosion","Normality","Clumsy","Writhe","A Thousand Cuts","Dagger Spray+1","Quick Slash+1"],"relics":["Ring of the Snake","Regal Pillow","Calling Bell","Bronze Scales","Calipers","Nloth\u0027s Gift"],"potions_floor_usage":[18,25],"damage_taken":[{"damage":0,"enemies":"Cultist","floor":1,"turns":4},{"damage":4,"enemies":"Small Slimes","floor":2,"turns":4},{"damage":4,"enemies":"Jaw Worm","floor":5,"turns":3},{"damage":6,"enemies":"Blue Slaver","floor":7,"turns":4},{"damage":1,"enemies":"Looter","floor":12,"turns":4},{"damage":0,"enemies":"Red Slaver","floor":13,"turns":5},{"damage":4,"enemies":"Exordium Wildlife","floor":14,"turns":7},{"damage":27,"enemies":"The Guardian","floor":16,"turns":14},{"damage":0,"enemies":"Spheric Guardian","floor":18,"turns":3},{"damage":11,"enemies":"2 Thieves","floor":21,"turns":4},{"damage":14,"enemies":"Cultist and Chosen","floor":22,"turns":9},{"damage":32,"enemies":"Sentry and Sphere","floor":24,"turns":8},{"damage":40,"enemies":"Book of Stabbing","floor":25,"turns":5}],"seed_played":"4009257275508925890","potions_obtained":[{"floor":1,"key":"SmokeBomb"},{"floor":2,"key":"Ancient Potion"},{"floor":5,"key":"Ancient Potion"},{"floor":21,"key":"Swift Potion"}],"is_trial":false,"path_per_floor":["M","M","?","?","M","R","M","R","T","$","R","M","M","M","R","B",null,"M","?","?","M","M","R","M","E"],"character_chosen":"THE_SILENT","items_purchased":["Poisoned Stab"],"campfire_rested":1,"item_purchase_floors":[10],"current_hp_per_floor":[63,59,59,59,55,55,49,49,49,49,49,48,48,44,44,17,57,57,57,57,46,32,68,36,0],"gold":104,"neow_bonus":"THREE_CARDS","is_prod":false,"is_daily":false,"chose_seed":false,"campfire_upgraded":4,"win_rate":0,"timestamp":1570598389,"path_taken":["M","?","?","?","M","R","M","R","T","$","R","M","M","?","R","BOSS","M","?","?","M","M","R","M","E"],"build_version":"2019-07-17","purchased_purges":1,"victory":false,"max_hp_per_floor":[70,70,70,70,70,70,70,70,70,70,70,70,70,70,70,70,70,70,70,70,70,70,70,70,70],"card_choices":[{"not_picked":["Sucker Punch","Blade Dance"],"picked":"Flying Knee","floor":0},{"not_picked":["Noxious Fumes","All Out Attack"],"picked":"Leg Sweep","floor":1},{"not_picked":["Blade Dance","Acrobatics"],"picked":"Dagger Throw","floor":2},{"not_picked":["Prepared","Skewer"],"picked":"Backflip","floor":5},{"not_picked":["Slice","Dodge and Roll"],"picked":"Backstab","floor":7},{"not_picked":["Calculated Gamble","Acrobatics"],"picked":"Slice","floor":12},{"not_picked":["Expertise","Flying Knee"],"picked":"Deflect","floor":13},{"not_picked":["Leg Sweep","Quick Slash"],"picked":"Footwork","floor":14},{"not_picked":["Night Terror","Die Die Die"],"picked":"Corpse Explosion","floor":16},{"not_picked":["Dagger Spray","Acrobatics"],"picked":"A Thousand Cuts","floor":21},{"not_picked":["Slice","Masterful Stab"],"picked":"Dagger Spray+1","floor":22},{"not_picked":["Backstab","Blur+1"],"picked":"Quick Slash+1","floor":24}],"player_experience":811431,"relics_obtained":[{"floor":9,"key":"Regal Pillow"},{"floor":17,"key":"Bronze Scales"},{"floor":17,"key":"Sundial"},{"floor":17,"key":"Calipers"}],"event_choices":[{"damage_healed":0,"gold_gain":0,"player_choice":"Left Gold","damage_taken":0,"max_hp_gain":0,"max_hp_loss":0,"event_name":"World of Goop","floor":3,"gold_loss":35},{"damage_healed":0,"gold_gain":0,"player_choice":"Ignored","damage_taken":0,"max_hp_gain":0,"max_hp_loss":0,"event_name":"Liars Game","floor":4,"gold_loss":0},{"cards_removed":["Defend_G"],"damage_healed":0,"gold_gain":0,"player_choice":"Gave Gold","damage_taken":0,"max_hp_gain":0,"max_hp_loss":0,"event_name":"Beggar","floor":19,"gold_loss":75},{"damage_healed":0,"gold_gain":0,"player_choice":"Traded Relic","damage_taken":0,"relics_obtained":["Nloth\u0027s Gift"],"max_hp_gain":0,"max_hp_loss":0,"event_name":"N\u0027loth","floor":20,"relics_lost":["Sundial"],"gold_loss":0}],"is_beta":false,"boss_relics":[{"not_picked":["Runic Pyramid","Fusion Hammer"],"picked":"Calling Bell"}],"items_purged_floors":[10],"is_endless":false,"potions_floor_spawned":[1,2,5,18,21],"killed_by":"Book of Stabbing","ascension_level":9}