{"gold_per_floor":[109,120,20,37,11,42,42,75,126,126,126,137,160,225,225,325,325,342,312,327,107,206,206,222,222,246,263,263,277,277,308,308,405,405,418,418,418,345,445,445,458,458,505,505,517,517,0,28,28,28],"floor_reached":51,"playtime":5411,"items_purged":["Defend_G","Strike_G"],"score":1101,"play_id":"41c8c4dd-77cf-4e65-b3d6-0e52711d8b4d","local_time":"20191030014745","is_ascension_mode":true,"campfire_choices":[{"data":"Predator","floor":7,"key":"SMITH"},{"data":"Leg Sweep","floor":10,"key":"SMITH"},{"floor":15,"key":"REST"},{"data":"Well Laid Plans","floor":23,"key":"SMITH"},{"data":"Dash","floor":28,"key":"SMITH"},{"floor":30,"key":"REST"},{"floor":32,"key":"REST"},{"data":"Madness","floor":40,"key":"SMITH"},{"floor":42,"key":"REST"},{"data":"Madness","floor":44,"key":"SMITH"},{"data":"Footwork","floor":46,"key":"SMITH"},{"floor":49,"key":"REST"}],"neow_cost":"TEN_PERCENT_HP_LOSS","seed_source_timestamp":86067926887500,"circlet_count":0,"master_deck":["AscendersBane","Strike_G","Strike_G","Strike_G","Strike_G","Defend_G+1","Defend_G","Defend_G+1","Survivor","Neutralize","Leg Sweep+1","Footwork+1","Dodge and Roll","Predator+1","Dash+1","Deflect","Blur","Dagger Spray","Well Laid Plans+1","Malaise","Deflect","Quick Slash+1","Outmaneuver","Footwork","Quick Slash","Acrobatics","Parasite","Slice","Deflect","Footwork+1","Die Die Die","Backflip","Glass Knife","Deflect","Madness+1","Madness+1","After Image","Deadly Poison+1","Choke","Blur+1","Clumsy","Slice","Die Die Die","Cloak And Dagger"],"relics":["Ring of the Serpent","FossilizedHelix","Darkstone Periapt","Bottled Lightning","War Paint","Odd Mushroom","Bronze Scales","Cursed Key","Dream Catcher","Happy Flower","Nunchaku","Regal Pillow","Red Mask","Pen Nib"],"potions_floor_usage":[8,13,14,24,33,48,50,50],"damage_taken":[{"damage":0,"enemies":"2 Louse","floor":1,"turns":4},{"damage":2,"enemies":"Small Slimes","floor":2,"turns":4},{"damage":0,"enemies":"Cultist","floor":4,"turns":5},{"damage":0,"enemies":"Exordium Thugs","floor":5,"turns":5},{"damage":23,"enemies":"3 Sentries","floor":6,"turns":11},{"damage":5,"enemies":"Lagavulin","floor":8,"turns":10},{"damage":0,"enemies":"Blue Slaver","floor":12,"turns":4},{"damage":0,"enemies":"The Mushroom Lair","floor":13,"turns":6},{"damage":2,"enemies":"3 Sentries","floor":14,"turns":6},{"damage":37,"enemies":"Slime Boss","floor":16,"turns":17},{"damage":0,"enemies":"3 Byrds","floor":18,"turns":3},{"damage":0,"enemies":"2 Thieves","floor":19,"turns":5},{"damage":10,"enemies":"Snecko","floor":20,"turns":7},{"damage":0,"enemies":"Snake Plant","floor":24,"turns":4},{"damage":0,"enemies":"Centurion and Healer","floor":27,"turns":9},{"damage":36,"enemies":"3 Cultists","floor":29,"turns":7},{"damage":0,"enemies":"Book of Stabbing","floor":31,"turns":8},{"damage":27,"enemies":"Collector","floor":33,"turns":21},{"damage":0,"enemies":"Orb Walker","floor":35,"turns":4},{"damage":4,"enemies":"Mind Bloom Boss Battle","floor":39,"turns":10},{"damage":6,"enemies":"3 Darklings","floor":41,"turns":8},{"damage":0,"enemies":"Spire Growth","floor":45,"turns":7},{"damage":21,"enemies":"Giant Head","floor":48,"turns":13},{"damage":44,"enemies":"Donu and Deca","floor":50,"turns":18}],"seed_played":"-6915030645285585775","potions_obtained":[{"floor":1,"key":"Dexterity Potion"},{"floor":4,"key":"Strength Potion"},{"floor":8,"key":"AttackPotion"},{"floor":13,"key":"Explosive Potion"},{"floor":16,"key":"GamblersBrew"},{"floor":20,"key":"Energy Potion"},{"floor":29,"key":"Poison Potion"},{"floor":39,"key":"SkillPotion"},{"floor":48,"key":"Swift Potion"}],"is_trial":false,"path_per_floor":["M","M","$","M","M","E","R","E","T","R","?","M","?","?","R","B",null,"M","M","M","$","?","R","M","?","T","M","R","M","R","E","R","B",null,"M","?","?","$","?","R","M","R","T","R","M","R","?","E","R","B",null],"character_chosen":"THE_SILENT","items_purchased":["Dodge and Roll","Footwork","Quick Slash","After Image"],"campfire_rested":5,"item_purchase_floors":[3,21,21,38],"current_hp_per_floor":[63,61,61,61,61,38,38,33,33,33,33,33,33,31,49,12,50,50,50,40,40,40,40,40,40,46,46,46,10,30,30,50,23,58,58,58,49,49,45,45,39,59,65,65,65,65,65,44,75,31],"gold":28,"neow_bonus":"ONE_RARE_RELIC","is_prod":false,"is_daily":false,"chose_seed":false,"campfire_upgraded":7,"win_rate":0,"timestamp":1572418065,"path_taken":["M","M","$","M","M","E","R","E","T","R","?","M","?","?","R","BOSS","M","M","M","$","?","R","M","?","T","M","R","M","R","E","R","BOSS","M","?","?","$","?","R","M","R","T","R","M","R","?","E","R","BOSS"],"build_version":"2019-07-17","purchased_purges":2,"victory":true,"max_hp_per_floor":[63,63,63,63,63,63,63,63,63,63,63,63,63,63,63,63,63,63,63,63,63,63,63,63,63,69,69,69,69,69,69,69,69,69,69,69,69,69,69,69,69,69,75,75,75,75,75,75,75,75],"card_choices":[{"not_picked":["Calculated Gamble","Dagger Throw"],"picked":"Leg Sweep","floor":1},{"not_picked":["Quick Slash","Riddle With Holes"],"picked":"Footwork","floor":2},{"not_picked":["Catalyst","Deadly Poison"],"picked":"Predator","floor":4},{"not_picked":["Poisoned Stab","Catalyst"],"picked":"Dash","floor":5},{"not_picked":["Expertise","Poisoned Stab"],"picked":"Deflect","floor":6},{"not_picked":["Caltrops","Flying Knee"],"picked":"Backflip","floor":8},{"not_picked":["Dodge and Roll","Flying Knee"],"picked":"Blur","floor":12},{"not_picked":["Expertise","Caltrops"],"picked":"Dagger Spray","floor":13},{"not_picked":["Acrobatics","Prepared"],"picked":"Well Laid Plans","floor":14},{"not_picked":["After Image","Wraith Form v2"],"picked":"Malaise","floor":16},{"not_picked":["Flying Knee","Blade Dance"],"picked":"Deflect","floor":18},{"not_picked":["Dodge and Roll","Dagger Spray+1"],"picked":"Quick Slash+1","floor":19},{"not_picked":["Bouncing Flask+1","Dagger Spray"],"picked":"Outmaneuver","floor":20},{"not_picked":["Deflect","Terror"],"picked":"Acrobatics","floor":24},{"not_picked":["Cloak And Dagger","Outmaneuver+1"],"picked":"Slice","floor":27},{"not_picked":["Eviscerate","Dodge and Roll"],"picked":"Deflect","floor":29},{"not_picked":["Dagger Throw","Noxious Fumes"],"picked":"Footwork+1","floor":30},{"not_picked":["Masterful Stab+1","Acrobatics"],"picked":"Die Die Die","floor":31},{"not_picked":["Underhanded Strike+1","Predator"],"picked":"Backflip","floor":32},{"not_picked":["Wraith Form v2","Tools of the Trade"],"picked":"Glass Knife","floor":33},{"not_picked":["Reflex+1","Underhanded Strike+1"],"picked":"Deflect","floor":35},{"not_picked":["Bouncing Flask","Outmaneuver+1"],"picked":"Deadly Poison+1","floor":39},{"not_picked":["Eviscerate","Prepared"],"picked":"Choke","floor":41},{"not_picked":["PiercingWail+1","Expertise"],"picked":"Blur+1","floor":42},{"not_picked":["Skewer","Dodge and Roll"],"picked":"Slice","floor":45},{"not_picked":["Endless Agony+1","Skewer"],"picked":"Die Die Die","floor":48},{"not_picked":["Sucker Punch","Eviscerate"],"picked":"Cloak And Dagger","floor":49}],"player_experience":949005,"relics_obtained":[{"floor":6,"key":"Darkstone Periapt"},{"floor":8,"key":"Bottled Lightning"},{"floor":9,"key":"War Paint"},{"floor":13,"key":"Odd Mushroom"},{"floor":14,"key":"Bronze Scales"},{"floor":26,"key":"Dream Catcher"},{"floor":31,"key":"Happy Flower"},{"floor":39,"key":"Nunchaku"},{"floor":43,"key":"Regal Pillow"},{"floor":48,"key":"Pen Nib"}],"event_choices":[{"cards_removed":["Defend_G"],"damage_healed":0,"gold_gain":0,"player_choice":"Forget","damage_taken":0,"max_hp_gain":0,"max_hp_loss":0,"event_name":"Living Wall","floor":11,"gold_loss":0},{"damage_healed":0,"gold_gain":0,"player_choice":"Fought Mushrooms","damage_taken":0,"max_hp_gain":0,"max_hp_loss":0,"event_name":"Mushrooms","floor":13,"gold_loss":0},{"damage_healed":0,"gold_gain":30,"player_choice":"Searched \u00272\u0027 times","damage_taken":0,"max_hp_gain":0,"max_hp_loss":0,"event_name":"Dead Adventurer","floor":14,"gold_loss":0},{"damage_healed":0,"gold_gain":99,"player_choice":"Stole From Cult","damage_taken":0,"max_hp_gain":0,"max_hp_loss":0,"event_name":"Nest","floor":22,"gold_loss":0},{"damage_healed":0,"gold_gain":0,"player_choice":"Ignored","damage_taken":0,"max_hp_gain":0,"max_hp_loss":0,"event_name":"Vampires","floor":25,"gold_loss":0},{"cards_removed":["Backflip"],"damage_healed":0,"gold_gain":0,"player_choice":"Removed Skill","damage_taken":0,"max_hp_gain":0,"max_hp_loss":0,"event_name":"Falling","floor":36,"gold_loss":0},{"damage_healed":0,"gold_gain":0,"player_choice":"Embrace Madness","damage_taken":9,"max_hp_gain":0,"max_hp_loss":0,"event_name":"Winding Halls","floor":37,"gold_loss":0,"cards_obtained":["Madness","Madness"]},{"damage_healed":0,"gold_gain":0,"player_choice":"Fight","damage_taken":0,"max_hp_gain":0,"max_hp_loss":0,"event_name":"MindBloom","floor":39,"gold_loss":0},{"damage_healed":0,"gold_gain":0,"player_choice":"Paid","damage_taken":0,"relics_obtained":["Red Mask"],"max_hp_gain":0,"max_hp_loss":0,"event_name":"Tomb of Lord Red Mask","floor":47,"gold_loss":517}],"is_beta":false,"boss_relics":[{"not_picked":["Black Star","Philosopher\u0027s Stone"],"picked":"Cursed Key"},{"not_picked":["Runic Dome","Tiny House"],"picked":"Ring of the Serpent"}],"items_purged_floors":[3,21],"is_endless":false,"potions_floor_spawned":[1,4,8,12,13,16,18,19,20,29,39,41,48],"ascension_level":11}