{"path_per_floor":["M","M","?","$","M","R","E","R","T","M","?","M","M","M","R","B",null,"M","M","?","$","M"],"character_chosen":"IRONCLAD","items_purchased":["Body Slam","Metallicize"],"gold_per_floor":[111,126,126,4,18,18,51,51,74,88,88,108,127,141,141,241,241,258,274,189,12,30],"floor_reached":23,"campfire_rested":0,"playtime":2000,"current_hp_per_floor":[74,73,78,78,84,84,82,82,82,84,66,64,66,72,72,41,85,85,85,85,85,47],"items_purged":["Bash","Strike_R"],"gold":30,"score":195,"play_id":"c90ea97e-1833-4a82-8e76-c92e51bc7cd1","local_time":"20180308024210","is_prod":false,"is_daily":false,"is_ascension_mode":false,"campfire_upgraded":3,"timestamp":1520498530,"path_taken":["M","M","?","$","M","R","E","R","T","M","?","M","?","M","R","BOSS","M","M","?","$","M","E"],"build_version":"2018-03-01-PROD1","purchased_purges":2,"victory":false,"master_deck":["Strike_R","Strike_R","Strike_R","Defend_R","Defend_R","Defend_R","Defend_R","Barricade+1","Iron Wave","Flex","Body Slam+1","Flame Barrier+1","Iron Wave","Infernal Blade","Impervious","Flex","Metallicize"],"max_hp_per_floor":[80,80,85,85,85,85,85,85,85,85,85,85,85,85,85,85,85,85,85,85,85,85],"relics":["Burning Blood","Orichalcum","Pen Nib","Paper Frog","Eternal Feather","Sundial"],"card_choices":[{"not_picked":["Flex","Havoc"],"picked":"Iron Wave"},{"not_picked":["Anger","Burning Pact"],"picked":"Flex"},{"not_picked":["Reckless Charge","Bloodletting"],"picked":"Flame Barrier"},{"not_picked":["Sword Boomerang","Seeing Red"],"picked":"Iron Wave"},{"not_picked":["Berserk","True Grit"],"picked":"Infernal Blade"},{"not_picked":["Reaper","Exhume"],"picked":"Impervious"},{"not_picked":["Headbutt","Sword Boomerang"],"picked":"Flex"}],"player_experience":90627,"potions_floor_usage":[22,22,23],"damage_taken":[{"damage":12,"enemies":"2 Louse","floor":1,"turns":4},{"damage":7,"enemies":"Jaw Worm","floor":2,"turns":5},{"damage":0,"enemies":"Small Slimes","floor":5,"turns":4},{"damage":8,"enemies":"3 Sentries","floor":7,"turns":15},{"damage":4,"enemies":"Blue Slaver","floor":10,"turns":5},{"damage":8,"enemies":"Red Slaver","floor":12,"turns":2},{"damage":4,"enemies":"Large Slime","floor":13,"turns":6},{"damage":0,"enemies":"3 Louse","floor":14,"turns":3},{"damage":37,"enemies":"Hexaghost","floor":16,"turns":10},{"damage":0,"enemies":"3 Byrds","floor":18,"turns":5},{"damage":6,"enemies":"2 Thieves","floor":19,"turns":5},{"damage":44,"enemies":"3 Cultists","floor":22,"turns":9},{"damage":52,"enemies":"Book of Stabbing","floor":23,"turns":8}],"event_choices":[{"event_name":"Big Fish","player_choice":"Donut","floor":3,"damage_taken":0},{"event_name":"Scrap Ooze","player_choice":"success","floor":11,"damage_taken":18},{"event_name":"Addict","player_choice":"Obtained Relic","floor":20,"damage_taken":0}],"boss_relics":[{"not_picked":["Snecko Eye","Astrolabe"],"picked":"Eternal Feather"}],"potions_floor_spawned":[2,12,14,16,22],"seed_played":"5328584356528668654","killed_by":"Book of Stabbing","ascension_level":0,"is_trial":false}