{"gold_per_floor":[113,15,15,26,46,46,80,96,96,96,112,112,129,145,145,243,243,260,271,370,387,387,387,406,17,17,17,17,42,56,56],"floor_reached":31,"playtime":2193,"items_purged":["Strike_R","Strike_R"],"score":401,"play_id":"014e27b5-2564-4271-8264-255e7c6e882f","local_time":"20191023004854","is_ascension_mode":true,"campfire_choices":[{"data":"Sword Boomerang","floor":6,"key":"SMITH"},{"data":"True Grit","floor":12,"key":"SMITH"},{"data":"Whirlwind","floor":15,"key":"SMITH"},{"data":"Shrug It Off","floor":23,"key":"SMITH"},{"floor":28,"key":"REST"}],"neow_cost":"NONE","seed_source_timestamp":706971365255400,"circlet_count":0,"master_deck":["AscendersBane","Strike_R","Strike_R","Strike_R","Defend_R","Defend_R","Defend_R","Defend_R","Bash","Bludgeon","Shrug It Off+1","Sword Boomerang+1","Cleave","True Grit+1","Warcry","Pain","Whirlwind+1","Spot Weakness","Headbutt","Sword Boomerang+1","Disarm","Metallicize","Limit Break","Clumsy","Shrug It Off+1","Headbutt+1"],"relics":["Burning Blood","Sundial","The Courier","Darkstone Periapt","WarpedTongs","Cursed Key","Shuriken","Blue Candle","Toxic Egg 2"],"potions_floor_usage":[16,30,31,31],"damage_taken":[{"damage":0,"enemies":"Small Slimes","floor":1,"turns":2},{"damage":1,"enemies":"Cultist","floor":4,"turns":5},{"damage":0,"enemies":"2 Louse","floor":5,"turns":2},{"damage":22,"enemies":"Lagavulin","floor":7,"turns":6},{"damage":19,"enemies":"Lots of Slimes","floor":8,"turns":4},{"damage":4,"enemies":"Looter","floor":11,"turns":3},{"damage":7,"enemies":"Exordium Wildlife","floor":13,"turns":4},{"damage":18,"enemies":"Exordium Thugs","floor":14,"turns":4},{"damage":33,"enemies":"The Guardian","floor":16,"turns":10},{"damage":4,"enemies":"Chosen","floor":18,"turns":4},{"damage":7,"enemies":"3 Byrds","floor":19,"turns":5},{"damage":36,"enemies":"Snecko","floor":21,"turns":6},{"damage":26,"enemies":"Snake Plant","floor":24,"turns":4},{"damage":13,"enemies":"Gremlin Leader","floor":29,"turns":5},{"damage":23,"enemies":"3 Cultists","floor":30,"turns":4},{"damage":45,"enemies":"Snecko","floor":31,"turns":4}],"seed_played":"-2058105184746238596","potions_obtained":[{"floor":1,"key":"BloodPotion"},{"floor":5,"key":"FairyPotion"},{"floor":8,"key":"PowerPotion"},{"floor":11,"key":"Fire Potion"},{"floor":18,"key":"EssenceOfSteel"},{"floor":21,"key":"Energy Potion"},{"floor":30,"key":"Poison Potion"}],"is_trial":false,"path_per_floor":["M","$","?","M","M","R","E","M","T","?","M","R","M","M","R","B",null,"M","M","?","M","?","R","M","$","T","$","R","E","M","M"],"character_chosen":"IRONCLAD","items_purchased":["Sword Boomerang","Shuriken","Limit Break"],"campfire_rested":1,"item_purchase_floors":[2,25,25],"current_hp_per_floor":[78,78,78,80,80,80,64,51,51,57,59,59,58,46,46,19,69,71,70,70,40,40,40,20,20,26,26,53,46,29,0],"gold":56,"neow_bonus":"ONE_RANDOM_RARE_CARD","is_prod":false,"is_daily":false,"chose_seed":false,"campfire_upgraded":4,"win_rate":0,"timestamp":1571809734,"path_taken":["M","$","?","?","M","R","E","M","T","?","M","R","M","?","R","BOSS","M","M","?","M","?","R","M","$","T","$","R","E","M","?"],"build_version":"2019-07-17","purchased_purges":2,"victory":false,"max_hp_per_floor":[80,80,80,80,80,80,80,80,80,86,86,86,86,86,86,86,86,86,86,86,86,86,86,86,86,92,92,92,92,92,92],"card_choices":[{"not_picked":["Blood for Blood","Thunderclap"],"picked":"Shrug It Off","floor":1},{"not_picked":["Rupture","Body Slam"],"picked":"Cleave","floor":4},{"not_picked":["Flex","Uppercut","Heavy Blade"],"picked":"SKIP","floor":5},{"not_picked":["Ghostly Armor","Immolate"],"picked":"True Grit","floor":7},{"not_picked":["Perfected Strike","Havoc"],"picked":"Warcry","floor":8},{"not_picked":["Shrug It Off","Clash"],"picked":"Whirlwind","floor":11},{"not_picked":["Inflame","Iron Wave"],"picked":"Spot Weakness","floor":13},{"not_picked":["Armaments","Perfected Strike"],"picked":"Headbutt","floor":14},{"not_picked":["Spot Weakness","Havoc","Blood for Blood"],"picked":"SKIP","floor":18},{"not_picked":["Thunderclap","Clash"],"picked":"Sword Boomerang+1","floor":19},{"not_picked":["Headbutt","Thunderclap+1"],"picked":"Disarm","floor":21},{"not_picked":["Clothesline+1","Corruption"],"picked":"Metallicize","floor":24},{"not_picked":["Wild Strike+1","Clothesline"],"picked":"Shrug It Off","floor":29},{"not_picked":["Warcry+1","Clothesline+1"],"picked":"Headbutt+1","floor":30}],"player_experience":920516,"relics_obtained":[{"floor":7,"key":"The Courier"},{"floor":9,"key":"Darkstone Periapt"},{"floor":26,"key":"Blue Candle"},{"floor":29,"key":"Toxic Egg 2"}],"event_choices":[{"damage_healed":0,"gold_gain":0,"player_choice":"Gave Potion","damage_taken":0,"relics_obtained":["Sundial"],"max_hp_gain":0,"max_hp_loss":0,"event_name":"WeMeetAgain","floor":3,"gold_loss":0},{"damage_healed":0,"gold_gain":0,"player_choice":"Rummage","damage_taken":0,"relics_obtained":["WarpedTongs"],"max_hp_gain":0,"max_hp_loss":0,"event_name":"Accursed Blacksmith","floor":10,"gold_loss":0,"cards_obtained":["Pain"]},{"damage_healed":0,"gold_gain":99,"player_choice":"Stole From Cult","damage_taken":0,"max_hp_gain":0,"max_hp_loss":0,"event_name":"Nest","floor":20,"gold_loss":0},{"damage_healed":0,"gold_gain":0,"player_choice":"Got Potions","damage_taken":0,"max_hp_gain":0,"max_hp_loss":0,"event_name":"Lab","floor":22,"gold_loss":0}],"is_beta":false,"boss_relics":[{"not_picked":["Calling Bell","Fusion Hammer"],"picked":"Cursed Key"}],"items_purged_floors":[2,25],"is_endless":false,"potions_floor_spawned":[1,5,8,11,13,18,21,30],"killed_by":"Snecko","ascension_level":11}