{"path_per_floor":["M","M","$","T","M","R","E","R","T","M","R","$","M","M","R","B",null,"M","?","T","$","?","E","M","R","T","M","M","R","M","?","R","B",null,"M","?","?","M","$","R","?","R","T","R","M"],"character_chosen":"IRONCLAD","items_purchased":["Clash","Flame Barrier"],"gold_per_floor":[112,129,54,54,67,67,101,101,124,144,144,91,108,118,118,222,222,222,222,222,83,83,83,83,83,83,83,83,83,83,83,83,83,83,83,83,83,83,83,83,83,83,83,83,83,83],"floor_reached":46,"campfire_rested":1,"playtime":2584,"current_hp_per_floor":[80,71,71,71,73,73,71,71,71,75,75,75,72,72,72,47,80,80,80,80,80,80,71,73,73,73,73,69,69,54,59,80,49,80,78,68,68,70,70,70,70,70,70,70,68,0],"items_purged":["Pain","Bash"],"gold":83,"score":438,"play_id":"8a0515da-e130-454b-9a0d-99900b025b9c","local_time":"20180410004749","is_prod":false,"is_daily":false,"is_ascension_mode":false,"campfire_upgraded":9,"timestamp":1523339269,"path_taken":["M","M","$","?","M","R","E","R","T","?","R","$","M","M","R","BOSS","M","?","?","$","?","E","M","R","T","?","M","R","M","?","R","BOSS","M","?","?","M","$","R","?","R","T","R","?","E"],"build_version":"2018-04-05v2","purchased_purges":2,"victory":false,"master_deck":["Strike_R","Strike_R","Strike_R","Strike_R","Strike_R","Defend_R+1","Defend_R+1","Defend_R+1","Defend_R+1","Demon Form+1","Metallicize+1","Uppercut+1","Perfected Strike+1","Clash+1","Shrug It Off+1","Reaper","Flame Barrier+1","Rage+1","Iron Wave+1","Clash","Madness+1","Madness+1","Sadistic Nature","Flex+1","Perfected Strike"],"max_hp_per_floor":[80,80,80,80,80,80,80,80,80,80,80,80,80,80,80,80,80,80,80,80,80,80,80,80,80,80,80,80,80,80,80,80,80,80,80,80,80,80,80,80,80,80,80,80,80,80],"relics":["Burning Blood","War Paint","Sundial","Vajra","Ectoplasm","Ice Cream","Bird Faced Urn","Toxic Egg 2","Black Star","Du-Vu Doll"],"card_choices":[{"not_picked":["Immolate","Barricade"],"picked":"Demon Form","floor":0},{"not_picked":["Body Slam","Uppercut"],"picked":"Metallicize","floor":2},{"not_picked":["Blood for Blood","Reckless Charge"],"picked":"Uppercut","floor":7},{"not_picked":["True Grit","Pummel"],"picked":"Perfected Strike","floor":10},{"not_picked":["Havoc","Double Tap"],"picked":"Shrug It Off","floor":14},{"not_picked":["Double Tap","Brutality"],"picked":"Reaper","floor":16},{"not_picked":["Anger","Rupture"],"picked":"Clash","floor":24},{"not_picked":["Dropkick","Whirlwind"],"picked":"Rage","floor":27},{"not_picked":["Clothesline","True Grit"],"picked":"Iron Wave","floor":30},{"not_picked":["Wild Strike","Searing Blow"],"picked":"Clash","floor":35},{"not_picked":["Thinking Ahead","Blind"],"picked":"Sadistic Nature","floor":37},{"not_picked":["Twin Strike","Hemokinesis"],"picked":"Flex","floor":38},{"not_picked":["Second Wind","Cleave"],"picked":"Perfected Strike","floor":45}],"player_experience":245589,"potions_floor_usage":[23,23,28,46,46],"damage_taken":[{"damage":6,"enemies":"Cultist","floor":1,"turns":4},{"damage":15,"enemies":"Jaw Worm","floor":2,"turns":4},{"damage":4,"enemies":"2 Louse","floor":5,"turns":4},{"damage":8,"enemies":"3 Sentries","floor":7,"turns":8},{"damage":2,"enemies":"Looter","floor":10,"turns":4},{"damage":9,"enemies":"Exordium Thugs","floor":13,"turns":5},{"damage":6,"enemies":"3 Louse","floor":14,"turns":3},{"damage":31,"enemies":"Slime Boss","floor":16,"turns":8},{"damage":6,"enemies":"Chosen","floor":18,"turns":4},{"damage":15,"enemies":"Book of Stabbing","floor":23,"turns":5},{"damage":8,"enemies":"Shell Parasite","floor":24,"turns":3},{"damage":21,"enemies":"Snake Plant","floor":27,"turns":4},{"damage":19,"enemies":"Chosen and Byrds","floor":28,"turns":8},{"damage":34,"enemies":"Cultist and Chosen","floor":30,"turns":6},{"damage":57,"enemies":"Automaton","floor":33,"turns":10},{"damage":20,"enemies":"3 Shapes","floor":35,"turns":6},{"damage":6,"enemies":"Orb Walker","floor":38,"turns":3},{"damage":17,"enemies":"Maw","floor":45,"turns":8},{"damage":76,"enemies":"2 Orb Walkers","floor":46,"turns":6}],"event_choices":[{"event_name":"Vampires","player_choice":"Ignored","floor":19,"damage_taken":0},{"event_name":"Drug Dealer","player_choice":"Ignored","floor":22,"damage_taken":0},{"event_name":"Bonfire Elementals","player_choice":"COMMON","floor":31,"damage_taken":0},{"event_name":"Winding Halls","player_choice":"Embrace Madness","floor":36,"damage_taken":0},{"event_name":"SensoryStone","player_choice":"Memory 1","floor":37,"damage_taken":0},{"event_name":"Mysterious Sphere","player_choice":"Ignore","floor":41,"damage_taken":0}],"boss_relics":[{"not_picked":["Runic Dome","Astrolabe"],"picked":"Ectoplasm"},{"not_picked":["Calling Bell","Snecko Eye"],"picked":"Black Star"}],"potions_floor_spawned":[1,2,13,16,18,23,30,35],"seed_played":"8640979644830139393","killed_by":"2 Orb Walkers","ascension_level":0,"is_trial":false}