{"gold_per_floor":[14,30,30,205,51,85,35,35,115,95,95,107,127,127,127,230,230,249,58,77,77,77,77,111,123,150,150,168,68,22,47,47,150,150,160,260,260,260,272,272,372,407,460,475,475,485,485],"floor_reached":47,"playtime":3061,"items_purged":["Doubt","Strike_B"],"score":640,"play_id":"5495123a-0a64-4d99-94e1-29347dcddaee","local_time":"20181109235325","is_ascension_mode":true,"campfire_choices":[{"data":"Streamline","floor":8,"key":"SMITH"},{"data":"Doom and Gloom","floor":11,"key":"SMITH"},{"data":"Sunder","floor":15,"key":"SMITH"},{"data":"Hyperbeam","floor":23,"key":"SMITH"},{"data":"Reinforced Body","floor":27,"key":"SMITH"},{"floor":32,"key":"REST"},{"data":"Hyperbeam","floor":40,"key":"SMITH"},{"floor":45,"key":"REST"}],"neow_cost":"NO_GOLD","seed_source_timestamp":359150294816906,"circlet_count":0,"master_deck":["Strike_B","Strike_B","Defend_B","Defend_B","Defend_B","Defend_B+1","Zap+1","Dualcast","Dramatic Entrance","Forethought+1","Streamline+1","Auto Shields","Sunder+1","Doom and Gloom+1","FTL","Rebound","Hyperbeam+1","Gash","Melter","Reinforced Body+1","Leap","Hyperbeam+1","Deep Breath","Steam+1","Skim+1"],"relics":["FrozenCore","Happy Flower","Bottled Lightning","Gremlin Horn","Velvet Choker","Frozen Eye","War Paint","Anchor","Pear","Mango","Cables","Potion Belt"],"potions_floor_usage":[10,24,24,28,31,33,42,47,47],"damage_taken":[{"damage":7,"enemies":"Jaw Worm","floor":1,"turns":3},{"damage":0,"enemies":"Small Slimes","floor":2,"turns":3},{"damage":8,"enemies":"3 Sentries","floor":6,"turns":6},{"damage":1,"enemies":"Cultist","floor":12,"turns":3},{"damage":0,"enemies":"3 Louse","floor":13,"turns":2},{"damage":24,"enemies":"The Guardian","floor":16,"turns":10},{"damage":0,"enemies":"Chosen","floor":18,"turns":3},{"damage":1,"enemies":"3 Byrds","floor":20,"turns":3},{"damage":0,"enemies":"Gremlin Leader","floor":24,"turns":3},{"damage":0,"enemies":"3 Cultists","floor":25,"turns":2},{"damage":24,"enemies":"Snake Plant","floor":28,"turns":3},{"damage":30,"enemies":"Book of Stabbing","floor":31,"turns":6},{"damage":33,"enemies":"Collector","floor":33,"turns":11},{"damage":0,"enemies":"Orb Walker","floor":35,"turns":5},{"damage":15,"enemies":"Mind Bloom Boss Battle","floor":36,"turns":11},{"damage":0,"enemies":"3 Shapes","floor":39,"turns":2},{"damage":37,"enemies":"Reptomancer","floor":42,"turns":5},{"damage":2,"enemies":"Sphere and 2 Shapes","floor":44,"turns":4},{"damage":44,"enemies":"Transient","floor":46,"turns":5},{"damage":75,"enemies":"Giant Head","floor":47,"turns":8}],"seed_played":"9099857813805797284","potions_obtained":[{"floor":1,"key":"Swift Potion"},{"floor":6,"key":"Swift Potion"},{"floor":10,"key":"Fruit Juice"},{"floor":13,"key":"FearPotion"},{"floor":16,"key":"Fire Potion"},{"floor":24,"key":"SneckoOil"},{"floor":25,"key":"LiquidBronze"},{"floor":31,"key":"Dexterity Potion"},{"floor":36,"key":"PowerPotion"},{"floor":38,"key":"Energy Potion"},{"floor":42,"key":"SpeedPotion"},{"floor":46,"key":"Regen Potion"}],"is_trial":false,"path_per_floor":["M","M","?","?","$","E","?","R","T","?","R","M","M","?","R","B",null,"M","$","M","?","?","R","E","M","T","R","M","$","$","E","R","B",null,"M","?","?","?","M","R","?","E","T","M","R","M","E"],"character_chosen":"DEFECT","items_purchased":["Sunder","Frozen Eye","Leap"],"campfire_rested":2,"item_purchase_floors":[5,19,30],"current_hp_per_floor":[68,68,68,68,68,60,60,60,60,65,65,64,64,64,64,40,80,80,80,79,79,79,79,79,79,79,79,55,55,55,35,62,29,90,90,89,89,89,89,89,89,52,52,50,81,37,0],"gold":485,"neow_bonus":"RANDOM_COLORLESS_2","is_prod":false,"is_daily":false,"chose_seed":false,"campfire_upgraded":6,"win_rate":0,"timestamp":1541829205,"path_taken":["M","M","?","?","$","E","?","R","T","?","R","?","M","?","R","BOSS","M","$","?","?","?","R","E","M","T","R","M","?","$","E","R","BOSS","M","?","?","?","?","R","?","E","T","M","R","M","E"],"build_version":"2018-11-08","purchased_purges":2,"victory":false,"max_hp_per_floor":[75,75,75,75,75,75,75,75,75,80,80,80,80,80,80,80,80,80,80,80,80,80,80,80,80,80,80,80,80,80,90,90,90,90,90,104,104,104,104,104,104,104,104,104,104,104,104],"card_choices":[{"not_picked":["Darkness","Ball Lightning"],"picked":"Streamline","floor":1},{"not_picked":["Skim","Undo"],"picked":"Auto Shields","floor":2},{"not_picked":["Ball Lightning","Chaos"],"picked":"Doom and Gloom","floor":6},{"not_picked":["Capacitor","Rebound"],"picked":"FTL","floor":12},{"not_picked":["Melter","Ball Lightning"],"picked":"Rebound","floor":13},{"not_picked":["Fission","Electrodynamics"],"picked":"Hyperbeam","floor":16},{"not_picked":["Steam Power","Compile Driver+1"],"picked":"Gash","floor":18},{"not_picked":["Ball Lightning+1","Turbo"],"picked":"Melter","floor":20},{"not_picked":["Chill+1","Reprogram","Hello World"],"picked":"SKIP","floor":24},{"not_picked":["Compile Driver+1","Sweeping Beam","Lockon"],"picked":"SKIP","floor":25},{"not_picked":["Rip and Tear","Scrape","Turbo"],"picked":"SKIP","floor":28},{"not_picked":["Static Discharge","Steam Power","Beam Cell"],"picked":"SKIP","floor":31},{"not_picked":["Reboot","All For One"],"picked":"Hyperbeam","floor":33},{"not_picked":["Beam Cell+1","Glacier+1","Barrage+1"],"picked":"SKIP","floor":35},{"not_picked":["Finesse","Mayhem"],"picked":"Deep Breath","floor":37},{"not_picked":["Scrape+1","Barrage","Rebound+1"],"picked":"SKIP","floor":39},{"not_picked":["Cold Snap","Recycle"],"picked":"Steam+1","floor":42},{"not_picked":["Hologram+1","Redo","Cold Snap+1"],"picked":"SKIP","floor":44},{"not_picked":["Beam Cell","Go for the Eyes"],"picked":"Skim+1","floor":46}],"player_experience":543718,"relics_obtained":[{"floor":6,"key":"Happy Flower"},{"floor":9,"key":"Bottled Lightning"},{"floor":24,"key":"War Paint"},{"floor":26,"key":"Anchor"},{"floor":31,"key":"Pear"},{"floor":36,"key":"Mango"},{"floor":42,"key":"Cables"},{"floor":43,"key":"Potion Belt"}],"event_choices":[{"damage_healed":0,"gold_gain":0,"player_choice":"Grow","damage_taken":0,"max_hp_gain":0,"max_hp_loss":0,"event_name":"Living Wall","floor":3,"gold_loss":0,"cards_upgraded":["Forethought"]},{"damage_healed":0,"gold_gain":175,"player_choice":"AGREE","damage_taken":0,"max_hp_gain":0,"max_hp_loss":0,"event_name":"Liars Game","floor":4,"gold_loss":0,"cards_obtained":["Doubt"]},{"cards_removed":["Strike_B"],"damage_healed":0,"gold_gain":0,"player_choice":"Card Removal","damage_taken":0,"max_hp_gain":0,"max_hp_loss":0,"event_name":"The Cleric","floor":7,"gold_loss":50},{"damage_healed":0,"gold_gain":0,"player_choice":"Bought 1 Potion","damage_taken":0,"max_hp_gain":0,"max_hp_loss":0,"event_name":"The Woman in Blue","floor":10,"gold_loss":0},{"damage_healed":0,"gold_gain":0,"player_choice":"Gave Potion","damage_taken":0,"relics_obtained":["Gremlin Horn"],"max_hp_gain":0,"max_hp_loss":0,"event_name":"WeMeetAgain","floor":14,"gold_loss":0},{"damage_healed":0,"gold_gain":0,"player_choice":"Read","damage_taken":0,"max_hp_gain":0,"max_hp_loss":0,"event_name":"The Library","floor":21,"gold_loss":0,"cards_obtained":["Reinforced Body"]},{"damage_healed":0,"gold_gain":0,"player_choice":"Ignored","damage_taken":0,"max_hp_gain":0,"max_hp_loss":0,"event_name":"Cursed Tome","floor":22,"gold_loss":0},{"damage_healed":0,"gold_gain":0,"player_choice":"Fight","damage_taken":0,"max_hp_gain":0,"max_hp_loss":0,"event_name":"MindBloom","floor":36,"gold_loss":0},{"damage_healed":0,"gold_gain":0,"player_choice":"Memory 1","damage_taken":0,"max_hp_gain":0,"max_hp_loss":0,"event_name":"SensoryStone","floor":37,"gold_loss":0},{"damage_healed":0,"gold_gain":0,"player_choice":"Got Potions","damage_taken":0,"max_hp_gain":0,"max_hp_loss":0,"event_name":"Lab","floor":38,"gold_loss":0},{"damage_healed":0,"gold_gain":100,"player_choice":"Pray","damage_taken":0,"max_hp_gain":0,"max_hp_loss":0,"event_name":"Golden Shrine","floor":41,"gold_loss":0}],"is_beta":false,"boss_relics":[{"not_picked":["Inserter","Runic Dome"],"picked":"Velvet Choker"},{"not_picked":["Coffee Dripper","White Beast Statue"],"picked":"FrozenCore"}],"items_purged_floors":[5,29],"is_endless":false,"potions_floor_spawned":[1,6,13,16,20,24,25,31,36,42,46],"killed_by":"Giant Head","ascension_level":2}