{"gold_per_floor":[116,133,186,186,266,291,291,319,398,398,169,149,149,166,166,264,264,264,196,121,121,121,121],"floor_reached":23,"playtime":1341,"items_purged":["Steam Power"],"score":195,"play_id":"171d8d80-0490-4148-ad79-83d37f90ec51","local_time":"20180828101448","is_ascension_mode":false,"campfire_choices":[{"floor":7,"key":"REST"},{"data":"Dualcast","floor":13,"key":"SMITH"},{"floor":15,"key":"REST"}],"neow_cost":"NONE","seed_source_timestamp":901912524017006,"circlet_count":0,"master_deck":["Strike_B","Strike_B+1","Strike_B","Strike_B","Defend_B","Defend_B","Defend_B","Defend_B","Zap+1","Dualcast+1","Ball Lightning+1","Self Repair","Conserve Battery","Defragment","Rainbow","FTL"],"relics":["Cracked Core","Orichalcum","Art of War","Unceasing Top","Bottled Lightning","Peace Pipe","Juzu Bracelet","Ectoplasm"],"potions_floor_usage":[23],"damage_taken":[{"damage":0,"enemies":"Cultist","floor":1,"turns":3},{"damage":0,"enemies":"Small Slimes","floor":2,"turns":2},{"damage":17,"enemies":"3 Sentries","floor":6,"turns":6},{"damage":22,"enemies":"Lagavulin","floor":8,"turns":5},{"damage":2,"enemies":"2 Louse","floor":14,"turns":3},{"damage":24,"enemies":"Slime Boss","floor":16,"turns":10},{"damage":5,"enemies":"Shell Parasite","floor":18,"turns":4},{"damage":16,"enemies":"2 Thieves","floor":20,"turns":4},{"damage":70,"enemies":"Gremlin Leader","floor":23,"turns":6}],"seed_played":"3170362863712090330","potions_obtained":[{"floor":2,"key":"Dexterity Potion"},{"floor":6,"key":"Block Potion"},{"floor":12,"key":"SmokeBomb"}],"is_trial":false,"path_per_floor":["M","M","T","?","?","E","R","E","T","?","$","?","R","M","R","B",null,"M","$","M","?","?"],"character_chosen":"DEFECT","items_purchased":["Juzu Bracelet","FTL"],"campfire_rested":2,"item_purchase_floors":[11,19],"current_hp_per_floor":[75,75,75,60,60,43,65,50,50,47,47,47,47,52,74,57,75,75,75,66,59,59,0],"gold":121,"neow_bonus":"UPGRADE_CARD","is_prod":false,"is_daily":false,"chose_seed":false,"campfire_upgraded":1,"win_rate":0.0,"timestamp":1535469288,"path_taken":["M","?","?","?","?","E","R","E","T","?","$","?","R","M","R","BOSS","M","$","M","?","?","E"],"build_version":"2018-08-23v2","purchased_purges":1,"victory":false,"max_hp_per_floor":[75,75,75,75,75,75,75,75,75,75,75,75,75,75,75,75,75,75,75,75,75,75,75],"card_choices":[{"not_picked":["Redo","Streamline"],"picked":"Steam Power","floor":1},{"not_picked":["Conserve Battery","Coolheaded"],"picked":"Ball Lightning","floor":2},{"not_picked":["Hologram","Static Discharge"],"picked":"Self Repair","floor":6},{"not_picked":["Hologram","Double Energy"],"picked":"Conserve Battery","floor":8},{"not_picked":["Gash","Rebound"],"picked":"Defragment","floor":14},{"not_picked":["Creative AI","Amplify"],"picked":"Rainbow","floor":16},{"not_picked":["Blizzard","Streamline","Sweeping Beam"],"picked":"SKIP","floor":18},{"not_picked":["Redo","Chill","Barrage+1"],"picked":"SKIP","floor":20}],"player_experience":271576,"relics_obtained":[{"floor":3,"key":"Orichalcum"},{"floor":6,"key":"Art of War"},{"floor":8,"key":"Unceasing Top"},{"floor":9,"key":"Bottled Lightning"}],"event_choices":[{"event_name":"Shining Light","player_choice":"Entered Light","floor":4,"damage_taken":0},{"event_name":"Golden Wing","player_choice":"Gained Gold","floor":5,"damage_taken":0},{"event_name":"Scrap Ooze","player_choice":"success","floor":10,"damage_taken":3},{"event_name":"The Woman in Blue","player_choice":"Bought 1 Potion","floor":12,"damage_taken":0},{"event_name":"Wheel of Change","player_choice":"Damage","floor":21,"damage_taken":0},{"event_name":"Ghosts","player_choice":"Ignored","floor":22,"damage_taken":0}],"is_beta":false,"boss_relics":[{"not_picked":["Nuclear Battery","Inserter"],"picked":"Ectoplasm"}],"items_purged_floors":[11],"is_endless":false,"potions_floor_spawned":[2,6,14,18],"killed_by":"Gremlin Leader","ascension_level":0}