{"gold_per_floor":[114,114,132,49,64,99,99,99,99,131,131,151,104,115,115,115],"floor_reached":16,"playtime":1089,"items_purged":[],"score":165,"play_id":"0b4df9d3-fa7f-48b5-ac5c-b337cbb2fa06","local_time":"20191020203159","is_ascension_mode":true,"campfire_choices":[{"data":"Neutralize","floor":7,"key":"SMITH"},{"data":"Footwork","floor":11,"key":"SMITH"},{"data":"Eviscerate","floor":15,"key":"SMITH"}],"neow_cost":"NONE","seed_source_timestamp":519816365392100,"circlet_count":0,"master_deck":["AscendersBane","Strike_G","Strike_G","Strike_G","Strike_G","Strike_G","Defend_G","Defend_G","Defend_G","Defend_G","Survivor","Neutralize+1","Dash","Acrobatics","Footwork+1","Dagger Throw","Underhanded Strike","Dodge and Roll","Blade Dance+1","Cloak And Dagger+1","Eviscerate+1"],"relics":["Ring of the Snake","NeowsBlessing","Gambling Chip","Gremlin Horn","Matryoshka","Toxic Egg 2"],"potions_floor_usage":[10,10,16],"damage_taken":[{"damage":0,"enemies":"Small Slimes","floor":1,"turns":1},{"damage":0,"enemies":"Cultist","floor":3,"turns":1},{"damage":0,"enemies":"2 Louse","floor":5,"turns":1},{"damage":13,"enemies":"3 Sentries","floor":6,"turns":9},{"damage":12,"enemies":"Lagavulin","floor":10,"turns":8},{"damage":0,"enemies":"Large Slime","floor":12,"turns":6},{"damage":0,"enemies":"Blue Slaver","floor":14,"turns":4},{"damage":41,"enemies":"Slime Boss","floor":16,"turns":8}],"seed_played":"-8893965301051673978","potions_obtained":[{"floor":3,"key":"Poison Potion"},{"floor":6,"key":"SkillPotion"},{"floor":12,"key":"Dexterity Potion"}],"is_trial":false,"path_per_floor":["M","?","M","$","M","E","R","?","T","E","R","M","?","M","R","B"],"character_chosen":"THE_SILENT","items_purchased":["Footwork","Dagger Throw"],"campfire_rested":0,"item_purchase_floors":[4,4],"current_hp_per_floor":[63,63,63,63,63,50,50,50,50,38,38,38,38,38,38,0],"gold":115,"neow_bonus":"THREE_ENEMY_KILL","is_prod":false,"is_daily":false,"chose_seed":false,"campfire_upgraded":3,"win_rate":0,"timestamp":1571621519,"path_taken":["M","?","?","$","M","E","R","?","T","E","R","M","?","M","R","BOSS"],"build_version":"2019-07-17","purchased_purges":0,"victory":false,"max_hp_per_floor":[70,70,70,70,70,70,70,70,70,70,70,70,70,70,70,70],"card_choices":[{"not_picked":["Deflect","Predator"],"picked":"Dash","floor":1},{"not_picked":["Dodge and Roll","Flying Knee"],"picked":"Acrobatics","floor":3},{"not_picked":["Calculated Gamble","Reflex"],"picked":"Underhanded Strike","floor":5},{"not_picked":["Dagger Throw","Endless Agony"],"picked":"Dodge and Roll","floor":6},{"not_picked":["Poisoned Stab","Heel Hook"],"picked":"Blade Dance","floor":10},{"not_picked":["Prepared+1","Dagger Throw"],"picked":"Cloak And Dagger+1","floor":12},{"not_picked":["Blade Dance+1","Skewer"],"picked":"Eviscerate","floor":14}],"player_experience":901774,"relics_obtained":[{"floor":6,"key":"Gambling Chip"},{"floor":9,"key":"Matryoshka"},{"floor":10,"key":"Toxic Egg 2"}],"event_choices":[{"cards_removed":["Defend_G"],"damage_healed":0,"gold_gain":0,"player_choice":"Purged","damage_taken":0,"max_hp_gain":0,"max_hp_loss":0,"event_name":"Purifier","floor":2,"gold_loss":0},{"damage_healed":0,"gold_gain":0,"player_choice":"Searched \u00271\u0027 times","damage_taken":0,"relics_obtained":["Gremlin Horn"],"max_hp_gain":0,"max_hp_loss":0,"event_name":"Dead Adventurer","floor":8,"gold_loss":0},{"damage_healed":0,"gold_gain":0,"player_choice":"Left Gold","damage_taken":0,"max_hp_gain":0,"max_hp_loss":0,"event_name":"World of Goop","floor":13,"gold_loss":47}],"is_beta":false,"boss_relics":[],"items_purged_floors":[],"is_endless":false,"potions_floor_spawned":[3,6,12],"killed_by":"Slime Boss","ascension_level":10}