{"gold_per_floor":[119,135,147,147,159,159,193,193,273,273,286,302,302,330,330,433,433,451,170,188,206,217,217,250,250,250,10,10,0,25,38,38,141,141,159,172,37,49,59,59,73,73,150,0,0,15,15,45,45,45],"floor_reached":51,"playtime":3713,"items_purged":["Defend_R","Defend_R"],"score":1131,"play_id":"5238174b-b9d3-4217-a700-f08efa0a2340","local_time":"20191020234757","is_ascension_mode":true,"campfire_choices":[{"data":"True Grit","floor":6,"key":"SMITH"},{"data":"Anger","floor":10,"key":"SMITH"},{"data":"Body Slam","floor":13,"key":"SMITH"},{"data":"Shrug It Off","floor":15,"key":"SMITH"},{"data":"Clothesline","floor":23,"key":"SMITH"},{"data":"Shrug It Off","floor":28,"key":"SMITH"},{"floor":32,"key":"REST"},{"data":"Battle Trance","floor":40,"key":"SMITH"},{"data":"Impervious","floor":42,"key":"SMITH"},{"floor":45,"key":"REST"},{"data":"Bash","floor":49,"key":"SMITH"}],"neow_cost":"NONE","seed_source_timestamp":528908537072500,"circlet_count":0,"master_deck":["AscendersBane","Strike_R","Strike_R","Defend_R+1","Defend_R+1","Bash+1","True Grit+1","Cleave","Shrug It Off+1","Anger+1","Clothesline+1","Body Slam+1","Battle Trance+1","Feel No Pain+1","Impervious+1","Rage+1","True Grit+1","Rampage+1","Shrug It Off+1","Juggernaut+1","Rage+1","Metallicize+1","Pommel Strike+1","Metallicize+1"],"special_seed":0,"relics":["Burning Blood","FossilizedHelix","Bronze Scales","Darkstone Periapt","Frozen Egg 2","Empty Cage","DollysMirror","Dodecahedron","MutagenicStrength","Incense Burner","Sling","Bag of Marbles","Mark of Pain","Sundial","Red Mask","War Paint"],"potions_floor_usage":[21,24,33,33,39,50,50,50],"damage_taken":[{"damage":12.0,"enemies":"2 Louse","floor":1.0,"turns":4.0},{"damage":5.0,"enemies":"Jaw Worm","floor":2.0,"turns":5.0},{"damage":6.0,"enemies":"Cultist","floor":3.0,"turns":3.0},{"damage":10,"enemies":"Large Slime","floor":5,"turns":6},{"damage":19,"enemies":"Gremlin Nob","floor":7,"turns":5},{"damage":0,"enemies":"Blue Slaver","floor":11,"turns":3},{"damage":1,"enemies":"Exordium Thugs","floor":12,"turns":4},{"damage":18,"enemies":"3 Sentries","floor":14,"turns":6},{"damage":27,"enemies":"Slime Boss","floor":16,"turns":12},{"damage":0,"enemies":"3 Byrds","floor":18,"turns":4},{"damage":0,"enemies":"Shell Parasite","floor":20,"turns":6},{"damage":12,"enemies":"Centurion and Healer","floor":21,"turns":6},{"damage":13,"enemies":"3 Cultists","floor":22,"turns":5},{"damage":14,"enemies":"Slavers","floor":24,"turns":5},{"damage":0,"enemies":"Book of Stabbing","floor":30,"turns":5},{"damage":0,"enemies":"Chosen and Byrds","floor":31,"turns":6},{"damage":41,"enemies":"Collector","floor":33,"turns":8},{"damage":18,"enemies":"3 Darklings","floor":35,"turns":5},{"damage":7,"enemies":"Orb Walker","floor":36,"turns":4},{"damage":0,"enemies":"Jaw Worm Horde","floor":38,"turns":5},{"damage":0,"enemies":"4 Shapes","floor":39,"turns":5},{"damage":8,"enemies":"Sphere and 2 Shapes","floor":41,"turns":6},{"damage":0,"enemies":"Transient","floor":46,"turns":5},{"damage":0,"enemies":"Nemesis","floor":48,"turns":5},{"damage":37,"enemies":"Awakened One","floor":50,"turns":10}],"seed_played":"-5555793011584954724","potions_obtained":[{"floor":3.0,"key":"Block Potion"},{"floor":7,"key":"EssenceOfSteel"},{"floor":16,"key":"Swift Potion"},{"floor":20,"key":"Fire Potion"},{"floor":22,"key":"LiquidBronze"},{"floor":31,"key":"FearPotion"},{"floor":33,"key":"BloodPotion"},{"floor":38,"key":"Explosive Potion"},{"floor":41,"key":"Dexterity Potion"},{"floor":46,"key":"Strength Potion"}],"is_trial":false,"path_per_floor":["M","M","M","?","M","R","E","?","T","R","M","M","R","E","R","B",null,"M","$","M","M","M","R","E","?","T","$","R","?","E","M","R","B",null,"M","M","$","M","M","R","M","R","T","?","R","M","$","E","R","B",null],"character_chosen":"IRONCLAD","items_purchased":["DollysMirror","Shrug It Off","Sling","Metallicize+1"],"campfire_rested":2,"item_purchase_floors":[19,27,27,37],"current_hp_per_floor":[74,75,75,72,68,68,55,55,55,55,61,66,66,54,54,33,74,80,80,86,80,73,73,65,65,65,65,65,65,71,77,88,53,79,67,66,66,72,78,78,76,76,76,76,88,88,88,88,88,57],"gold":45,"neow_bonus":"TEN_PERCENT_HP_BONUS","is_prod":false,"is_daily":false,"chose_seed":false,"campfire_upgraded":9,"win_rate":0,"timestamp":1571633277,"path_taken":["M","M","M","?","M","R","E","?","T","R","M","M","R","E","R","BOSS","M","$","M","?","M","R","E","?","T","$","R","?","E","M","R","BOSS","M","M","$","M","M","R","M","R","T","?","R","M","?","E","R","BOSS"],"build_version":"2019-07-17","purchased_purges":2,"victory":true,"max_hp_per_floor":[88,88,88,88,88,88,88,88,88,88,88,88,88,88,88,88,88,88,88,88,88,88,88,88,88,88,88,88,88,88,88,88,88,88,88,88,88,88,88,88,88,88,88,88,88,88,88,88,88,88],"card_choices":[{"not_picked":["Second Wind","Infernal Blade"],"picked":"True Grit","floor":1.0},{"not_picked":["Reckless Charge","Carnage"],"picked":"Cleave","floor":2.0},{"not_picked":["Clash","Headbutt"],"picked":"Shrug It Off","floor":3.0},{"not_picked":["Armaments","Feel No Pain"],"picked":"Anger","floor":5},{"not_picked":["Rupture","Clash"],"picked":"Clothesline","floor":7},{"not_picked":["Combust","Feed"],"picked":"Body Slam","floor":11},{"not_picked":["Flex","Cleave"],"picked":"Battle Trance","floor":12},{"not_picked":["Hemokinesis","Impervious"],"picked":"Feel No Pain","floor":14},{"not_picked":["Double Tap","Berserk+1"],"picked":"Impervious","floor":16},{"not_picked":["Entrench","Armaments"],"picked":"Rage+1","floor":18},{"not_picked":["Armaments","Corruption+1"],"picked":"Rampage+1","floor":20},{"not_picked":["Armaments+1","Anger","Warcry"],"picked":"SKIP","floor":21},{"not_picked":["True Grit","Rupture+1","Perfected Strike+1"],"picked":"SKIP","floor":22},{"not_picked":["Iron Wave","Flex","Anger+1"],"picked":"SKIP","floor":24},{"not_picked":["Sever Soul+1","Warcry+1","Fire Breathing+1"],"picked":"SKIP","floor":30},{"not_picked":["Twin Strike","Wild Strike","Perfected Strike"],"picked":"SKIP","floor":31},{"not_picked":["Fiend Fire","Offering"],"picked":"Juggernaut+1","floor":33},{"not_picked":["Sever Soul+1","Heavy Blade","Armaments+1"],"picked":"SKIP","floor":35},{"not_picked":["Twin Strike+1","Sword Boomerang+1"],"picked":"Rage+1","floor":36},{"not_picked":["Sword Boomerang+1","True Grit+1","Clothesline"],"picked":"SKIP","floor":38},{"not_picked":["Heavy Blade+1","Blood for Blood+1","Body Slam"],"picked":"SKIP","floor":39},{"not_picked":["Warcry","Fiend Fire"],"picked":"Pommel Strike+1","floor":41},{"not_picked":["Flame Barrier+1","Sword Boomerang"],"picked":"Metallicize+1","floor":46},{"not_picked":["Bloodletting","Uppercut+1","Rage"],"picked":"SKIP","floor":48}],"player_experience":907166,"relics_obtained":[{"floor":7,"key":"Bronze Scales"},{"floor":9,"key":"Darkstone Periapt"},{"floor":14,"key":"Frozen Egg 2"},{"floor":24,"key":"Dodecahedron"},{"floor":26,"key":"Incense Burner"},{"floor":30,"key":"Bag of Marbles"},{"floor":43,"key":"Sundial"},{"floor":48,"key":"War Paint"}],"event_choices":[{"damage_healed":0.0,"max_hp_gain":0.0,"max_hp_loss":0.0,"gold_gain":0.0,"event_name":"Scrap Ooze","player_choice":"Success","floor":4.0,"gold_loss":0.0,"damage_taken":3.0,"relics_obtained":["FossilizedHelix"]},{"cards_removed":["Strike_R"],"damage_healed":0,"gold_gain":0,"player_choice":"Purged","damage_taken":0,"max_hp_gain":0,"max_hp_loss":0,"event_name":"Purifier","floor":8,"gold_loss":0},{"damage_healed":0,"gold_gain":0,"player_choice":"Inject Mutagens","damage_taken":0,"relics_obtained":["MutagenicStrength"],"max_hp_gain":0,"max_hp_loss":0,"event_name":"Drug Dealer","floor":25,"gold_loss":0},{"damage_healed":0,"gold_gain":0,"player_choice":"Paid Fearfully","damage_taken":0,"max_hp_gain":0,"max_hp_loss":0,"event_name":"Masked Bandits","floor":29,"gold_loss":10},{"damage_healed":0,"gold_gain":0,"player_choice":"Paid","damage_taken":0,"relics_obtained":["Red Mask"],"max_hp_gain":0,"max_hp_loss":0,"event_name":"Tomb of Lord Red Mask","floor":44,"gold_loss":150}],"is_beta":false,"boss_relics":[{"not_picked":["Black Star","Eternal Feather"],"picked":"Empty Cage"},{"not_picked":["White Beast Statue","Pandora\u0027s Box"],"picked":"Mark of Pain"}],"items_purged_floors":[19,37],"is_endless":false,"potions_floor_spawned":[3,7,16,20,22,31,33,38,41,46],"ascension_level":10}