{"path_per_floor":["M","M","?","$","M","R","M","?","T","?","M","R","M","$","R","B",null,"M","$","M","M","?","R","E","R","T","$","?","M","M","M","R"],"character_chosen":"THE_SILENT","items_purchased":["Oddly Smooth Stone","Infinite Blades","Well Laid Plans","Bullet Time","Footwork"],"gold_per_floor":[210,224,224,4,20,20,32,32,32,32,55,55,80,13,13,137,137,161,12,27,46,46,46,85,85,85,51,51,66,84,102,102],"floor_reached":33,"campfire_rested":5,"playtime":3472,"current_hp_per_floor":[70,70,75,75,70,70,70,55,55,37,35,57,51,51,73,70,75,75,75,71,67,51,73,27,49,49,49,49,41,39,35,57],"items_purged":[],"gold":102,"score":285,"play_id":"068f61f1-b9d6-4798-8d25-0c6d0fe0d9c3","local_time":"20180312232620","is_prod":false,"is_daily":false,"is_ascension_mode":false,"campfire_upgraded":1,"timestamp":1520915180,"path_taken":["M","M","?","$","M","R","M","?","T","?","M","R","?","?","R","BOSS","M","$","?","M","?","R","E","R","T","$","?","M","M","M","R","BOSS"],"build_version":"2018-03-09","purchased_purges":0,"victory":false,"master_deck":["Defend_G+1","Defend_G+1","Defend_G+1","Defend_G+1","Defend_G+1","Strike_G+1","Strike_G+1","Strike_G+1","Strike_G+1","Strike_G+1","Survivor","Neutralize","Acrobatics","Terror","Infinite Blades+1","Cloak And Dagger","Leg Sweep","Dagger Spray","Well Laid Plans","Adrenaline","Die Die Die","Infinite Blades","Cloak And Dagger","Bullet Time","Dash+1","Dark Shackles","Cloak And Dagger","Footwork","Footwork","Cloak And Dagger"],"max_hp_per_floor":[70,70,75,75,75,75,75,75,75,75,75,75,75,75,75,75,75,75,75,75,75,75,75,75,75,75,75,75,75,75,75,75],"relics":["Ring of the Snake","Oddly Smooth Stone","Frozen Eye","Golden Idol","Orrery","Thread and Needle","Girya"],"card_choices":[{"not_picked":["Expertise","Sucker Punch"],"picked":"Acrobatics"},{"not_picked":["Flechettes","Backflip"],"picked":"Terror"},{"not_picked":["Eviscerate","Caltrops"],"picked":"Cloak And Dagger"},{"not_picked":["Flying Knee","All Out Attack"],"picked":"Leg Sweep"},{"not_picked":["Dagger Throw","Bouncing Flask"],"picked":"Dagger Spray"},{"not_picked":["Grand Finale","A Thousand Cuts"],"picked":"Adrenaline"},{"not_picked":["Deflect","Flechettes"],"picked":"Die Die Die"},{"not_picked":["Predator","Slice"],"picked":"Infinite Blades"},{"not_picked":["Underhanded Strike","Poisoned Stab"],"picked":"Cloak And Dagger"},{"not_picked":["Acrobatics","Leg Sweep"],"picked":"Dash"},{"not_picked":["Calculated Gamble","Underhanded Strike"],"picked":"Cloak And Dagger"},{"not_picked":["All Out Attack","Endless Agony"],"picked":"Footwork"},{"not_picked":["Acrobatics","Poisoned Stab"],"picked":"Cloak And Dagger"}],"player_experience":142358,"potions_floor_usage":[18,21,29],"damage_taken":[{"damage":0,"enemies":"Cultist","floor":1,"turns":4},{"damage":0,"enemies":"2 Louse","floor":2,"turns":3},{"damage":5,"enemies":"Small Slimes","floor":5,"turns":5},{"damage":0,"enemies":"Looter","floor":7,"turns":4},{"damage":2,"enemies":"Large Slime","floor":11,"turns":9},{"damage":6,"enemies":"Gremlin Gang","floor":13,"turns":9},{"damage":3,"enemies":"The Guardian","floor":16,"turns":14},{"damage":0,"enemies":"Chosen","floor":18,"turns":7},{"damage":4,"enemies":"Shell Parasite","floor":20,"turns":8},{"damage":4,"enemies":"Snecko","floor":21,"turns":6},{"damage":46,"enemies":"Slavers","floor":24,"turns":7},{"damage":8,"enemies":"Centurion and Healer","floor":29,"turns":7},{"damage":2,"enemies":"3 Cultists","floor":30,"turns":9},{"damage":4,"enemies":"Snecko","floor":31,"turns":5},{"damage":74,"enemies":"Champ","floor":33,"turns":18}],"event_choices":[{"event_name":"Big Fish","player_choice":"Donut","floor":3,"damage_taken":0},{"event_name":"Shining Light","player_choice":"Entered Light","floor":8,"damage_taken":0},{"event_name":"Golden Idol","player_choice":"Take Damage","floor":10,"damage_taken":0},{"event_name":"Knowing Skull","player_choice":"CARD ","floor":22,"damage_taken":0},{"event_name":"Back to Basics","player_choice":"Simplicity","floor":28,"damage_taken":0}],"boss_relics":[{"not_picked":["Ectoplasm","Astrolabe"],"picked":"Orrery"}],"potions_floor_spawned":[11,13,18,20,31],"seed_played":"6729268077935770801","killed_by":"Champ","ascension_level":0,"is_trial":false}