{"gold_per_floor":[118,98,115,134,49,49,65,65,88,104,104,115,149,77,77,176,176,196,35,52,52,68,96,111,211,235,160,175,4,4,21,21,125,125,142,154,171,181,194,194,194],"floor_reached":41,"playtime":3548,"items_purged":["Defend_B"],"score":513,"play_id":"00038f25-c4c4-4b2d-ae48-0c1e3950d420","local_time":"20181109190751","is_ascension_mode":true,"campfire_choices":[{"data":"Glacier","floor":6,"key":"SMITH"},{"data":"Zap","floor":8,"key":"SMITH"},{"floor":15,"key":"REST"},{"floor":30,"key":"REST"},{"floor":32,"key":"REST"},{"floor":40,"key":"REST"}],"neow_cost":"NONE","seed_source_timestamp":341529244776788,"circlet_count":0,"master_deck":["Strike_B+1","Strike_B","Strike_B","Strike_B","Defend_B","Defend_B","Defend_B","Zap+1","Dualcast+1","Dramatic Entrance","Glacier+1","Defragment","Sunder+1","Defragment","Conserve Battery","Stack","Loop","Echo Form","Blizzard","Seek","Stack+1","Leap","Defragment","BootSequence","Leap","Cold Snap","Defragment","Loop","Apotheosis","Echo Form"],"relics":["Cracked Core","Vajra","Blood Vial","Sozu","Sundial","Whetstone","Cursed Key"],"potions_floor_usage":[16,24,24],"damage_taken":[{"damage":0,"enemies":"2 Louse","floor":1,"turns":2},{"damage":0,"enemies":"Cultist","floor":3,"turns":4},{"damage":0,"enemies":"Jaw Worm","floor":4,"turns":5},{"damage":0,"enemies":"Blue Slaver","floor":7,"turns":4},{"damage":11,"enemies":"Gremlin Gang","floor":10,"turns":4},{"damage":4,"enemies":"3 Louse","floor":12,"turns":2},{"damage":28,"enemies":"Gremlin Nob","floor":13,"turns":5},{"damage":21,"enemies":"Hexaghost","floor":16,"turns":9},{"damage":0,"enemies":"Shell Parasite","floor":18,"turns":8},{"damage":1,"enemies":"Spheric Guardian","floor":20,"turns":6},{"damage":14,"enemies":"Snake Plant","floor":22,"turns":4},{"damage":0,"enemies":"Gremlin Leader","floor":23,"turns":8},{"damage":33,"enemies":"Chosen and Byrds","floor":24,"turns":8},{"damage":0,"enemies":"Sentry and Sphere","floor":28,"turns":6},{"damage":10,"enemies":"Snake Plant","floor":31,"turns":4},{"damage":35,"enemies":"Champ","floor":33,"turns":12},{"damage":1,"enemies":"Orb Walker","floor":35,"turns":5},{"damage":14,"enemies":"3 Darklings","floor":36,"turns":5},{"damage":16,"enemies":"Jaw Worm Horde","floor":37,"turns":7},{"damage":31,"enemies":"4 Shapes","floor":38,"turns":7},{"damage":0,"enemies":"Maw","floor":39,"turns":9},{"damage":53,"enemies":"Sphere and 2 Shapes","floor":41,"turns":3}],"seed_played":"-2655785429549770990","potions_obtained":[{"floor":2,"key":"SkillPotion"},{"floor":7,"key":"SkillPotion"},{"floor":10,"key":"EssenceOfSteel"},{"floor":12,"key":"Energy Potion"}],"is_trial":false,"path_per_floor":["M","?","M","M","$","R","M","R","T","M","?","M","E","$","R","B",null,"M","$","M","?","M","E","M","?","T","$","M","$","R","M","R","B",null,"M","M","M","M","M","R","M"],"character_chosen":"DEFECT","items_purchased":["Defragment","Conserve Battery","Blizzard","Leap","Defragment","Defragment","Apotheosis"],"campfire_rested":4,"item_purchase_floors":[5,5,14,19,19,27,29],"current_hp_per_floor":[75,75,75,75,75,75,75,75,75,64,64,60,32,32,54,35,75,75,75,74,74,61,63,32,32,32,32,34,34,56,48,70,37,75,74,61,47,18,20,42,0],"gold":194,"neow_bonus":"RANDOM_COLORLESS","is_prod":false,"is_daily":false,"chose_seed":false,"campfire_upgraded":2,"win_rate":0,"timestamp":1541812071,"path_taken":["M","?","?","?","$","R","M","R","T","M","?","M","E","?","R","BOSS","M","$","M","?","?","E","M","?","T","$","M","?","R","M","R","BOSS","M","M","M","M","?","R","M"],"build_version":"2018-11-08","purchased_purges":1,"victory":false,"max_hp_per_floor":[75,75,75,75,75,75,75,75,75,75,75,75,75,75,75,75,75,75,75,75,75,75,75,75,75,75,75,75,75,75,75,75,75,75,75,75,75,75,75,75,75],"card_choices":[{"not_picked":["Darkness","Go for the Eyes"],"picked":"Glacier","floor":1},{"not_picked":["FTL","Stack"],"picked":"Defragment","floor":3},{"not_picked":["Coolheaded","Gash"],"picked":"Sunder","floor":4},{"not_picked":["Undo","Conserve Battery","Skim"],"picked":"SKIP","floor":7},{"not_picked":["Go for the Eyes","Gash"],"picked":"Stack","floor":10},{"not_picked":["Gash","Barrage"],"picked":"Loop","floor":12},{"not_picked":["Thunder Strike","Reprogram"],"picked":"Echo Form","floor":13},{"not_picked":["Electrodynamics","All For One"],"picked":"Seek","floor":16},{"not_picked":["Darkness","Beam Cell"],"picked":"Stack+1","floor":18},{"not_picked":["Coolheaded+1","Force Field"],"picked":"BootSequence","floor":20},{"not_picked":["Turbo","Auto Shields+1"],"picked":"Leap","floor":22},{"not_picked":["Static Discharge","Leap","Reboot"],"picked":"SKIP","floor":23},{"not_picked":["Storm","Compile Driver"],"picked":"Cold Snap","floor":24},{"not_picked":["Static Discharge","Cold Snap+1"],"picked":"Loop","floor":28},{"not_picked":["Streamline","Reprogram","BootSequence"],"picked":"SKIP","floor":31},{"not_picked":["Electrodynamics","Hyperbeam"],"picked":"Echo Form","floor":33},{"not_picked":["Conserve Battery+1","Skim+1","Leap+1"],"picked":"SKIP","floor":35},{"not_picked":["Leap+1","Capacitor+1","Streamline+1"],"picked":"SKIP","floor":36},{"not_picked":["Chaos+1","Lockon","Double Energy+1"],"picked":"SKIP","floor":37},{"not_picked":["Double Energy+1","Blizzard+1","Tempest"],"picked":"SKIP","floor":38},{"not_picked":["Cold Snap","Leap+1","Fusion"],"picked":"SKIP","floor":39}],"player_experience":538722,"relics_obtained":[{"floor":9,"key":"Vajra"},{"floor":13,"key":"Blood Vial"},{"floor":23,"key":"Sundial"},{"floor":26,"key":"Whetstone"}],"event_choices":[{"damage_healed":0,"gold_gain":0,"player_choice":"Bought 1 Potion","damage_taken":0,"max_hp_gain":0,"max_hp_loss":0,"event_name":"The Woman in Blue","floor":2,"gold_loss":0},{"damage_healed":0,"gold_gain":0,"player_choice":"Grow","damage_taken":0,"max_hp_gain":0,"max_hp_loss":0,"event_name":"Living Wall","floor":11,"gold_loss":0,"cards_upgraded":["Dualcast"]},{"damage_healed":0,"gold_gain":0,"player_choice":"Leave","damage_taken":0,"max_hp_gain":0,"max_hp_loss":0,"event_name":"FaceTrader","floor":21,"gold_loss":0},{"damage_healed":0,"gold_gain":100,"player_choice":"Pray","damage_taken":0,"max_hp_gain":0,"max_hp_loss":0,"event_name":"Golden Shrine","floor":25,"gold_loss":0}],"is_beta":false,"boss_relics":[{"not_picked":["Velvet Choker","Philosopher\u0027s Stone"],"picked":"Sozu"},{"not_picked":["Nuclear Battery","Snecko Eye"],"picked":"Cursed Key"}],"items_purged_floors":[19],"is_endless":false,"potions_floor_spawned":[7,10,12,18,23,35,37,38,39],"killed_by":"Sphere and 2 Shapes","ascension_level":2}