{"gold_per_floor":[20,20,38,2,12,47,22,22,102,102,127,127,143,160,160,255,255,274,274,289,289,82,82,102,112,112,137,0,18,31,31],"floor_reached":31,"playtime":1923,"items_purged":[],"score":347,"play_id":"904ea9df-a273-475e-9a46-d73719890596","local_time":"20190121005958","is_ascension_mode":true,"campfire_choices":[{"data":"Glacier","floor":8,"key":"SMITH"},{"data":"Conserve Battery","floor":12,"key":"SMITH"},{"floor":15,"key":"REST"},{"data":"Glacier","floor":23,"key":"SMITH"}],"neow_cost":"NO_GOLD","seed_source_timestamp":28052269902040,"circlet_count":0,"master_deck":["Strike_B+1","Strike_B+1","Strike_B+1","Defend_B+1","Defend_B+1","Defend_B+1","Zap","Dualcast","Glacier+1","All For One+1","Sweeping Beam","Self Repair","Doom and Gloom","Defragment","Defragment","Conserve Battery+1","Glacier+1","Melter","Biased Cognition","Redo","Ball Lightning+1","Pain","Leap","Streamline"],"relics":["Cracked Core","Smiling Mask","Gremlin Horn","Oddly Smooth Stone","Orichalcum","Cursed Key","MutagenicStrength","Whetstone","Cables","Vajra"],"potions_floor_usage":[16,18],"damage_taken":[{"damage":0,"enemies":"Small Slimes","floor":1,"turns":2},{"damage":2,"enemies":"Cultist","floor":3,"turns":5},{"damage":6,"enemies":"2 Louse","floor":5,"turns":2},{"damage":13,"enemies":"3 Sentries","floor":6,"turns":8},{"damage":3,"enemies":"Blue Slaver","floor":13,"turns":3},{"damage":0,"enemies":"Exordium Wildlife","floor":14,"turns":3},{"damage":29,"enemies":"Hexaghost","floor":16,"turns":13},{"damage":8,"enemies":"2 Thieves","floor":18,"turns":4},{"damage":0,"enemies":"Spheric Guardian","floor":20,"turns":3},{"damage":14,"enemies":"Centurion and Healer","floor":24,"turns":7},{"damage":0,"enemies":"3 Cultists","floor":25,"turns":4},{"damage":22,"enemies":"Slavers","floor":27,"turns":5},{"damage":37,"enemies":"Snake Plant","floor":29,"turns":3},{"damage":4,"enemies":"Cultist and Chosen","floor":30,"turns":5},{"damage":24,"enemies":"Shelled Parasite and Fungi","floor":31,"turns":3}],"seed_played":"-3402574902224294915","potions_obtained":[{"floor":1,"key":"EssenceOfSteel"},{"floor":5,"key":"SteroidPotion"},{"floor":16,"key":"FocusPotion"},{"floor":18,"key":"Energy Potion"},{"floor":20,"key":"Ancient Potion"},{"floor":27,"key":"FairyPotion"}],"is_trial":false,"path_per_floor":["M","?","M","$","M","E","$","R","T","?","T","R","M","M","R","B",null,"M","?","M","?","$","R","M","M","T","E","?","M","M","M"],"character_chosen":"DEFECT","items_purchased":["Defragment","Conserve Battery","Ball Lightning","Whetstone"],"campfire_rested":1,"item_purchase_floors":[4,7,22,22],"current_hp_per_floor":[68,68,66,66,67,54,54,54,54,29,29,29,26,33,55,33,65,64,64,71,71,71,71,64,64,64,42,42,5,1,0],"gold":31,"neow_bonus":"TRANSFORM_TWO_CARDS","is_prod":false,"is_daily":false,"chose_seed":false,"campfire_upgraded":3,"win_rate":0,"timestamp":1548053998,"path_taken":["M","?","M","$","?","E","?","R","T","?","?","R","?","M","R","BOSS","M","?","M","?","$","R","M","M","T","E","?","M","M","M"],"build_version":"2019-01-17v2","purchased_purges":0,"victory":false,"max_hp_per_floor":[75,75,75,75,75,75,75,75,75,75,75,75,75,75,75,75,75,75,75,75,75,75,75,75,75,75,75,75,75,75,75],"card_choices":[{"not_picked":["Consume","Compile Driver"],"picked":"Sweeping Beam","floor":1},{"not_picked":["Storm","Turbo"],"picked":"Doom and Gloom","floor":3},{"not_picked":["Turbo","Sweeping Beam"],"picked":"Defragment","floor":5},{"not_picked":["Hello World","BootSequence","Sweeping Beam"],"picked":"SKIP","floor":6},{"not_picked":["Sweeping Beam","Beam Cell"],"picked":"Glacier","floor":13},{"not_picked":["Skim","Fission"],"picked":"Melter","floor":14},{"not_picked":["Machine Learning","Meteor Strike"],"picked":"Biased Cognition","floor":16},{"not_picked":["Steam Power","Scrape","Beam Cell+1"],"picked":"SKIP","floor":18},{"not_picked":["Beam Cell","Aggregate+1"],"picked":"Redo","floor":20},{"not_picked":["Barrage+1","BootSequence","Redo"],"picked":"SKIP","floor":24},{"not_picked":["Capacitor+1","Reprogram","Coolheaded"],"picked":"SKIP","floor":25},{"not_picked":["Meteor Strike","Sunder"],"picked":"Leap","floor":27},{"not_picked":["Double Energy","Ball Lightning","Sweeping Beam"],"picked":"SKIP","floor":29},{"not_picked":["Turbo","Go for the Eyes"],"picked":"Streamline","floor":30}],"player_experience":683317,"relics_obtained":[{"floor":6,"key":"Smiling Mask"},{"floor":9,"key":"Gremlin Horn"},{"floor":11,"key":"Orichalcum"},{"floor":26,"key":"Cables"},{"floor":27,"key":"Vajra"}],"event_choices":[{"damage_healed":0,"gold_gain":0,"player_choice":"1 cards matched","damage_taken":0,"max_hp_gain":0,"max_hp_loss":0,"event_name":"Match and Keep!","floor":2,"gold_loss":0,"cards_obtained":["Self Repair"]},{"damage_healed":0,"gold_gain":0,"player_choice":"Success","damage_taken":25,"relics_obtained":["Oddly Smooth Stone"],"max_hp_gain":0,"max_hp_loss":0,"event_name":"Scrap Ooze","floor":10,"gold_loss":0},{"damage_healed":0,"gold_gain":0,"player_choice":"Inject Mutagens","damage_taken":0,"relics_obtained":["MutagenicStrength"],"max_hp_gain":0,"max_hp_loss":0,"event_name":"Drug Dealer","floor":19,"gold_loss":0},{"damage_healed":0,"gold_gain":0,"player_choice":"Simplicity","damage_taken":0,"max_hp_gain":0,"max_hp_loss":0,"event_name":"Back to Basics","floor":21,"gold_loss":0,"cards_upgraded":["Strike_B","Strike_B","Strike_B","Defend_B","Defend_B","Defend_B"]},{"damage_healed":0,"gold_gain":0,"player_choice":"Paid Fearfully","damage_taken":0,"max_hp_gain":0,"max_hp_loss":0,"event_name":"Masked Bandits","floor":28,"gold_loss":137}],"is_beta":false,"boss_relics":[{"not_picked":["Eternal Feather","Tiny House"],"picked":"Cursed Key"}],"items_purged_floors":[],"is_endless":false,"potions_floor_spawned":[1,5,16,18,20,27,30],"killed_by":"Shelled Parasite and Fungi","ascension_level":7}