{"path_per_floor":["M","M","M","$","M","R","E","M","T","R","M","?","E","M","R","B",null,"M","?","M","$","?","E","R","M","T","?","M","$","R","$","R","B",null,"M","?","?","?","M","R"],"character_chosen":"THE_SILENT","items_purchased":["Footwork","Apotheosis","Singing Bowl","Footwork"],"gold_per_floor":[118,136,155,75,95,95,126,146,225,225,242,242,274,292,292,397,397,413,413,432,1,1,33,33,50,119,119,132,52,52,52,52,150,150,165,165,165,0,20,20],"floor_reached":41,"campfire_rested":3,"playtime":3142,"current_hp_per_floor":[70,70,70,70,67,67,64,64,64,64,64,64,61,61,77,42,77,57,57,57,57,57,32,55,45,45,81,83,83,83,83,83,38,85,82,82,82,82,84,84],"items_purged":["Strike_G"],"gold":20,"score":446,"play_id":"84c52b91-101d-4513-b959-3a5817a3527d","local_time":"20180320230400","is_prod":false,"is_daily":false,"is_ascension_mode":false,"campfire_upgraded":4,"timestamp":1521605040,"path_taken":["M","M","?","$","M","R","E","M","T","R","M","?","E","M","R","BOSS","M","?","M","$","?","E","R","?","T","?","M","$","R","?","R","BOSS","M","?","?","?","M","R","E"],"build_version":"2018-03-15v3","purchased_purges":1,"victory":false,"master_deck":["Defend_G","Defend_G","Defend_G","Defend_G","Defend_G","Strike_G","Strike_G","Strike_G","Strike_G","Survivor","Neutralize","Dagger Spray","Deadly Poison","Noxious Fumes+1","Dash","Footwork+1","Cloak And Dagger","Panacea","Envenom","Well Laid Plans","Catalyst","Cloak And Dagger+1","Apotheosis+1","Bullet Time+1","Footwork","Noxious Fumes"],"max_hp_per_floor":[70,70,70,70,70,70,70,70,70,70,70,70,77,77,77,77,77,77,77,77,77,77,79,79,81,81,81,83,83,83,83,83,85,85,85,85,85,85,87,87],"relics":["Ring of the Snake","Matryoshka","Anchor","Blue Candle","Strawberry","Orrery","Singing Bowl","Prayer Wheel","Snake Skull","Bottled Flame","Velvet Choker","Red Mask"],"card_choices":[{"not_picked":["Dodge and Roll","Outmaneuver"],"picked":"Dagger Spray"},{"not_picked":["Outmaneuver","Underhanded Strike"],"picked":"Deadly Poison"},{"not_picked":["Quick Slash","Acrobatics"],"picked":"Noxious Fumes"},{"not_picked":["Outmaneuver","Crippling Poison"],"picked":"Dash"},{"not_picked":["Dash","Prepared"],"picked":"Cloak And Dagger"},{"not_picked":["Skewer","A Thousand Cuts"],"picked":"Backstab"},{"not_picked":["Wraith Form","Adrenaline"],"picked":"Envenom"},{"not_picked":["Skewer","Masterful Stab"],"picked":"Well Laid Plans"},{"not_picked":["Sucker Punch","Flying Knee"],"picked":"Cloak And Dagger"},{"not_picked":["Dodge and Roll","Dagger Spray"],"picked":"Bullet Time"},{"not_picked":["Backstab","Flying Knee"],"picked":"Noxious Fumes"}],"player_experience":212260,"potions_floor_usage":[13,13,18,41],"damage_taken":[{"damage":0,"enemies":"Cultist","floor":1,"turns":3},{"damage":0,"enemies":"2 Louse","floor":2,"turns":2},{"damage":0,"enemies":"Small Slimes","floor":3,"turns":4},{"damage":3,"enemies":"2 Fungi Beasts","floor":5,"turns":4},{"damage":3,"enemies":"Lagavulin","floor":7,"turns":7},{"damage":0,"enemies":"Blue Slaver","floor":8,"turns":5},{"damage":0,"enemies":"3 Louse","floor":11,"turns":3},{"damage":10,"enemies":"Gremlin Nob","floor":13,"turns":5},{"damage":0,"enemies":"2 Fungi Beasts","floor":14,"turns":4},{"damage":35,"enemies":"The Guardian","floor":16,"turns":11},{"damage":20,"enemies":"2 Thieves","floor":18,"turns":5},{"damage":0,"enemies":"Shell Parasite","floor":20,"turns":6},{"damage":27,"enemies":"Slavers","floor":23,"turns":8},{"damage":12,"enemies":"3 Cultists","floor":25,"turns":6},{"damage":0,"enemies":"Centurion and Healer","floor":28,"turns":8},{"damage":47,"enemies":"Automaton","floor":33,"turns":8},{"damage":3,"enemies":"Orb Walker","floor":35,"turns":4},{"damage":0,"enemies":"3 Shapes","floor":39,"turns":5},{"damage":118,"enemies":"2 Orb Walkers","floor":41,"turns":5}],"event_choices":[{"event_name":"Match and Keep!","player_choice":"1 cards matched","floor":12,"damage_taken":0},{"event_name":"The Library","player_choice":"Read","floor":19,"damage_taken":0},{"event_name":"Drug Dealer","player_choice":"Ignored","floor":22,"damage_taken":0},{"event_name":"Bonfire Elementals","player_choice":"UNCOMMON","floor":27,"damage_taken":0},{"event_name":"Accursed Blacksmith","player_choice":"Ignore","floor":36,"damage_taken":0},{"event_name":"Mysterious Sphere","player_choice":"Ignore","floor":37,"damage_taken":0},{"event_name":"Tomb of Lord Red Mask","player_choice":"Paid","floor":38,"damage_taken":0}],"boss_relics":[{"not_picked":["Runic Pyramid","Black Star"],"picked":"Orrery"},{"not_picked":["Snecko Eye","Calling Bell"],"picked":"Velvet Choker"}],"potions_floor_spawned":[2,5,7,11,14,16,18,23,33,39],"seed_played":"-7547661182312024222","killed_by":"2 Orb Walkers","ascension_level":0,"is_trial":false}