{"gold_per_floor":[117,131,151,151,167,167,197,197,267,24,24,42,69,85,85,187,187,198,198,198,214,214,247,247,257,282,282,293,293],"floor_reached":29,"playtime":2035,"items_purged":[],"score":383,"play_id":"1c3ca2de-302b-49ef-88ed-6212d2290f60","local_time":"20191019001019","is_ascension_mode":true,"campfire_choices":[{"data":"Envenom","floor":6,"key":"SMITH"},{"data":"Backflip","floor":8,"key":"SMITH"},{"data":"Survivor","floor":11,"key":"SMITH"},{"floor":15,"key":"REST"},{"data":"Catalyst","floor":24,"key":"SMITH"},{"floor":27,"key":"REST"}],"neow_cost":"NONE","seed_source_timestamp":359151709338800,"circlet_count":0,"master_deck":["AscendersBane","Strike_G","Strike_G","Strike_G","Strike_G","Defend_G","Defend_G","Defend_G","Defend_G","Survivor+1","Neutralize","Envenom+1","Backflip+1","Deadly Poison","Dagger Spray","Skewer","Well Laid Plans","Slice","Riddle With Holes","Envenom","Catalyst+1","Infinite Blades","Adrenaline","Cloak And Dagger","Cloak And Dagger","Normality"],"relics":["Ring of the Snake","Mango","Bottled Tornado","Membership Card","Smiling Mask","Cursed Key","Potion Belt","Regal Pillow"],"potions_floor_usage":[7,13,16,23,29],"damage_taken":[{"damage":1,"enemies":"Jaw Worm","floor":1,"turns":5},{"damage":1,"enemies":"Cultist","floor":2,"turns":6},{"damage":4,"enemies":"2 Louse","floor":3,"turns":4},{"damage":10,"enemies":"2 Fungi Beasts","floor":5,"turns":4},{"damage":17,"enemies":"Lagavulin","floor":7,"turns":6},{"damage":0,"enemies":"Exordium Thugs","floor":12,"turns":4},{"damage":17,"enemies":"3 Sentries","floor":13,"turns":7},{"damage":12,"enemies":"Blue Slaver","floor":14,"turns":4},{"damage":15,"enemies":"Slime Boss","floor":16,"turns":8},{"damage":0,"enemies":"3 Byrds","floor":18,"turns":4},{"damage":32,"enemies":"Spheric Guardian","floor":21,"turns":6},{"damage":19,"enemies":"Book of Stabbing","floor":23,"turns":4},{"damage":15,"enemies":"Centurion and Healer","floor":25,"turns":5},{"damage":3,"enemies":"Chosen and Byrds","floor":28,"turns":6},{"damage":68,"enemies":"Sentry and Sphere","floor":29,"turns":8}],"seed_played":"1318027340693634726","potions_obtained":[{"floor":2,"key":"Dexterity Potion"},{"floor":5,"key":"FearPotion"},{"floor":12,"key":"Energy Potion"},{"floor":18,"key":"Energy Potion"},{"floor":28,"key":"Poison Potion"}],"is_trial":false,"path_per_floor":["M","M","M","?","M","R","E","R","T","$","R","M","E","M","R","B",null,"M","?","?","M","?","E","R","M","T","R","M","M"],"character_chosen":"THE_SILENT","items_purchased":["Membership Card","Well Laid Plans"],"campfire_rested":2,"item_purchase_floors":[10,10],"current_hp_per_floor":[62,61,57,57,47,47,44,44,44,44,44,44,27,15,40,25,69,69,69,69,37,65,46,46,31,31,71,68,0],"gold":293,"neow_bonus":"ONE_RANDOM_RARE_CARD","is_prod":false,"is_daily":false,"chose_seed":false,"campfire_upgraded":4,"win_rate":0,"timestamp":1571461819,"path_taken":["M","M","M","?","M","R","E","R","T","$","R","M","E","?","R","BOSS","M","?","?","?","?","E","R","M","T","R","M","M"],"build_version":"2019-07-17","purchased_purges":0,"victory":false,"max_hp_per_floor":[70,70,70,70,70,70,84,84,84,84,84,84,84,84,84,84,84,84,84,84,84,84,84,84,84,84,84,84,84],"card_choices":[{"not_picked":["Dodge and Roll","Caltrops"],"picked":"Backflip","floor":1},{"not_picked":["Quick Slash","Outmaneuver"],"picked":"Deadly Poison","floor":2},{"not_picked":["Distraction","Underhanded Strike"],"picked":"Dagger Spray","floor":3},{"not_picked":["Distraction","Underhanded Strike","Deadly Poison"],"picked":"SKIP","floor":5},{"not_picked":["Poisoned Stab","Wraith Form v2"],"picked":"Skewer","floor":7},{"not_picked":["All Out Attack","Caltrops"],"picked":"Slice","floor":12},{"not_picked":["Outmaneuver","Dagger Spray","Expertise"],"picked":"SKIP","floor":13},{"not_picked":["Sucker Punch","Accuracy"],"picked":"Riddle With Holes","floor":14},{"not_picked":["Wraith Form v2","Venomology"],"picked":"Envenom","floor":16},{"not_picked":["Well Laid Plans","Quick Slash"],"picked":"Catalyst","floor":18},{"not_picked":["Outmaneuver+1","Deadly Poison"],"picked":"Adrenaline","floor":21},{"not_picked":["Outmaneuver","Backstab"],"picked":"Cloak And Dagger","floor":23},{"not_picked":["Underhanded Strike","Slice+1"],"picked":"Cloak And Dagger","floor":25},{"not_picked":["Quick Slash+1","Dodge and Roll","Distraction"],"picked":"SKIP","floor":28}],"player_experience":884344,"relics_obtained":[{"floor":7,"key":"Mango"},{"floor":9,"key":"Bottled Tornado"},{"floor":13,"key":"Smiling Mask"},{"floor":23,"key":"Potion Belt"},{"floor":26,"key":"Regal Pillow"}],"event_choices":[{"cards_removed":["Defend_G"],"damage_healed":0,"gold_gain":0,"player_choice":"Purged","damage_taken":0,"max_hp_gain":0,"max_hp_loss":0,"event_name":"Purifier","floor":4,"gold_loss":0},{"damage_healed":0,"gold_gain":0,"player_choice":"Ignored","damage_taken":0,"max_hp_gain":0,"max_hp_loss":0,"event_name":"Beggar","floor":19,"gold_loss":0},{"damage_healed":0,"gold_gain":0,"cards_transformed":["Strike_G"],"player_choice":"Transformed","damage_taken":0,"max_hp_gain":0,"max_hp_loss":0,"event_name":"Transmorgrifier","floor":20,"gold_loss":0,"cards_obtained":["Infinite Blades"]},{"damage_healed":28,"gold_gain":0,"player_choice":"Heal","damage_taken":0,"max_hp_gain":0,"max_hp_loss":0,"event_name":"The Library","floor":22,"gold_loss":0}],"is_beta":false,"boss_relics":[{"not_picked":["Philosopher\u0027s Stone","Velvet Choker"],"picked":"Cursed Key"}],"items_purged_floors":[],"is_endless":false,"potions_floor_spawned":[2,5,12,18,28],"killed_by":"Sentry and Sphere","ascension_level":10}