{"gold_per_floor":[114,39,39,56,71,96,96,29,29,29,58,69,80,97,97,175,175,192,212,223,9,59,59,59,59,129,129,139,139],"floor_reached":29,"playtime":761,"items_purged":[],"score":474,"play_id":"4ce6e7cd-57a5-4dbc-8a46-b30025b74eba","local_time":"20191028134843","is_ascension_mode":true,"campfire_choices":[{"data":"Combust","floor":7.0,"key":"SMITH"},{"data":"Combust","floor":15.0,"key":"SMITH"},{"data":"Limit Break","floor":23,"key":"SMITH"},{"data":"Spot Weakness","floor":25,"key":"SMITH"},{"floor":27,"key":"REST"}],"neow_cost":"NONE","seed_source_timestamp":1375881768089500,"circlet_count":0,"master_deck":["AscendersBane","Strike_R","Strike_R","Strike_R","Strike_R","Strike_R","Defend_R","Defend_R","Defend_R","Defend_R","Bash","Anger","Combust+1","Spot Weakness+1","Sword Boomerang","Offering","Heavy Blade+1","Combust+1","Shrug It Off","Limit Break+1","Twin Strike+1","Thunderclap+1","Headbutt+1"],"special_seed":0,"relics":["Burning Blood","NeowsBlessing","Letter Opener","Red Skull","Molten Egg 2","Singing Bowl","SacredBark","Blood Vial","Mercury Hourglass"],"potions_floor_usage":[24,29],"damage_taken":[{"damage":0.0,"enemies":"2 Louse","floor":1.0,"turns":1.0},{"damage":0.0,"enemies":"Cultist","floor":4.0,"turns":1.0},{"damage":0.0,"enemies":"Small Slimes","floor":5.0,"turns":2.0},{"damage":39.0,"enemies":"Gremlin Nob","floor":6.0,"turns":4.0},{"damage":19.0,"enemies":"3 Sentries","floor":11.0,"turns":3.0},{"damage":6.0,"enemies":"Gremlin Gang","floor":12.0,"turns":2.0},{"damage":6.0,"enemies":"Looter","floor":13.0,"turns":2.0},{"damage":0.0,"enemies":"Blue Slaver","floor":14.0,"turns":1.0},{"damage":36.0,"enemies":"Slime Boss","floor":16.0,"turns":7.0},{"damage":38,"enemies":"Shell Parasite","floor":18,"turns":4},{"damage":6,"enemies":"Chosen","floor":19,"turns":2},{"damage":13,"enemies":"Sentry and Sphere","floor":20,"turns":3},{"damage":0,"enemies":"Shelled Parasite and Fungi","floor":24,"turns":1},{"damage":39,"enemies":"Snake Plant","floor":28,"turns":4},{"damage":32,"enemies":"Slavers","floor":29,"turns":2}],"seed_played":"2545500138624619795","potions_obtained":[{"floor":4.0,"key":"AttackPotion"},{"floor":5.0,"key":"SmokeBomb"},{"floor":18,"key":"Dexterity Potion"}],"is_trial":false,"path_per_floor":["M","$","?","M","M","E","R","?","T","$","E","M","M","M","R","B",null,"M","M","M","$","?","R","M","R","T","R","M","E"],"character_chosen":"IRONCLAD","items_purchased":["Combust","Headbutt+1","Blood Vial"],"campfire_rested":1,"item_purchase_floors":[2,21,21],"current_hp_per_floor":[74,74,75,75,75,42,42,42,42,42,29,31,31,37,37,7,60,28,28,23,23,23,23,31,31,31,54,25,0],"gold":139,"neow_bonus":"THREE_ENEMY_KILL","is_prod":false,"is_daily":false,"chose_seed":false,"campfire_upgraded":4,"win_rate":0,"timestamp":1572284923,"path_taken":["M","$","?","M","?","E","R","?","T","?","E","M","?","M","R","BOSS","M","?","M","$","?","R","M","R","T","R","?","E"],"build_version":"2019-10-25-V3","purchased_purges":0,"victory":false,"max_hp_per_floor":[75,75,75,75,75,75,75,75,75,75,75,77,77,77,77,77,77,77,77,79,79,79,79,79,79,79,79,81,81],"card_choices":[{"not_picked":["Clothesline","Body Slam"],"picked":"Anger","floor":1.0},{"not_picked":["Rupture","Armaments"],"picked":"Spot Weakness","floor":4.0},{"not_picked":["Iron Wave","Havoc"],"picked":"Sword Boomerang","floor":5.0},{"not_picked":["Pummel","Evolve"],"picked":"Offering","floor":6.0},{"not_picked":["Sentinel","Evolve"],"picked":"Heavy Blade+1","floor":11.0},{"not_picked":["Clothesline+1","Anger+1","Perfected Strike+1"],"picked":"Singing Bowl","floor":12.0},{"not_picked":["Havoc","Warcry"],"picked":"Combust","floor":13.0},{"not_picked":["Flex","Feel No Pain"],"picked":"Shrug It Off","floor":14.0},{"not_picked":["Berserk","Exhume"],"picked":"Limit Break","floor":16.0},{"not_picked":["Burning Pact","Warcry"],"picked":"Twin Strike+1","floor":18},{"not_picked":["Wild Strike+1","Sword Boomerang+1"],"picked":"Thunderclap+1","floor":19},{"not_picked":["Flex+1","Rage+1","Iron Wave+1"],"picked":"Singing Bowl","floor":20},{"not_picked":["Thunderclap+1","Pommel Strike+1","Carnage+1"],"picked":"Singing Bowl","floor":28}],"player_experience":946060,"relics_obtained":[{"floor":6.0,"key":"Letter Opener"},{"floor":9.0,"key":"Molten Egg 2"},{"floor":11.0,"key":"Singing Bowl"},{"floor":26,"key":"Mercury Hourglass"}],"event_choices":[{"damage_healed":1.0,"max_hp_gain":0.0,"max_hp_loss":0.0,"gold_gain":0.0,"event_name":"Wheel of Change","player_choice":"Full Heal","floor":3.0,"gold_loss":0.0,"damage_taken":0.0},{"damage_healed":0.0,"max_hp_gain":0.0,"max_hp_loss":0.0,"gold_gain":0.0,"event_name":"WeMeetAgain","player_choice":"Paid Gold","floor":8.0,"gold_loss":67.0,"damage_taken":0.0,"relics_obtained":["Red Skull"]},{"damage_healed":0,"gold_gain":50,"player_choice":"Pray","damage_taken":0,"max_hp_gain":0,"max_hp_loss":0,"event_name":"Golden Shrine","floor":22,"gold_loss":0}],"is_beta":true,"boss_relics":[{"not_picked":["Runic Dome","Runic Pyramid"],"picked":"SacredBark"}],"items_purged_floors":[],"is_endless":false,"potions_floor_spawned":[4,5,11,12,13,18,19],"killed_by":"Slavers","ascension_level":20}