{"gold_per_floor":[114,7,7,7,27,27,53,64,64,64,29,43,43,43,43,140,140,150,0,0,0,0,0,16,36,36,14,14,44,144,163,163,268,318,328,3,0,18,36,36,68,68,92,92,103,129,129,2,2,2],"floor_reached":51,"playtime":3203,"items_purged":["Parasite"],"score":1215,"play_id":"d278788a-e2dd-4f60-bd21-532fbb63025c","local_time":"20191031005455","is_ascension_mode":true,"campfire_choices":[{"data":"Redo","floor":6,"key":"SMITH"},{"data":"Buffer","floor":13,"key":"SMITH"},{"floor":15,"key":"REST"},{"data":"Echo Form","floor":23,"key":"SMITH"},{"data":"Coolheaded","floor":28,"key":"SMITH"},{"floor":32,"key":"REST"},{"data":"Buffer","floor":40,"key":"SMITH"},{"floor":42,"key":"REST"},{"data":"Defragment","floor":44,"key":"SMITH"},{"data":"Redo","floor":47,"key":"SMITH"},{"floor":49,"key":"REST"}],"neow_cost":"NONE","seed_source_timestamp":171502957458000,"circlet_count":0,"master_deck":["AscendersBane","Strike_B+1","Strike_B+1","Strike_B+1","Defend_B+1","Defend_B+1","Defend_B+1","Defend_B+1","Zap+1","Dualcast+1","Sweeping Beam","Redo+1","Defragment+1","Cold Snap","Coolheaded+1","Steam","Buffer+1","Echo Form+1","Steam Power+1","Doom and Gloom+1","Coolheaded","Go for the Eyes","Streamline+1","BootSequence","Buffer+1","Compile Driver","Skim","Redo+1","Cold Snap","Defragment+1","Seek","Conserve Battery+1","Leap","Cold Snap"],"relics":["Cracked Core","StoneCalendar","Calipers","Kunai","Philosopher\u0027s Stone","Art of War","DataDisk","Tiny House","Unceasing Top","Red Mask","Girya","Ancient Tea Set","Orichalcum"],"potions_floor_usage":[16,18,29,33,50,50],"damage_taken":[{"damage":3,"enemies":"2 Louse","floor":1,"turns":2},{"damage":3,"enemies":"Small Slimes","floor":5,"turns":3},{"damage":21,"enemies":"3 Sentries","floor":7,"turns":7},{"damage":0,"enemies":"Cultist","floor":8,"turns":4},{"damage":3,"enemies":"3 Louse","floor":12,"turns":3},{"damage":0,"enemies":"Slime Boss","floor":16,"turns":7},{"damage":0,"enemies":"Chosen","floor":18,"turns":4},{"damage":8,"enemies":"Shell Parasite","floor":24,"turns":6},{"damage":3,"enemies":"Centurion and Healer","floor":25,"turns":7},{"damage":9,"enemies":"Gremlin Leader","floor":29,"turns":7},{"damage":11,"enemies":"Chosen and Byrds","floor":31,"turns":6},{"damage":26,"enemies":"Collector","floor":33,"turns":10},{"damage":12,"enemies":"3 Shapes","floor":35,"turns":3},{"damage":0,"enemies":"Orb Walker","floor":38,"turns":4},{"damage":0,"enemies":"4 Shapes","floor":39,"turns":4},{"damage":26,"enemies":"Reptomancer","floor":41,"turns":8},{"damage":7,"enemies":"Writhing Mass","floor":45,"turns":6},{"damage":0,"enemies":"Nemesis","floor":46,"turns":9},{"damage":11,"enemies":"Time Eater","floor":50,"turns":15}],"seed_played":"-5911924042942205378","potions_obtained":[{"floor":5,"key":"FocusPotion"},{"floor":12,"key":"SteroidPotion"},{"floor":16,"key":"AttackPotion"},{"floor":24,"key":"GamblersBrew"},{"floor":33,"key":"Ancient Potion"},{"floor":34,"key":"Strength Potion"}],"is_trial":false,"path_per_floor":["M","$","?","?","M","R","E","M","T","?","?","M","R","?","R","B",null,"M","?","?","$","?","R","M","M","T","$","R","E","?","M","R","B",null,"M","$","?","M","M","R","E","R","T","R","M","E","R","$","R","B",null],"character_chosen":"DEFECT","items_purchased":["Redo","Defragment","Go for the Eyes","Unceasing Top","Redo","Cold Snap"],"campfire_rested":4,"item_purchase_floors":[2,2,27,36,36,48],"current_hp_per_floor":[65,65,58,58,55,55,34,34,34,22,40,37,37,37,59,59,71,71,71,71,71,71,71,63,60,60,60,60,51,51,40,62,36,70,58,58,58,58,58,58,32,56,56,56,49,49,49,49,72,61],"gold":2,"neow_bonus":"UPGRADE_CARD","is_prod":false,"is_daily":false,"chose_seed":false,"campfire_upgraded":7,"win_rate":0,"timestamp":1572501295,"path_taken":["M","$","?","?","M","R","E","M","T","?","?","M","R","?","R","BOSS","M","?","?","$","?","R","M","?","T","?","R","E","?","M","R","BOSS","M","$","?","M","M","R","E","R","T","R","M","E","R","$","R","BOSS"],"build_version":"2019-07-17","purchased_purges":1,"victory":true,"max_hp_per_floor":[75,75,75,75,75,75,75,75,75,75,75,75,75,75,75,75,75,75,75,75,75,75,75,75,75,75,75,75,75,75,75,75,75,80,80,80,80,80,80,80,80,80,80,80,80,80,80,77,77,77],"card_choices":[{"not_picked":["Turbo","Leap"],"picked":"Sweeping Beam","floor":1},{"not_picked":["Hologram","Static Discharge"],"picked":"Cold Snap","floor":5},{"not_picked":["Ball Lightning","Streamline"],"picked":"Coolheaded","floor":7},{"not_picked":["Recycle","Beam Cell"],"picked":"Steam","floor":8},{"not_picked":["Gash","Sweeping Beam"],"picked":"Buffer","floor":12},{"not_picked":["Seek","Machine Learning"],"picked":"Echo Form","floor":16},{"not_picked":["Tempest","Storm"],"picked":"Steam Power","floor":18},{"not_picked":["Fusion","Hologram"],"picked":"Doom and Gloom+1","floor":24},{"not_picked":["Compile Driver","Barrage"],"picked":"Coolheaded","floor":25},{"not_picked":["Beam Cell+1","Electrodynamics"],"picked":"Streamline+1","floor":29},{"not_picked":["Barrage","Steam"],"picked":"BootSequence","floor":31},{"not_picked":["Creative AI","Fission"],"picked":"Buffer","floor":33},{"not_picked":["Streamline","BootSequence"],"picked":"Compile Driver","floor":34},{"not_picked":["Stack","Tempest+1"],"picked":"Skim","floor":35},{"not_picked":["Sweeping Beam","Fusion"],"picked":"Cold Snap","floor":38},{"not_picked":["Chaos","Gash+1"],"picked":"Defragment","floor":39},{"not_picked":["Buffer","Sweeping Beam"],"picked":"Seek","floor":41},{"not_picked":["Sweeping Beam+1","Auto Shields+1"],"picked":"Conserve Battery+1","floor":45},{"not_picked":["Gash","Coolheaded"],"picked":"Leap","floor":46}],"player_experience":954416,"relics_obtained":[{"floor":7,"key":"StoneCalendar"},{"floor":9,"key":"Calipers"},{"floor":26,"key":"Art of War"},{"floor":29,"key":"DataDisk"},{"floor":41,"key":"Girya"},{"floor":43,"key":"Ancient Tea Set"},{"floor":46,"key":"Orichalcum"}],"event_choices":[{"cards_removed":["Strike_B"],"damage_healed":0,"gold_gain":0,"player_choice":"Card Removal","damage_taken":7,"max_hp_gain":0,"max_hp_loss":0,"event_name":"Golden Wing","floor":3,"gold_loss":0},{"damage_healed":0,"gold_gain":0,"player_choice":"Grow","damage_taken":0,"max_hp_gain":0,"max_hp_loss":0,"event_name":"Living Wall","floor":4,"gold_loss":0,"cards_upgraded":["Dualcast"]},{"damage_healed":0,"gold_gain":0,"player_choice":"Success","damage_taken":12,"relics_obtained":["Kunai"],"max_hp_gain":0,"max_hp_loss":0,"event_name":"Scrap Ooze","floor":10,"gold_loss":0},{"damage_healed":18,"gold_gain":0,"player_choice":"Healed","damage_taken":0,"max_hp_gain":0,"max_hp_loss":0,"event_name":"The Cleric","floor":11,"gold_loss":35},{"damage_healed":0,"gold_gain":0,"player_choice":"Upgraded","damage_taken":0,"max_hp_gain":0,"max_hp_loss":0,"event_name":"Upgrade Shrine","floor":14,"gold_loss":0,"cards_upgraded":["Defragment"]},{"damage_healed":0,"gold_gain":0,"player_choice":"Paid Fearfully","damage_taken":0,"max_hp_gain":0,"max_hp_loss":0,"event_name":"Masked Bandits","floor":19,"gold_loss":150},{"damage_healed":0,"gold_gain":0,"player_choice":"Ignored","damage_taken":0,"max_hp_gain":0,"max_hp_loss":0,"event_name":"Vampires","floor":20,"gold_loss":0},{"damage_healed":0,"gold_gain":0,"player_choice":"Simplicity","damage_taken":0,"max_hp_gain":0,"max_hp_loss":0,"event_name":"Back to Basics","floor":22,"gold_loss":0,"cards_upgraded":["Strike_B","Strike_B","Strike_B","Defend_B","Defend_B","Defend_B","Defend_B"]},{"damage_healed":0,"gold_gain":100,"player_choice":"Pray","damage_taken":0,"max_hp_gain":0,"max_hp_loss":0,"event_name":"Golden Shrine","floor":30,"gold_loss":0},{"damage_healed":0,"gold_gain":0,"player_choice":"Paid","damage_taken":0,"relics_obtained":["Red Mask"],"max_hp_gain":0,"max_hp_loss":0,"event_name":"Tomb of Lord Red Mask","floor":37,"gold_loss":3}],"is_beta":false,"boss_relics":[{"not_picked":["Fusion Hammer","Snecko Eye"],"picked":"Philosopher\u0027s Stone"},{"not_picked":["Orrery","Astrolabe"],"picked":"Tiny House"}],"items_purged_floors":[48],"is_endless":false,"potions_floor_spawned":[5,12,16,24,33,38,41],"ascension_level":12}