{"path_per_floor":["M","M","?","$","M","R","?","R","T","R","M","M","R","$","R","B",null,"M","M","$","M","M"],"character_chosen":"IRONCLAD","items_purchased":["Flex","Flame Barrier","Double Tap"],"gold_per_floor":[109,126,126,80,100,100,100,100,148,148,161,171,171,103,103,202,202,213,230,69,89,103],"floor_reached":23,"campfire_rested":0,"playtime":1552,"current_hp_per_floor":[80,80,90,90,90,90,90,90,90,90,83,89,89,89,89,32,90,85,74,74,66,50],"items_purged":[],"gold":103,"score":183,"play_id":"9f201997-c186-4543-8699-d537ae922285","local_time":"20180320165517","is_prod":false,"is_daily":false,"is_ascension_mode":false,"campfire_upgraded":5,"timestamp":1521582917,"path_taken":["M","M","?","$","?","R","?","R","T","R","M","M","R","?","R","BOSS","M","M","$","M","M","E"],"build_version":"2018-03-15v3","purchased_purges":0,"victory":false,"master_deck":["Strike_R","Strike_R","Strike_R","Strike_R","Defend_R","Defend_R","Defend_R","Defend_R","Bash","Infernal Blade+1","Clothesline","Flex+1","Clash+1","Metallicize","Bash","Clash+1","Flame Barrier+1","Bludgeon","Flex","Cleave+1","Double Tap","Clash+1"],"max_hp_per_floor":[80,80,90,90,90,90,90,90,90,90,90,90,90,90,90,90,90,90,90,90,90,90],"relics":["Burning Blood","Art of War","Velvet Choker"],"card_choices":[{"not_picked":["Warcry","Anger"],"picked":"Infernal Blade"},{"not_picked":["Iron Wave","Perfected Strike"],"picked":"Clothesline"},{"not_picked":["Evolve","Iron Wave"],"picked":"Clash"},{"not_picked":["Wild Strike","Feed"],"picked":"Clash"},{"not_picked":["Immolate","Feed"],"picked":"Bludgeon"},{"not_picked":["Heavy Blade","Wild Strike"],"picked":"Flex"},{"not_picked":["Heavy Blade","Fire Breathing"],"picked":"Cleave"},{"not_picked":["Havoc","Clothesline"],"picked":"Clash"}],"player_experience":210708,"potions_floor_usage":[22,22],"damage_taken":[{"damage":0,"enemies":"Small Slimes","floor":1,"turns":4},{"damage":1,"enemies":"Cultist","floor":2,"turns":4},{"damage":1,"enemies":"Jaw Worm","floor":5,"turns":4},{"damage":13,"enemies":"Red Slaver","floor":11,"turns":3},{"damage":0,"enemies":"Large Slime","floor":12,"turns":4},{"damage":63,"enemies":"Hexaghost","floor":16,"turns":11},{"damage":11,"enemies":"2 Thieves","floor":18,"turns":3},{"damage":17,"enemies":"3 Byrds","floor":19,"turns":4},{"damage":14,"enemies":"Sentry and Sphere","floor":21,"turns":4},{"damage":28,"enemies":"Cultist and Chosen","floor":22,"turns":6},{"damage":22,"enemies":"Slavers","floor":23,"turns":2}],"event_choices":[{"event_name":"Bonfire Elementals","player_choice":"RARE","floor":3,"damage_taken":0},{"event_name":"Match and Keep!","player_choice":"2 cards matched","floor":7,"damage_taken":0}],"boss_relics":[{"not_picked":["Astrolabe","Question Card"],"picked":"Velvet Choker"}],"potions_floor_spawned":[2,12,18,21],"seed_played":"-8129253005748949172","killed_by":"Slavers","ascension_level":0,"is_trial":false}