{"path_per_floor":["M","?","?","M","M","R","M","M","T","R","M","M","?","M","R","B",null,"M","$","M","?","M","R","M"],"character_chosen":"THE_SILENT","items_purchased":["Slice","Adrenaline"],"gold_per_floor":[113,113,113,126,138,138,150,162,186,186,204,218,198,216,216,321,321,332,77,92,92,109,109,119],"floor_reached":25,"campfire_rested":3,"playtime":3080,"current_hp_per_floor":[70,70,70,70,70,70,61,56,56,70,59,57,57,54,70,21,70,50,50,33,56,35,56,32],"items_purged":["Strike_G"],"gold":119,"score":199,"play_id":"278dcaf4-f55d-470f-bbd0-174549258027","local_time":"20180303003353","is_prod":false,"is_daily":false,"is_ascension_mode":false,"campfire_upgraded":1,"timestamp":1520058833,"path_taken":["M","?","?","M","M","R","M","M","T","R","M","?","?","?","R","BOSS","M","$","M","?","M","R","M","M"],"build_version":"2018-03-01-PROD1","purchased_purges":1,"victory":false,"master_deck":["Defend_G","Defend_G","Defend_G","Defend_G","Strike_G","Strike_G","Strike_G","Strike_G","Survivor","Neutralize","Sucker Punch","Predator+1","Deadly Poison","Deadly Poison","Infinite Blades","Poisoned Stab","Deflect","Quick Slash","Slice","Tactician","Slice","Slice","Adrenaline","Flying Knee","Deflect"],"max_hp_per_floor":[70,70,70,70,70,70,70,70,70,70,70,70,70,70,70,70,70,70,70,70,70,70,70,70],"relics":["Ring of the Snake","Vajra","Runic Pyramid"],"card_choices":[{"not_picked":["PiercingWail","Prepared"],"picked":"Sucker Punch"},{"not_picked":["Flechettes","Backflip"],"picked":"Predator"},{"not_picked":["Terror","Prepared"],"picked":"Deadly Poison"},{"not_picked":["Endless Agony","Die Die Die"],"picked":"Deadly Poison"},{"not_picked":["Slice","Poisoned Stab"],"picked":"Infinite Blades"},{"not_picked":["Dodge and Roll","Blur"],"picked":"Poisoned Stab"},{"not_picked":["Crippling Poison","PiercingWail"],"picked":"Deflect"},{"not_picked":["Infinite Blades","Expertise"],"picked":"Quick Slash"},{"not_picked":["All Out Attack","Well Laid Plans"],"picked":"Slice"},{"not_picked":["Tools of the Trade","Unload"],"picked":"Tactician"},{"not_picked":["Bouncing Flask","Deflect"],"picked":"Slice"},{"not_picked":["Underhanded Strike","Acrobatics"],"picked":"Flying Knee"},{"not_picked":["Flying Knee","Heel Hook"],"picked":"Deflect"}],"player_experience":6560,"potions_floor_usage":[7,7,7,16,20,22,24],"damage_taken":[{"damage":0,"enemies":"Small Slimes","floor":1,"turns":3},{"damage":0,"enemies":"Cultist","floor":4,"turns":3},{"damage":0,"enemies":"2 Louse","floor":5,"turns":2},{"damage":9,"enemies":"Gremlin Gang","floor":7,"turns":7},{"damage":5,"enemies":"Looter","floor":8,"turns":3},{"damage":11,"enemies":"Exordium Thugs","floor":11,"turns":4},{"damage":2,"enemies":"2 Fungi Beasts","floor":12,"turns":3},{"damage":3,"enemies":"Exordium Wildlife","floor":14,"turns":4},{"damage":49,"enemies":"Hexaghost","floor":16,"turns":10},{"damage":20,"enemies":"Spheric Guardian","floor":18,"turns":5},{"damage":17,"enemies":"3 Byrds","floor":20,"turns":6},{"damage":21,"enemies":"Sentry and Sphere","floor":22,"turns":6},{"damage":24,"enemies":"Snake Plant","floor":24,"turns":4},{"damage":44,"enemies":"Chosen and Byrds","floor":25,"turns":7}],"event_choices":[{"event_name":"The Lab","player_choice":"Got Potions","floor":2,"damage_taken":0},{"event_name":"Wheel of Change","player_choice":"Card Removal","floor":3,"damage_taken":0},{"event_name":"World of Goop","player_choice":"Left","floor":13,"damage_taken":0},{"event_name":"The Library","player_choice":"Heal","floor":21,"damage_taken":0}],"boss_relics":[{"not_picked":["Snecko Eye","Sozu"],"picked":"Runic Pyramid"}],"potions_floor_spawned":[1,5,8,16,20,22],"seed_played":"-5332223861761432430","killed_by":"Chosen and Byrds","ascension_level":0,"is_trial":false}