{"gold_per_floor":[114,125,125,135,148,148,162,172,172,172,198,213,226,191,191,287,287,299,226,226,201,201,201,231,149,149,149,161,161,180,206,206,310,310,325,325,425,440,450,450,476,488,500,531,543,574,586,191,191,191],"floor_reached":50,"playtime":3274,"items_purged":[],"score":639,"play_id":"0e6d28d2-3e73-42d0-8497-8ddd63f2e9a4","local_time":"20181108222143","is_ascension_mode":true,"campfire_choices":[{"data":"Noxious Fumes","floor":6,"key":"SMITH"},{"data":"Backflip","floor":10,"key":"SMITH"},{"data":"Terror","floor":15,"key":"SMITH"},{"data":"Dash","floor":23,"key":"SMITH"},{"floor":29,"key":"REST"},{"floor":32,"key":"REST"},{"data":"Well Laid Plans","floor":40,"key":"SMITH"},{"floor":42,"key":"REST"},{"floor":49,"key":"REST"}],"neow_cost":"NONE","seed_source_timestamp":267037196410151,"circlet_count":0,"master_deck":["Defend_G","Defend_G","Defend_G","Defend_G","Defend_G","Strike_G","Strike_G","Strike_G","Survivor","Neutralize","Leg Sweep+1","Bane","Poisoned Stab","Skewer","Noxious Fumes+1","Backflip+1","Terror+1","Dash+1","Corpse Explosion","Noxious Fumes","Infinite Blades","Deflect","Flechettes+1","Well Laid Plans+1","Backstab+1","Unload+1","Dash+1","Poisoned Stab+1"],"relics":["Ring of the Snake","Ornamental Fan","Bottled Tornado","Philosopher\u0027s Stone","Molten Egg 2","Singing Bowl","Letter Opener","Bottled Lightning","Lizard Tail","FossilizedHelix","MawBank","Gremlin Horn","Lantern","Frozen Eye"],"potions_floor_usage":[31,41,50,50],"damage_taken":[{"damage":1,"enemies":"Jaw Worm","floor":1,"turns":7},{"damage":0,"enemies":"2 Louse","floor":2,"turns":4},{"damage":4,"enemies":"Small Slimes","floor":4,"turns":5},{"damage":0,"enemies":"Blue Slaver","floor":5,"turns":5},{"damage":0,"enemies":"Large Slime","floor":7,"turns":6},{"damage":0,"enemies":"Exordium Wildlife","floor":8,"turns":4},{"damage":15,"enemies":"Lagavulin","floor":11,"turns":6},{"damage":0,"enemies":"2 Fungi Beasts","floor":12,"turns":4},{"damage":3,"enemies":"Blue Slaver","floor":13,"turns":3},{"damage":10,"enemies":"Slime Boss","floor":16,"turns":8},{"damage":16,"enemies":"2 Thieves","floor":18,"turns":2},{"damage":27,"enemies":"Slavers","floor":24,"turns":3},{"damage":0,"enemies":"Chosen","floor":28,"turns":3},{"damage":24,"enemies":"Snake Plant","floor":30,"turns":3},{"damage":8,"enemies":"Gremlin Leader","floor":31,"turns":5},{"damage":32,"enemies":"Automaton","floor":33,"turns":9},{"damage":2,"enemies":"3 Darklings","floor":35,"turns":3},{"damage":0,"enemies":"Mind Bloom Boss Battle","floor":37,"turns":4},{"damage":0,"enemies":"Orb Walker","floor":38,"turns":3},{"damage":5,"enemies":"Transient","floor":39,"turns":5},{"damage":51,"enemies":"Reptomancer","floor":41,"turns":7},{"damage":2,"enemies":"Spire Growth","floor":44,"turns":4},{"damage":16,"enemies":"3 Darklings","floor":46,"turns":4},{"damage":121,"enemies":"Time Eater","floor":50,"turns":10}],"seed_played":"6042867597463448689","potions_obtained":[{"floor":2,"key":"Weak Potion"},{"floor":8,"key":"FearPotion"},{"floor":11,"key":"Ancient Potion"},{"floor":28,"key":"AttackPotion"},{"floor":33,"key":"SteroidPotion"},{"floor":44,"key":"LiquidBronze"}],"is_trial":false,"path_per_floor":["M","M","?","M","M","R","M","M","T","R","E","M","M","?","R","B",null,"M","$","?","$","?","R","E","$","T","T","M","R","M","E","R","B",null,"M","?","?","M","M","R","E","R","T","M","?","M","?","$","R","B"],"character_chosen":"THE_SILENT","items_purchased":["Infinite Blades","Deflect","Well Laid Plans","Lantern","Frozen Eye","Poisoned Stab+1"],"campfire_rested":4,"item_purchase_floors":[19,21,25,48,48,48],"current_hp_per_floor":[69,69,69,65,65,65,65,65,65,65,50,50,47,64,64,54,70,54,54,54,54,54,54,27,27,27,27,27,48,26,20,42,10,74,74,74,76,78,75,75,26,51,51,51,51,35,35,35,60,0],"gold":191,"neow_bonus":"TRANSFORM_CARD","is_prod":false,"is_daily":false,"chose_seed":false,"campfire_upgraded":5,"win_rate":0,"timestamp":1541737303,"path_taken":["M","M","?","M","M","R","M","M","T","R","E","M","M","?","R","BOSS","M","$","?","$","?","R","E","$","T","?","M","R","?","E","R","BOSS","M","?","?","M","M","R","E","R","T","M","?","?","?","?","R","BOSS"],"build_version":"2018-11-08","purchased_purges":0,"victory":false,"max_hp_per_floor":[70,70,70,70,70,70,70,70,70,70,70,70,70,70,70,70,70,70,70,70,70,70,70,70,70,70,70,70,70,72,74,74,74,74,76,76,78,80,82,82,84,84,84,86,86,86,86,86,86,86],"card_choices":[{"not_picked":["Sucker Punch","Prepared"],"picked":"Bane","floor":1},{"not_picked":["Acrobatics","Slice"],"picked":"Poisoned Stab","floor":2},{"not_picked":["Outmaneuver","Tactician"],"picked":"Skewer","floor":4},{"not_picked":["All Out Attack","Blur"],"picked":"Noxious Fumes","floor":5},{"not_picked":["Eviscerate","Predator"],"picked":"Backflip","floor":7},{"not_picked":["Deadly Poison","Tactician"],"picked":"Terror","floor":8},{"not_picked":["Bane","Endless Agony","Choke"],"picked":"SKIP","floor":11},{"not_picked":["Prepared","Sucker Punch"],"picked":"Dash","floor":12},{"not_picked":["Slice","Endless Agony","Blade Dance"],"picked":"SKIP","floor":13},{"not_picked":["Phantasmal Killer","Malaise"],"picked":"Corpse Explosion","floor":16},{"not_picked":["PiercingWail","Bane"],"picked":"Noxious Fumes","floor":18},{"not_picked":["PiercingWail","Acrobatics+1"],"picked":"Flechettes","floor":24},{"not_picked":["Corpse Explosion","All Out Attack+1"],"picked":"Backstab+1","floor":28},{"not_picked":["Deadly Poison","Quick Slash+1","Concentrate"],"picked":"Singing Bowl","floor":30},{"not_picked":["Underhanded Strike+1","Grand Finale+1","Distraction"],"picked":"Singing Bowl","floor":31},{"not_picked":["Burst","Malaise"],"picked":"Unload+1","floor":33},{"not_picked":["Calculated Gamble","Setup","Slice+1"],"picked":"Singing Bowl","floor":35},{"not_picked":["Dodge and Roll+1","Underhanded Strike+1","Bane+1"],"picked":"Singing Bowl","floor":37},{"not_picked":["Poisoned Stab+1","Noxious Fumes+1","Deflect"],"picked":"Singing Bowl","floor":38},{"not_picked":["Bane+1","Distraction","Concentrate+1"],"picked":"Singing Bowl","floor":39},{"not_picked":["Choke+1","Reflex","Dodge and Roll+1"],"picked":"Singing Bowl","floor":41},{"not_picked":["Poisoned Stab+1","Dagger Spray+1","Grand Finale+1"],"picked":"Singing Bowl","floor":44},{"not_picked":["Acrobatics","Calculated Gamble"],"picked":"Dash+1","floor":46}],"player_experience":535448,"relics_obtained":[{"floor":9,"key":"Ornamental Fan"},{"floor":11,"key":"Bottled Tornado"},{"floor":24,"key":"Molten Egg 2"},{"floor":26,"key":"Singing Bowl"},{"floor":27,"key":"Letter Opener"},{"floor":31,"key":"Bottled Lightning"},{"floor":37,"key":"FossilizedHelix"},{"floor":41,"key":"MawBank"},{"floor":43,"key":"Gremlin Horn"}],"event_choices":[{"damage_healed":0,"gold_gain":0,"player_choice":"Grow","damage_taken":0,"max_hp_gain":0,"max_hp_loss":0,"event_name":"Living Wall","floor":3,"gold_loss":0,"cards_upgraded":["Leg Sweep"]},{"damage_healed":17,"gold_gain":0,"player_choice":"Healed","damage_taken":0,"max_hp_gain":0,"max_hp_loss":0,"event_name":"The Cleric","floor":14,"gold_loss":35},{"damage_healed":0,"gold_gain":0,"player_choice":"Ignored","damage_taken":0,"max_hp_gain":0,"max_hp_loss":0,"event_name":"Cursed Tome","floor":20,"gold_loss":0},{"damage_healed":0,"gold_gain":0,"player_choice":"Ignored","damage_taken":0,"max_hp_gain":0,"max_hp_loss":0,"event_name":"Beggar","floor":22,"gold_loss":0},{"cards_removed":["Strike_G"],"damage_healed":0,"gold_gain":0,"player_choice":"Removed Attack","damage_taken":0,"max_hp_gain":0,"max_hp_loss":0,"event_name":"Falling","floor":36,"gold_loss":0},{"damage_healed":0,"gold_gain":0,"player_choice":"Fight","damage_taken":0,"max_hp_gain":0,"max_hp_loss":0,"event_name":"MindBloom","floor":37,"gold_loss":0},{"damage_healed":0,"gold_gain":0,"player_choice":"Ignored","damage_taken":0,"max_hp_gain":0,"max_hp_loss":0,"event_name":"Tomb of Lord Red Mask","floor":45,"gold_loss":0},{"damage_healed":0,"gold_gain":0,"player_choice":"Ignored","damage_taken":0,"max_hp_gain":0,"max_hp_loss":0,"event_name":"Mysterious Sphere","floor":47,"gold_loss":0}],"is_beta":false,"boss_relics":[{"not_picked":["Eternal Feather","Runic Dome"],"picked":"Philosopher\u0027s Stone"},{"not_picked":["HoveringKite","Velvet Choker"],"picked":"Lizard Tail"}],"items_purged_floors":[],"is_endless":false,"potions_floor_spawned":[2,8,11,28,30,33,37,39,44,46],"killed_by":"Time Eater","ascension_level":4}