{"path_per_floor":["M","M","?","M","M","R","M","E","T","R","T","?","M","$","R","B",null,"M","?","$","?","M","E","R","M","T"],"character_chosen":"IRONCLAD","items_purchased":["Finesse","Rampage","Bandage Up"],"gold_per_floor":[114,125,125,140,159,159,170,198,198,198,198,260,271,21,21,120,120,132,132,35,35,50,80,80,99,124],"floor_reached":27,"campfire_rested":2,"playtime":2329,"current_hp_per_floor":[80,80,73,79,80,80,79,69,69,69,69,45,51,51,75,43,80,58,58,58,43,46,37,65,50,50],"items_purged":["Bash"],"gold":124,"score":258,"play_id":"82749eda-ea38-4a96-bd16-897ce41fa43a","local_time":"20180304030732","is_prod":false,"is_daily":false,"is_ascension_mode":false,"campfire_upgraded":2,"timestamp":1520154452,"path_taken":["M","M","?","M","M","R","M","E","T","R","?","?","M","$","R","BOSS","M","?","$","?","M","E","R","M","T","E"],"build_version":"2018-03-01-PROD1","purchased_purges":1,"victory":false,"master_deck":["Strike_R+1","Strike_R","Strike_R+1","Strike_R","Defend_R","Defend_R","Defend_R","Flex+1","Perfected Strike","Heavy Blade+1","Rage","Shrug It Off","Finesse+1","Rampage","Double Tap","Pommel Strike+1","Bandage Up","Flex","Impervious"],"max_hp_per_floor":[80,80,80,80,80,80,80,80,80,80,80,80,80,80,80,80,80,80,80,80,85,85,95,95,95,95],"relics":["Black Blood","Whetstone","Sundial","Matryoshka","Lantern","Pear","Toxic Egg 2","Orichalcum"],"card_choices":[{"not_picked":["Reckless Charge","Combust"],"picked":"Flex"},{"not_picked":["Pommel Strike","Warcry"],"picked":"Perfected Strike"},{"not_picked":["Rampage","Limit Break"],"picked":"Heavy Blade"},{"not_picked":["Spot Weakness","Corruption"],"picked":"Rage"},{"not_picked":["Sword Boomerang","Shockwave"],"picked":"Shrug It Off"},{"not_picked":["Offering","Barricade"],"picked":"Double Tap"},{"not_picked":["Clash","Anger"],"picked":"Pommel Strike"},{"not_picked":["Clash","Whirlwind"],"picked":"Flex"},{"not_picked":["Clothesline","Heavy Blade"],"picked":"Impervious"}],"player_experience":41454,"potions_floor_usage":[8,12,16,16,16,18,25],"damage_taken":[{"damage":2,"enemies":"2 Louse","floor":1,"turns":3},{"damage":4,"enemies":"Jaw Worm","floor":2,"turns":6},{"damage":0,"enemies":"Small Slimes","floor":4,"turns":4},{"damage":5,"enemies":"Looter","floor":5,"turns":4},{"damage":7,"enemies":"2 Fungi Beasts","floor":7,"turns":4},{"damage":16,"enemies":"Gremlin Nob","floor":8,"turns":3},{"damage":30,"enemies":"Gremlin Nob","floor":12,"turns":5},{"damage":0,"enemies":"Large Slime","floor":13,"turns":3},{"damage":38,"enemies":"Hexaghost","floor":16,"turns":11},{"damage":32,"enemies":"3 Byrds","floor":18,"turns":8},{"damage":11,"enemies":"Chosen","floor":22,"turns":4},{"damage":33,"enemies":"Slavers","floor":23,"turns":6},{"damage":29,"enemies":"Slaver and Parasite","floor":25,"turns":7},{"damage":57,"enemies":"Book of Stabbing","floor":27,"turns":5}],"event_choices":[{"event_name":"Golden Wing","player_choice":"Card Removal","floor":3,"damage_taken":0},{"event_name":"Dead Adventurer","player_choice":"Searched \u00271\u0027 times","floor":12,"damage_taken":0},{"event_name":"Accursed Blacksmith","player_choice":"Forge","floor":19,"damage_taken":0},{"event_name":"Forgotten Altar","player_choice":"Shed Blood","floor":21,"damage_taken":0}],"boss_relics":[{"not_picked":["Velvet Choker","Lizard Tail"],"picked":"Black Blood"}],"potions_floor_spawned":[1,5,7,12,13,16,23],"seed_played":"5146363263978138150","killed_by":"Book of Stabbing","ascension_level":0,"is_trial":false}