{"gold_per_floor":[119,135,196,212,228,261,280,280,280,280,280,291,291,301,301,403,403,417,429,108,108,108,108,118,132,132,143,143,178,178,194,194,194],"floor_reached":33,"playtime":1995,"items_purged":["Defend_B"],"score":271,"play_id":"a4652d3f-1abb-432e-bda2-bb67123cf8ca","local_time":"20180827224253","is_ascension_mode":false,"campfire_choices":[{"floor":10,"key":"REST"},{"floor":13,"key":"REST"},{"data":"Static Discharge","floor":15,"key":"SMITH"},{"data":"Static Discharge","floor":23,"key":"SMITH"},{"floor":28,"key":"REST"},{"floor":30,"key":"REST"},{"floor":32,"key":"REST"}],"neow_cost":"NONE","seed_source_timestamp":859743377535903,"circlet_count":0,"master_deck":["Strike_B","Strike_B","Strike_B","Defend_B","Defend_B","Defend_B","Zap","Dualcast","Beam Cell","Redo","Melter","Static Discharge+1","Ball Lightning","Force Field","Jack Of All Trades","Go for the Eyes","Conserve Battery","Electrodynamics","Barrage","Static Discharge+1","Enlightenment","Loop+1","Ball Lightning+1"],"relics":["Cracked Core","Gambling Chip","Dodecahedron","Inserter","Bronze Scales","Smiling Mask","Art of War","The Courier"],"potions_floor_usage":[],"damage_taken":[{"damage":0,"enemies":"2 Louse","floor":1,"turns":2},{"damage":1,"enemies":"Jaw Worm","floor":2,"turns":3},{"damage":7,"enemies":"Small Slimes","floor":4,"turns":3},{"damage":13,"enemies":"Red Slaver","floor":5,"turns":2},{"damage":21,"enemies":"Lagavulin","floor":6,"turns":5},{"damage":3,"enemies":"Large Slime","floor":7,"turns":4},{"damage":2,"enemies":"3 Louse","floor":12,"turns":2},{"damage":8,"enemies":"2 Fungi Beasts","floor":14,"turns":3},{"damage":25,"enemies":"Slime Boss","floor":16,"turns":9},{"damage":8,"enemies":"Chosen","floor":18,"turns":4},{"damage":3,"enemies":"3 Byrds","floor":19,"turns":2},{"damage":15,"enemies":"Snake Plant","floor":24,"turns":3},{"damage":9,"enemies":"Centurion and Healer","floor":25,"turns":5},{"damage":11,"enemies":"Snecko","floor":27,"turns":4},{"damage":16,"enemies":"Book of Stabbing","floor":29,"turns":4},{"damage":20,"enemies":"Shelled Parasite and Fungi","floor":31,"turns":2},{"damage":61,"enemies":"Automaton","floor":33,"turns":4}],"seed_played":"-3774880799749785951","potions_obtained":[{"floor":2,"key":"Dexterity Potion"},{"floor":12,"key":"FocusPotion"},{"floor":14,"key":"Weak Potion"}],"is_trial":false,"path_per_floor":["M","M","?","M","M","E","M","?","T","R","?","M","R","M","R","B",null,"M","M","$","?","$","R","M","M","T","M","R","E","R","M","R"],"character_chosen":"DEFECT","items_purchased":["Bronze Scales","Enlightenment"],"campfire_rested":5,"item_purchase_floors":[20,20],"current_hp_per_floor":[75,74,74,67,54,33,30,30,30,52,52,50,72,64,64,39,75,67,64,64,64,64,64,49,40,40,29,51,35,57,37,59,0],"gold":194,"neow_bonus":"THREE_CARDS","is_prod":false,"is_daily":false,"chose_seed":false,"campfire_upgraded":2,"win_rate":0.0,"timestamp":1535427773,"path_taken":["M","M","?","M","M","E","M","?","T","R","?","M","R","?","R","BOSS","M","M","$","?","$","R","M","?","T","M","R","E","R","M","R","BOSS"],"build_version":"2018-08-23v2","purchased_purges":1,"victory":false,"max_hp_per_floor":[75,75,75,75,75,75,75,75,75,75,75,75,75,75,75,75,75,75,75,75,75,75,75,75,75,75,75,75,75,75,75,75,75],"card_choices":[{"not_picked":["Steam Power","Compile Driver"],"picked":"Beam Cell","floor":0},{"not_picked":["Streamline","Leap"],"picked":"Redo","floor":1},{"not_picked":["Beam Cell","Coolheaded"],"picked":"Melter","floor":2},{"not_picked":["Darkness","Doom and Gloom"],"picked":"Static Discharge","floor":4},{"not_picked":["Double Energy","Reinforced Body","Skim"],"picked":"SKIP","floor":5},{"not_picked":["Hologram","Sweeping Beam","Stack"],"picked":"SKIP","floor":6},{"not_picked":["Reinforced Body","Fusion"],"picked":"Ball Lightning","floor":7},{"not_picked":["Force Field","Scrape"],"picked":"Go for the Eyes","floor":12},{"not_picked":["Scrape","Sweeping Beam"],"picked":"Conserve Battery","floor":14},{"not_picked":["Reboot","All For One"],"picked":"Electrodynamics","floor":16},{"not_picked":["Stack+1","Cold Snap"],"picked":"Barrage","floor":18},{"not_picked":["Rebound","Go for the Eyes"],"picked":"Static Discharge","floor":19},{"not_picked":["Darkness","BootSequence","Gash"],"picked":"SKIP","floor":24},{"not_picked":["Rebound","BootSequence","Gash+1"],"picked":"SKIP","floor":25},{"not_picked":["Melter","Rebound+1"],"picked":"Loop+1","floor":27},{"not_picked":["Beam Cell","All For One"],"picked":"Ball Lightning+1","floor":29},{"not_picked":["Lockon+1","Coolheaded","Melter"],"picked":"SKIP","floor":31}],"player_experience":269581,"relics_obtained":[{"floor":6,"key":"Gambling Chip"},{"floor":9,"key":"Dodecahedron"},{"floor":26,"key":"Art of War"},{"floor":29,"key":"The Courier"}],"event_choices":[{"event_name":"Golden Wing","player_choice":"Gained Gold","floor":3,"damage_taken":0},{"event_name":"Transmorgrifier","player_choice":"Transform","floor":8,"damage_taken":0},{"event_name":"Match and Keep!","player_choice":"1 cards matched","floor":11,"damage_taken":0},{"event_name":"Accursed Blacksmith","player_choice":"Rummage","floor":21,"damage_taken":0}],"is_beta":false,"boss_relics":[{"not_picked":["White Beast Statue","Busted Crown"],"picked":"Inserter"}],"items_purged_floors":[20],"is_endless":false,"potions_floor_spawned":[2,12,14,16,27,31],"killed_by":"Automaton","ascension_level":0}