{"gold_per_floor":[112,112,129,140,140,140,171,183,206,206,219,239,267,323,323,323],"floor_reached":16,"playtime":1030,"items_purged":[],"score":168,"play_id":"f721ccbf-5a7d-419d-8ef9-14c32ad08b80","local_time":"20191012215451","is_ascension_mode":true,"campfire_choices":[{"data":"Shrug It Off","floor":6,"key":"SMITH"},{"data":"Body Slam","floor":15,"key":"SMITH"}],"neow_cost":"NONE","seed_source_timestamp":239720615672700,"circlet_count":0,"master_deck":["AscendersBane","Strike_R+1","Strike_R","Strike_R+1","Strike_R","Strike_R","Defend_R+1","Defend_R+1","Defend_R","Defend_R","Bash+1","Shrug It Off+1","Pommel Strike","Ghostly Armor","Clash","Body Slam+1","Fiend Fire","Shrug It Off","Pommel Strike","Juggernaut","Body Slam"],"relics":["Burning Blood","War Paint","Blood Vial","Juzu Bracelet","WingedGreaves"],"potions_floor_usage":[7,12,12,14],"damage_taken":[{"damage":1,"enemies":"2 Louse","floor":1,"turns":4},{"damage":10,"enemies":"Jaw Worm","floor":3,"turns":4},{"damage":1,"enemies":"Cultist","floor":4,"turns":3},{"damage":26,"enemies":"Gremlin Nob","floor":7,"turns":4},{"damage":3,"enemies":"Blue Slaver","floor":8,"turns":3},{"damage":0,"enemies":"2 Fungi Beasts","floor":11,"turns":3},{"damage":4,"enemies":"Lots of Slimes","floor":12,"turns":2},{"damage":24,"enemies":"3 Sentries","floor":13,"turns":9},{"damage":40,"enemies":"Lagavulin Event","floor":14,"turns":7},{"damage":29,"enemies":"The Guardian","floor":16,"turns":5}],"seed_played":"-1646049842534108636","potions_obtained":[{"floor":3,"key":"AttackPotion"},{"floor":4,"key":"Explosive Potion"},{"floor":7,"key":"AttackPotion"},{"floor":12,"key":"Strength Potion"},{"floor":13,"key":"Regen Potion"}],"is_trial":false,"path_per_floor":["M","?","M","M","?","R","E","M","T","?","M","M","E","?","R","B"],"character_chosen":"IRONCLAD","items_purchased":[],"campfire_rested":0,"item_purchase_floors":[],"current_hp_per_floor":[77,77,73,78,62,62,42,45,45,45,53,57,41,24,24,0],"gold":323,"neow_bonus":"UPGRADE_CARD","is_prod":false,"is_daily":false,"chose_seed":false,"campfire_upgraded":2,"win_rate":0,"timestamp":1570935291,"path_taken":["M","?","M","M","?","R","E","M","T","?","M","M","E","?","R","BOSS"],"build_version":"2019-07-17","purchased_purges":0,"victory":false,"max_hp_per_floor":[80,80,80,80,80,80,80,80,80,80,80,80,80,80,80,80],"card_choices":[{"not_picked":["Second Wind","Bloodletting"],"picked":"Shrug It Off","floor":1},{"not_picked":["Power Through","Havoc"],"picked":"Pommel Strike","floor":3},{"not_picked":["Metallicize","Pummel"],"picked":"Ghostly Armor","floor":4},{"not_picked":["Carnage","Sentinel"],"picked":"Clash","floor":7},{"not_picked":["Armaments","Wild Strike"],"picked":"Body Slam","floor":8},{"not_picked":["Anger","Wild Strike"],"picked":"Shrug It Off","floor":11},{"not_picked":["Shrug It Off","Spot Weakness"],"picked":"Pommel Strike","floor":12},{"not_picked":["Fire Breathing","Metallicize"],"picked":"Juggernaut","floor":13},{"not_picked":["Perfected Strike","Bloodletting"],"picked":"Body Slam","floor":14}],"player_experience":831474,"relics_obtained":[{"floor":7,"key":"War Paint"},{"floor":9,"key":"Blood Vial"},{"floor":13,"key":"Juzu Bracelet"},{"floor":14,"key":"WingedGreaves"}],"event_choices":[{"damage_healed":0,"gold_gain":0,"player_choice":"Ignored","damage_taken":0,"max_hp_gain":0,"max_hp_loss":0,"event_name":"Liars Game","floor":2,"gold_loss":0},{"damage_healed":0,"gold_gain":0,"player_choice":"Entered Light","damage_taken":16,"max_hp_gain":0,"max_hp_loss":0,"event_name":"Shining Light","floor":5,"gold_loss":0,"cards_upgraded":["Strike_R","Strike_R"]},{"damage_healed":0,"gold_gain":0,"player_choice":"1 cards matched","damage_taken":0,"max_hp_gain":0,"max_hp_loss":0,"event_name":"Match and Keep!","floor":10,"gold_loss":0,"cards_obtained":["Fiend Fire"]},{"damage_healed":0,"gold_gain":0,"player_choice":"Searched \u00271\u0027 times","damage_taken":0,"max_hp_gain":0,"max_hp_loss":0,"event_name":"Dead Adventurer","floor":14,"gold_loss":0}],"is_beta":false,"boss_relics":[],"items_purged_floors":[],"is_endless":false,"potions_floor_spawned":[3,4,7,12,13],"killed_by":"The Guardian","ascension_level":10}