{"gold_per_floor":[360,12,12,12,25,25,54,54,54,81,94,94,94,1,1,96,96,110,35,35,35,53,85,85,96,96,116,116,116,133,150,150,150],"floor_reached":33,"playtime":1550,"items_purged":["Clumsy"],"score":436,"play_id":"6d1e43bf-1314-4a00-9139-631c3e0df7bd","local_time":"20190224201957","is_ascension_mode":true,"campfire_choices":[{"data":"Streamline","floor":6,"key":"SMITH"},{"data":"Zap","floor":8,"key":"SMITH"},{"floor":12,"key":"REST"},{"data":"Ball Lightning","floor":15,"key":"SMITH"},{"floor":29,"key":"REST"},{"floor":32,"key":"REST"}],"neow_cost":"CURSE","seed_source_timestamp":181469885972983,"circlet_count":0,"master_deck":["Zap+1","Dualcast","Streamline+1","Leap","Ball Lightning+1","Self Repair","Sweeping Beam","Trip+1","Echo Form","Doom and Gloom","Heatsinks","Biased Cognition","Streamline","Recycle+1","Rainbow+1","Compile Driver","Thunder Strike","Conserve Battery+1","Leap+1","Redo+1","BootSequence+1","Electrodynamics","Decay","Leap+1","Conserve Battery+1"],"relics":["Ice Cream","Dodecahedron","Cables","Toxic Egg 2","Pandora\u0027s Box","Nloth\u0027s Gift","Calipers","Sundial"],"potions_floor_usage":[18,33,33],"damage_taken":[{"damage":0,"enemies":"Cultist","floor":1,"turns":3},{"damage":7,"enemies":"Jaw Worm","floor":5,"turns":3},{"damage":16,"enemies":"Lagavulin","floor":7,"turns":6},{"damage":21,"enemies":"3 Sentries","floor":10,"turns":6},{"damage":0,"enemies":"2 Louse","floor":11,"turns":2},{"damage":0,"enemies":"Slime Boss","floor":16,"turns":5},{"damage":13,"enemies":"2 Thieves","floor":18,"turns":3},{"damage":9,"enemies":"3 Byrds","floor":22,"turns":5},{"damage":16,"enemies":"Gremlin Leader","floor":23,"turns":5},{"damage":26,"enemies":"Snake Plant","floor":25,"turns":3},{"damage":8,"enemies":"3 Cultists","floor":27,"turns":4},{"damage":13,"enemies":"Sentry and Sphere","floor":30,"turns":6},{"damage":17,"enemies":"Snake Plant","floor":31,"turns":4},{"damage":31,"enemies":"Collector","floor":33,"turns":3}],"seed_played":"4368535346836103735","potions_obtained":[{"floor":1,"key":"FocusPotion"},{"floor":10,"key":"SteroidPotion"},{"floor":16,"key":"AttackPotion"},{"floor":23,"key":"FocusPotion"}],"is_trial":false,"path_per_floor":["M","$","?","?","M","R","E","R","T","E","M","R","?","$","R","B",null,"M","$","?","?","M","E","$","M","T","M","?","R","M","M","R","B"],"character_chosen":"DEFECT","items_purchased":["Ice Cream","Leap","Trip+1"],"campfire_rested":3,"item_purchase_floors":[2,2,14],"current_hp_per_floor":[68,68,68,68,61,61,45,45,45,24,31,53,53,53,53,60,71,58,58,58,58,56,40,40,21,21,13,13,35,22,5,27,0],"gold":150,"neow_bonus":"TWO_FIFTY_GOLD","is_prod":false,"is_daily":false,"chose_seed":false,"campfire_upgraded":3,"win_rate":0,"timestamp":1551061197,"path_taken":["M","$","?","?","M","R","E","R","T","E","M","R","?","?","R","BOSS","M","$","?","?","?","E","$","M","T","M","?","R","M","M","R","BOSS"],"build_version":"2019-01-23","purchased_purges":1,"victory":false,"max_hp_per_floor":[75,75,75,75,75,75,75,75,75,75,75,75,75,75,75,75,75,75,75,75,75,75,75,75,75,75,75,75,75,75,75,75,75],"card_choices":[{"not_picked":["Beam Cell","Hologram"],"picked":"Streamline","floor":1},{"not_picked":["Lockon","Redo"],"picked":"Ball Lightning","floor":5},{"not_picked":["Machine Learning","Steam","Turbo"],"picked":"SKIP","floor":7},{"not_picked":["Streamline","Gash"],"picked":"Self Repair","floor":10},{"not_picked":["Rebound","Stack+1"],"picked":"Sweeping Beam","floor":11},{"not_picked":["Buffer","Amplify+1"],"picked":"Echo Form","floor":16},{"not_picked":["Sweeping Beam","Stack+1"],"picked":"Conserve Battery+1","floor":18},{"not_picked":["Hologram+1","Force Field+1","Defragment"],"picked":"SKIP","floor":22},{"not_picked":["Steam+1","Aggregate+1"],"picked":"Redo+1","floor":23},{"not_picked":["Self Repair","Coolheaded+1"],"picked":"BootSequence+1","floor":25},{"not_picked":["Gash","BootSequence+1"],"picked":"Electrodynamics","floor":27},{"not_picked":["Cold Snap","Sweeping Beam+1"],"picked":"Leap+1","floor":30},{"not_picked":["Cold Snap+1","Sweeping Beam+1"],"picked":"Conserve Battery+1","floor":31}],"player_experience":731614,"relics_obtained":[{"floor":7,"key":"Dodecahedron"},{"floor":9,"key":"Cables"},{"floor":10,"key":"Toxic Egg 2"},{"floor":23,"key":"Calipers"},{"floor":26,"key":"Sundial"}],"event_choices":[{"damage_healed":0,"gold_gain":0,"player_choice":"Ignored","damage_taken":0,"max_hp_gain":0,"max_hp_loss":0,"event_name":"Liars Game","floor":3,"gold_loss":0},{"damage_healed":0,"gold_gain":0,"player_choice":"Leave","damage_taken":0,"max_hp_gain":0,"max_hp_loss":0,"event_name":"The Cleric","floor":4,"gold_loss":0},{"damage_healed":0,"gold_gain":0,"player_choice":"Ignored","damage_taken":0,"max_hp_gain":0,"max_hp_loss":0,"event_name":"Golden Idol","floor":13,"gold_loss":0},{"damage_healed":0,"gold_gain":0,"player_choice":"Read","damage_taken":0,"max_hp_gain":0,"max_hp_loss":0,"event_name":"The Library","floor":20,"gold_loss":0,"cards_obtained":["Leap"]},{"damage_healed":0,"gold_gain":0,"player_choice":"Traded Relic","damage_taken":0,"relics_obtained":["Nloth\u0027s Gift"],"max_hp_gain":0,"max_hp_loss":0,"event_name":"N\u0027loth","floor":21,"relics_lost":["Cracked Core"],"gold_loss":0},{"damage_healed":0,"gold_gain":0,"player_choice":"Smashed Altar","damage_taken":0,"max_hp_gain":0,"max_hp_loss":0,"event_name":"Forgotten Altar","floor":28,"gold_loss":0,"cards_obtained":["Decay"]}],"is_beta":false,"boss_relics":[{"not_picked":["Nuclear Battery","Runic Pyramid"],"picked":"Pandora\u0027s Box"}],"items_purged_floors":[19],"is_endless":false,"potions_floor_spawned":[1,10,16,23,27,31],"killed_by":"Collector","ascension_level":7}