{"gold_per_floor":[14,14,33,44,44,71,71,85,111,63,94,94,105,68,68,169,169,169,124,124,124,50,50],"floor_reached":23,"playtime":1323,"items_purged":[],"score":266,"play_id":"f543f76a-af88-4e28-82d7-d156a599a78f","local_time":"20181117223048","is_ascension_mode":true,"campfire_choices":[{"floor":7,"key":"REST"},{"floor":12,"key":"REST"},{"data":"Redo","floor":15,"key":"SMITH"}],"neow_cost":"NO_GOLD","seed_source_timestamp":1047155102854756,"circlet_count":0,"master_deck":["Strike_B","Strike_B","Strike_B","Strike_B","Defend_B","Defend_B","Defend_B","Defend_B","Zap","Dualcast","Fusion+1","Tempest","Cold Snap","Redo+1","Redo","FTL","Defragment","All For One","Rebound","Coolheaded","Ghostly","Ghostly","Ghostly","Ghostly","Ghostly","Steam Power","Electrodynamics"],"relics":["Cracked Core","Peace Pipe","Orichalcum","Regal Pillow","Art of War","Ectoplasm"],"potions_floor_usage":[8,16],"damage_taken":[{"damage":2,"enemies":"Jaw Worm","floor":1,"turns":4},{"damage":2,"enemies":"2 Louse","floor":3,"turns":3},{"damage":6,"enemies":"Cultist","floor":4,"turns":4},{"damage":44,"enemies":"Lagavulin","floor":6,"turns":7},{"damage":5,"enemies":"Large Slime","floor":8,"turns":5},{"damage":24,"enemies":"3 Sentries","floor":11,"turns":6},{"damage":8,"enemies":"3 Louse","floor":13,"turns":2},{"damage":21,"enemies":"Hexaghost","floor":16,"turns":9},{"damage":20,"enemies":"Shell Parasite","floor":18,"turns":6},{"damage":21,"enemies":"2 Thieves","floor":19,"turns":3},{"damage":15,"enemies":"Snake Plant","floor":21,"turns":4}],"seed_played":"7837088748880040036","potions_obtained":[{"floor":4,"key":"SpeedPotion"},{"floor":6,"key":"Explosive Potion"},{"floor":8,"key":"LiquidBronze"},{"floor":11,"key":"SteroidPotion"},{"floor":21,"key":"FearPotion"}],"is_trial":false,"path_per_floor":["M","?","M","M","?","E","R","M","T","$","E","R","M","$","R","B",null,"M","M","?","M","$","R"],"character_chosen":"DEFECT","items_purchased":["Redo","Defragment","Electrodynamics"],"campfire_rested":2,"item_purchase_floors":[10,14,22],"current_hp_per_floor":[73,73,71,65,65,21,43,38,38,38,14,51,43,43,43,22,75,55,34,34,19,19,19],"gold":50,"neow_bonus":"ONE_RARE_RELIC","is_prod":false,"is_daily":false,"chose_seed":false,"campfire_upgraded":1,"win_rate":0,"timestamp":1542515448,"path_taken":["M","?","M","M","?","E","R","M","T","?","E","R","M","$","R","BOSS","M","M","?","M","$","R"],"build_version":"2018-11-15","purchased_purges":0,"victory":false,"max_hp_per_floor":[75,75,75,75,75,75,75,75,75,75,75,75,75,75,75,75,75,75,75,37,37,37,37],"card_choices":[{"not_picked":["Barrage","Beam Cell"],"picked":"Fusion","floor":1},{"not_picked":["Consume","Barrage","Static Discharge"],"picked":"SKIP","floor":3},{"not_picked":["Static Discharge","Rip and Tear"],"picked":"Tempest","floor":4},{"not_picked":["Go for the Eyes","Rip and Tear"],"picked":"Cold Snap","floor":6},{"not_picked":["Coolheaded","Fission"],"picked":"Redo","floor":8},{"not_picked":["Beam Cell","Force Field"],"picked":"FTL","floor":11},{"not_picked":["Gash","Redo","Steam Power"],"picked":"SKIP","floor":13},{"not_picked":["Biased Cognition","Reboot"],"picked":"All For One","floor":16},{"not_picked":["Cold Snap","Gash"],"picked":"Rebound","floor":18},{"not_picked":["Leap","Beam Cell"],"picked":"Coolheaded","floor":19},{"not_picked":["Cold Snap+1","Rebound"],"picked":"Steam Power","floor":21}],"player_experience":586248,"relics_obtained":[{"floor":6,"key":"Orichalcum"},{"floor":9,"key":"Regal Pillow"},{"floor":11,"key":"Art of War"}],"event_choices":[{"damage_healed":0,"gold_gain":0,"player_choice":"Grow","damage_taken":0,"max_hp_gain":0,"max_hp_loss":0,"event_name":"Living Wall","floor":2,"gold_loss":0,"cards_upgraded":["Fusion"]},{"damage_healed":0,"gold_gain":0,"player_choice":"Ignored","damage_taken":0,"max_hp_gain":0,"max_hp_loss":0,"event_name":"Golden Wing","floor":5,"gold_loss":0},{"damage_healed":0,"gold_gain":0,"player_choice":"Became a Ghost","damage_taken":0,"max_hp_gain":0,"max_hp_loss":38,"event_name":"Ghosts","floor":20,"gold_loss":0,"cards_obtained":["Ghostly","Ghostly","Ghostly","Ghostly","Ghostly"]}],"is_beta":false,"boss_relics":[{"not_picked":["Philosopher\u0027s Stone","Eternal Feather"],"picked":"Ectoplasm"}],"items_purged_floors":[],"is_endless":false,"potions_floor_spawned":[4,6,8,11,21],"ascension_level":4}