{"gold_per_floor":[116,116,130,18,30,30,30,64,64,75,105,105,124,24,24,119,119,130,147,161,3,3],"floor_reached":22,"playtime":1848,"items_purged":["Regret","Strike_R"],"score":304,"play_id":"b096028d-00cd-4340-97df-52498e34cf4f","local_time":"20191028211959","is_ascension_mode":true,"campfire_choices":[{"data":"True Grit","floor":6,"key":"SMITH"},{"floor":15,"key":"REST"}],"neow_cost":"NONE","seed_source_timestamp":19874330637300,"circlet_count":0,"master_deck":["AscendersBane","Strike_R","Strike_R","Defend_R","Defend_R","Defend_R","Bash","Rampage","True Grit+1","Evolve","Spot Weakness","Inflame","Cleave","Seeing Red","Twin Strike","Immolate","Flame Barrier","Headbutt","Iron Wave","Metallicize","Finesse"],"relics":["Burning Blood","Unceasing Top","Anchor","Incense Burner","Blood Vial","Mark of Pain"],"potions_floor_usage":[10,11,16,22,22],"damage_taken":[{"damage":7,"enemies":"Small Slimes","floor":1,"turns":4},{"damage":6,"enemies":"2 Louse","floor":3,"turns":3},{"damage":9,"enemies":"Jaw Worm","floor":5,"turns":5},{"damage":37,"enemies":"3 Sentries","floor":8,"turns":9},{"damage":2,"enemies":"Looter","floor":10,"turns":3},{"damage":1,"enemies":"Gremlin Nob","floor":11,"turns":4},{"damage":13,"enemies":"Large Slime","floor":13,"turns":6},{"damage":29,"enemies":"Slime Boss","floor":16,"turns":10},{"damage":12,"enemies":"Chosen","floor":18,"turns":4},{"damage":12,"enemies":"Shell Parasite","floor":19,"turns":5},{"damage":45,"enemies":"Snake Plant","floor":20,"turns":5},{"damage":33,"enemies":"Shelled Parasite and Fungi","floor":22,"turns":4}],"seed_played":"1742665073389252171","potions_obtained":[{"floor":1,"key":"SteroidPotion"},{"floor":10,"key":"FearPotion"},{"floor":11,"key":"Explosive Potion"},{"floor":16,"key":"Fire Potion"},{"floor":20,"key":"LiquidBronze"}],"is_trial":false,"path_per_floor":["M","?","M","$","M","R","?","E","T","M","E","?","M","$","R","B",null,"M","M","M","$","M"],"character_chosen":"IRONCLAD","items_purchased":["Evolve","Metallicize","Finesse"],"campfire_rested":1,"item_purchase_floors":[4,21,21],"current_hp_per_floor":[71,71,71,71,68,68,61,30,30,34,39,39,34,34,58,37,69,65,61,24,24,0],"gold":3,"neow_bonus":"REMOVE_CARD","is_prod":false,"is_daily":false,"chose_seed":false,"campfire_upgraded":1,"win_rate":0,"timestamp":1572315599,"path_taken":["M","?","M","$","M","R","?","E","T","M","E","?","M","?","R","BOSS","M","M","M","$","M"],"build_version":"2019-07-17","purchased_purges":2,"victory":false,"max_hp_per_floor":[80,80,80,80,80,80,80,80,80,80,80,80,80,80,80,80,80,80,80,80,80,80],"card_choices":[{"not_picked":["Bloodletting","Perfected Strike"],"picked":"Rampage","floor":1},{"not_picked":["Armaments","Shrug It Off"],"picked":"True Grit","floor":3},{"not_picked":["Armaments","Reckless Charge"],"picked":"Spot Weakness","floor":5},{"not_picked":["Armaments","Blood for Blood"],"picked":"Inflame","floor":8},{"not_picked":["Pommel Strike","Battle Trance"],"picked":"Cleave","floor":10},{"not_picked":["Sentinel","Iron Wave"],"picked":"Seeing Red","floor":11},{"not_picked":["Entrench","Flex"],"picked":"Twin Strike","floor":13},{"not_picked":["Bludgeon","Barricade"],"picked":"Immolate","floor":16},{"not_picked":["Warcry+1","True Grit"],"picked":"Flame Barrier","floor":18},{"not_picked":["Iron Wave","Anger"],"picked":"Headbutt","floor":19},{"not_picked":["Burning Pact","Armaments+1"],"picked":"Iron Wave","floor":20}],"player_experience":941477,"relics_obtained":[{"floor":8,"key":"Anchor"},{"floor":9,"key":"Incense Burner"},{"floor":11,"key":"Blood Vial"}],"event_choices":[{"damage_healed":0,"gold_gain":0,"player_choice":"Box","damage_taken":0,"relics_obtained":["Unceasing Top"],"max_hp_gain":0,"max_hp_loss":0,"event_name":"Big Fish","floor":2,"gold_loss":0,"cards_obtained":["Regret"]},{"cards_removed":["Strike_R"],"damage_healed":0,"gold_gain":0,"player_choice":"Card Removal","damage_taken":7,"max_hp_gain":0,"max_hp_loss":0,"event_name":"Golden Wing","floor":7,"gold_loss":0},{"cards_removed":["Defend_R"],"damage_healed":0,"gold_gain":0,"player_choice":"Forget","damage_taken":0,"max_hp_gain":0,"max_hp_loss":0,"event_name":"Living Wall","floor":12,"gold_loss":0}],"is_beta":false,"boss_relics":[{"not_picked":["Coffee Dripper","Busted Crown"],"picked":"Mark of Pain"}],"items_purged_floors":[4,14],"is_endless":false,"potions_floor_spawned":[1,10,11,16,20],"killed_by":"Shelled Parasite and Fungi","ascension_level":11}