{"path_per_floor":["M","M","M","M","M","E","R","E","T","R","M","$","?","M","R","B",null,"M","M","M","$","M","R","$","R","T","M","R","M","M","M","R"],"character_chosen":"IRONCLAD","items_purchased":["Happy Flower"],"gold_per_floor":[112,132,144,158,171,200,200,228,228,228,240,14,44,64,64,164,164,164,89,89,89,89,89,89,89,89,89,89,89,89,89,89,89],"floor_reached":33,"campfire_rested":5,"playtime":2624,"current_hp_per_floor":[80,80,80,80,66,49,49,35,35,35,41,41,41,41,65,12,80,80,58,36,36,25,49,49,73,73,59,80,76,49,55,79,0],"items_purged":["Strike_R"],"gold":89,"score":265,"play_id":"46f389b2-4bda-45c5-ac8e-29c5664c9a30","local_time":"20180406194923","is_prod":false,"is_daily":false,"is_ascension_mode":false,"campfire_upgraded":2,"timestamp":1523062163,"path_taken":["M","M","?","M","M","E","R","E","T","R","M","$","?","M","R","BOSS","M","?","M","$","M","R","?","R","T","M","R","M","M","M","R","BOSS"],"build_version":"2018-04-05v2","purchased_purges":1,"victory":false,"master_deck":["Strike_R","Strike_R","Strike_R","Strike_R","Defend_R","Defend_R","Defend_R","Defend_R","Bash","Armaments+1","Clash","Whirlwind","Clash","Seeing Red+1","Spot Weakness","Limit Break","Heavy Blade","Flex"],"max_hp_per_floor":[80,80,80,80,80,80,80,80,80,80,80,80,80,80,80,80,80,80,80,80,80,80,80,80,80,80,80,80,80,80,80,80,80],"relics":["Burning Blood","Bag of Marbles","Ornamental Fan","Frozen Egg 2","Happy Flower","Ectoplasm","Charon\u0027s Ashes"],"card_choices":[{"not_picked":["Feel No Pain","Anger"],"picked":"Armaments","floor":0},{"not_picked":["Havoc","Sword Boomerang"],"picked":"Clash","floor":1},{"not_picked":["Havoc","Heavy Blade"],"picked":"Whirlwind","floor":3},{"not_picked":["Burning Pact","Armaments"],"picked":"Clash","floor":6},{"not_picked":["Bloodletting","Sword Boomerang"],"picked":"Seeing Red","floor":8},{"not_picked":["Rupture","Clothesline"],"picked":"Spot Weakness","floor":11},{"not_picked":["Dark Embrace","Double Tap"],"picked":"Limit Break","floor":16},{"not_picked":["Twin Strike","Iron Wave"],"picked":"Heavy Blade","floor":19},{"not_picked":["Cleave","Sever Soul"],"picked":"Flex","floor":20}],"player_experience":242965,"potions_floor_usage":[20],"damage_taken":[{"damage":3,"enemies":"Cultist","floor":1,"turns":5},{"damage":2,"enemies":"2 Louse","floor":2,"turns":3},{"damage":1,"enemies":"Jaw Worm","floor":3,"turns":4},{"damage":6,"enemies":"Lots of Slimes","floor":4,"turns":3},{"damage":20,"enemies":"Gremlin Gang","floor":5,"turns":6},{"damage":23,"enemies":"3 Sentries","floor":6,"turns":11},{"damage":20,"enemies":"Lagavulin","floor":8,"turns":7},{"damage":0,"enemies":"Looter","floor":11,"turns":2},{"damage":6,"enemies":"3 Louse","floor":14,"turns":3},{"damage":59,"enemies":"The Guardian","floor":16,"turns":13},{"damage":0,"enemies":"3 Byrds","floor":18,"turns":3},{"damage":28,"enemies":"2 Thieves","floor":19,"turns":5},{"damage":28,"enemies":"Chosen and Byrds","floor":20,"turns":5},{"damage":17,"enemies":"Snake Plant","floor":22,"turns":3},{"damage":20,"enemies":"Snecko","floor":27,"turns":5},{"damage":10,"enemies":"Sentry and Sphere","floor":29,"turns":4},{"damage":33,"enemies":"Snake Plant","floor":30,"turns":4},{"damage":0,"enemies":"Snecko","floor":31,"turns":3},{"damage":91,"enemies":"Automaton","floor":33,"turns":10}],"event_choices":[{"event_name":"Dead Adventurer","player_choice":"Searched \u00271\u0027 times","floor":13,"damage_taken":0}],"boss_relics":[{"not_picked":["Black Star","Velvet Choker"],"picked":"Ectoplasm"}],"potions_floor_spawned":[2,5,6,11,14,18,22,29,30,31],"seed_played":"5682444279502267474","killed_by":"Automaton","ascension_level":0,"is_trial":false}