{"gold_per_floor":[115,130,130,130,80,115,115,130,130,160,177,177,23,33,33,132,132,145,70,169,73,83,83,101,101,101,101,111,70,82,99,99,99],"floor_reached":33,"playtime":2891,"items_purged":["Strike_G"],"score":373,"play_id":"a3d77e2c-ecaa-4e81-8de2-386ccd6191f6","local_time":"20191006203514","is_ascension_mode":true,"campfire_choices":[{"data":"Terror","floor":7,"key":"SMITH"},{"data":"Riddle With Holes","floor":15,"key":"SMITH"},{"data":"Forethought","floor":23,"key":"SMITH"},{"data":"Blade Dance","floor":25,"key":"SMITH"},{"floor":32,"key":"REST"}],"neow_cost":"NONE","seed_source_timestamp":238072524191000,"circlet_count":0,"master_deck":["Strike_G","Strike_G+1","Strike_G","Strike_G+1","Defend_G","Defend_G","Defend_G","Defend_G","Defend_G","Survivor","Neutralize","Glass Knife","Terror+1","Dash+1","Riddle With Holes+1","Slice","Footwork","Cloak And Dagger","After Image","Backflip","Forethought+1","Cloak And Dagger+1","Blade Dance+1","Infinite Blades","Finisher","Footwork","Cloak And Dagger+1","Accuracy"],"relics":["Ring of the Serpent","Nunchaku","Blood Vial","Blue Candle","Bronze Scales","Orichalcum","Dodecahedron"],"potions_floor_usage":[8,10,16,16,22,30,33],"damage_taken":[{"damage":0,"enemies":"Jaw Worm","floor":1,"turns":3},{"damage":0,"enemies":"2 Louse","floor":2,"turns":3},{"damage":17,"enemies":"Lagavulin","floor":6,"turns":5},{"damage":0,"enemies":"Small Slimes","floor":8,"turns":3},{"damage":9,"enemies":"3 Sentries","floor":10,"turns":6},{"damage":0,"enemies":"Looter","floor":11,"turns":1},{"damage":0,"enemies":"2 Fungi Beasts","floor":14,"turns":3},{"damage":20,"enemies":"Slime Boss","floor":16,"turns":11},{"damage":0,"enemies":"Chosen","floor":18,"turns":4},{"damage":0,"enemies":"Spheric Guardian","floor":22,"turns":4},{"damage":12,"enemies":"Shelled Parasite and Fungi","floor":24,"turns":5},{"damage":13,"enemies":"Snecko","floor":28,"turns":5},{"damage":10,"enemies":"Centurion and Healer","floor":30,"turns":7},{"damage":8,"enemies":"Snake Plant","floor":31,"turns":3},{"damage":57,"enemies":"Automaton","floor":33,"turns":8}],"seed_played":"-7281163601061293489","potions_obtained":[{"floor":2,"key":"Swift Potion"},{"floor":6,"key":"Fruit Juice"},{"floor":10,"key":"SkillPotion"},{"floor":14,"key":"Weak Potion"},{"floor":16,"key":"Swift Potion"},{"floor":24,"key":"GhostInAJar"},{"floor":30,"key":"FearPotion"}],"is_trial":false,"path_per_floor":["M","M","?","?","?","E","R","M","T","E","M","?","$","M","R","B",null,"M","$","?","$","M","R","M","R","T","?","M","$","M","M","R","B"],"character_chosen":"THE_SILENT","items_purchased":["Orichalcum","Forethought","Footwork"],"campfire_rested":1,"item_purchase_floors":[13,21,29],"current_hp_per_floor":[63,63,63,49,49,32,32,39,39,32,34,34,34,36,36,18,61,63,63,63,63,65,65,55,55,55,55,44,44,36,30,52,0],"gold":99,"neow_bonus":"ONE_RANDOM_RARE_CARD","is_prod":false,"is_daily":false,"chose_seed":false,"campfire_upgraded":4,"win_rate":0,"timestamp":1570412114,"path_taken":["M","M","?","?","?","E","R","M","T","E","M","?","?","M","R","BOSS","M","$","?","$","M","R","M","R","T","?","M","$","M","M","R","BOSS"],"build_version":"2019-07-17","purchased_purges":1,"victory":false,"max_hp_per_floor":[70,70,70,70,70,70,70,75,75,75,75,75,75,75,75,75,75,75,75,75,75,75,75,75,75,75,75,75,75,75,75,75,75],"card_choices":[{"not_picked":["Deflect","Dash"],"picked":"Terror","floor":1},{"not_picked":["Dagger Spray","Dagger Throw"],"picked":"Dash","floor":2},{"not_picked":["Noxious Fumes","Finisher"],"picked":"Riddle With Holes","floor":6},{"not_picked":["Bane","Choke","Acrobatics"],"picked":"SKIP","floor":8},{"not_picked":["Predator","A Thousand Cuts"],"picked":"Slice","floor":10},{"not_picked":["Cloak And Dagger","Riddle With Holes"],"picked":"Footwork","floor":11},{"not_picked":["Underhanded Strike","Prepared"],"picked":"Cloak And Dagger","floor":14},{"not_picked":["Night Terror","Venomology"],"picked":"After Image","floor":16},{"not_picked":["Terror","Tactician+1"],"picked":"Backflip","floor":18},{"not_picked":["Setup","Deflect"],"picked":"Cloak And Dagger+1","floor":22},{"not_picked":["Prepared+1","Backstab"],"picked":"Blade Dance","floor":24},{"not_picked":["Quick Slash+1","Predator+1"],"picked":"Finisher","floor":28},{"not_picked":["Dagger Throw","Poisoned Stab+1"],"picked":"Cloak And Dagger+1","floor":30},{"not_picked":["Cloak And Dagger","Grand Finale"],"picked":"Accuracy","floor":31}],"player_experience":796463,"relics_obtained":[{"floor":6,"key":"Blood Vial"},{"floor":9,"key":"Blue Candle"},{"floor":10,"key":"Bronze Scales"},{"floor":26,"key":"Dodecahedron"}],"event_choices":[{"damage_healed":0,"gold_gain":0,"player_choice":"Box","damage_taken":0,"relics_obtained":["Nunchaku"],"max_hp_gain":0,"max_hp_loss":0,"event_name":"Big Fish","floor":3,"gold_loss":0,"cards_obtained":["Regret"]},{"damage_healed":0,"gold_gain":0,"player_choice":"Entered Light","damage_taken":14,"max_hp_gain":0,"max_hp_loss":0,"event_name":"Shining Light","floor":4,"gold_loss":0,"cards_upgraded":["Strike_G","Strike_G"]},{"cards_removed":["Regret"],"damage_healed":0,"gold_gain":0,"player_choice":"Card Removal","damage_taken":0,"max_hp_gain":0,"max_hp_loss":0,"event_name":"The Cleric","floor":5,"gold_loss":50},{"damage_healed":0,"gold_gain":0,"player_choice":"Grow","damage_taken":0,"max_hp_gain":0,"max_hp_loss":0,"event_name":"Living Wall","floor":12,"gold_loss":0,"cards_upgraded":["Dash"]},{"damage_healed":0,"gold_gain":99,"player_choice":"Stole From Cult","damage_taken":0,"max_hp_gain":0,"max_hp_loss":0,"event_name":"Nest","floor":20,"gold_loss":0},{"damage_healed":0,"gold_gain":0,"player_choice":"Read","damage_taken":0,"max_hp_gain":0,"max_hp_loss":0,"event_name":"The Library","floor":27,"gold_loss":0,"cards_obtained":["Infinite Blades"]}],"is_beta":false,"boss_relics":[{"not_picked":["Calling Bell","Empty Cage"],"picked":"Ring of the Serpent"}],"items_purged_floors":[19],"is_endless":false,"potions_floor_spawned":[2,6,10,14,16,24,30],"killed_by":"Automaton","ascension_level":9}