{"gold_per_floor":[118,118,43,8,26,58,69,97,97,127,144,144,203,214,214,310,310,310,210,210,210,210,210,210,210,210,210,210,210,210,210,210,210,210,210,210,210,210,210,210,210,85,85,85,85,85,85,85,85,85],"floor_reached":51,"playtime":3116,"items_purged":["Strike_R","Strike_R","Strike_R"],"score":835,"play_id":"cc4df669-0b36-47a0-ba73-8d9535ad228e","local_time":"20181002230101","is_ascension_mode":true,"campfire_choices":[{"data":"Defend_R","floor":12,"key":"SMITH"},{"data":"Defend_R","floor":15,"key":"SMITH"},{"data":"Defend_R","floor":23,"key":"SMITH"},{"data":"Uppercut","floor":28,"key":"SMITH"},{"floor":30,"key":"DIG"},{"floor":32,"key":"REST"},{"floor":40,"key":"DIG"},{"floor":45,"key":"DIG"},{"floor":49,"key":"REST"}],"neow_cost":"NONE","seed_source_timestamp":1139560671105450,"circlet_count":0,"master_deck":["Strike_R+1","Strike_R+1","Defend_R+1","Defend_R+1","Defend_R+1","Defend_R+1","Bash+1","Uppercut+1","Spot Weakness","Flex","Cleave+1","Demon Form+1","Clash+1","Feed+1","Clothesline+1","Body Slam+1","Shrug It Off+1","Bludgeon+1","Shrug It Off+1","Flame Barrier","Heavy Blade+1"],"relics":["Burning Blood","Mummified Hand","Shovel","Mango","Molten Egg 2","Tiny Chest","Ectoplasm","Sundial","Whetstone","Self Forming Clay","Ice Cream","Sozu","Torii","Ancient Tea Set","FossilizedHelix","Omamori","Frozen Egg 2"],"potions_floor_usage":[24,25,25,29],"damage_taken":[{"damage":1,"enemies":"Cultist","floor":1,"turns":3},{"damage":2,"enemies":"Small Slimes","floor":5,"turns":4},{"damage":12,"enemies":"Gremlin Nob","floor":6,"turns":3},{"damage":3,"enemies":"Jaw Worm","floor":7,"turns":3},{"damage":19,"enemies":"3 Sentries","floor":8,"turns":6},{"damage":18,"enemies":"Lagavulin","floor":10,"turns":5},{"damage":11,"enemies":"Blue Slaver","floor":11,"turns":4},{"damage":12,"enemies":"Gremlin Nob","floor":13,"turns":4},{"damage":1,"enemies":"Lots of Slimes","floor":14,"turns":3},{"damage":28,"enemies":"Hexaghost","floor":16,"turns":8},{"damage":2,"enemies":"3 Byrds","floor":18,"turns":5},{"damage":5,"enemies":"Spheric Guardian","floor":21,"turns":3},{"damage":5,"enemies":"Colosseum Slavers","floor":22,"turns":3},{"damage":29,"enemies":"Gremlin Leader","floor":24,"turns":7},{"damage":15,"enemies":"Snake Plant","floor":25,"turns":3},{"damage":15,"enemies":"Shelled Parasite and Fungi","floor":27,"turns":6},{"damage":17,"enemies":"Book of Stabbing","floor":29,"turns":4},{"damage":0,"enemies":"3 Cultists","floor":31,"turns":4},{"damage":50,"enemies":"Collector","floor":33,"turns":8},{"damage":18,"enemies":"3 Darklings","floor":35,"turns":4},{"damage":13,"enemies":"Mysterious Sphere","floor":36,"turns":5},{"damage":1,"enemies":"3 Shapes","floor":37,"turns":3},{"damage":7,"enemies":"Sphere and 2 Shapes","floor":39,"turns":4},{"damage":34,"enemies":"Nemesis","floor":41,"turns":5},{"damage":0,"enemies":"Maw","floor":44,"turns":5},{"damage":0,"enemies":"Reptomancer","floor":46,"turns":5},{"damage":0,"enemies":"3 Darklings","floor":47,"turns":4},{"damage":0,"enemies":"Transient","floor":48,"turns":5},{"damage":21,"enemies":"Time Eater","floor":50,"turns":8}],"seed_played":"4442314253898561981","potions_obtained":[{"floor":1,"key":"Dexterity Potion"},{"floor":6,"key":"Regen Potion"},{"floor":8,"key":"Block Potion"},{"floor":24,"key":"Weak Potion"},{"floor":29,"key":"BloodPotion"}],"is_trial":false,"path_per_floor":["M","?","$","?","M","E","M","E","T","E","M","R","E","M","R","B",null,"M","$","?","M","?","R","E","M","T","M","R","E","R","M","R","B",null,"M","?","M","?","M","R","E","$","T","M","R","M","M","M","R","B"],"character_chosen":"IRONCLAD","items_purchased":[],"campfire_rested":2,"item_purchase_floors":[],"current_hp_per_floor":[80,64,64,80,80,74,77,64,78,66,61,61,55,60,60,38,94,94,94,75,76,77,77,54,54,54,49,49,42,42,52,85,45,115,107,100,105,105,108,108,80,80,80,86,86,92,98,104,123,108],"gold":85,"neow_bonus":"UPGRADE_CARD","is_prod":false,"is_daily":false,"chose_seed":false,"campfire_upgraded":4,"win_rate":0,"timestamp":1538539261,"path_taken":["M","?","$","?","M","E","M","E","T","E","?","R","E","M","R","BOSS","M","$","?","M","?","R","E","M","T","M","R","E","R","M","R","BOSS","M","?","M","?","M","R","E","$","T","M","R","M","M","M","R","BOSS"],"build_version":"2018-09-27","purchased_purges":3,"victory":true,"max_hp_per_floor":[80,80,80,80,80,80,80,80,94,94,94,94,94,94,94,94,94,94,94,99,99,99,99,99,99,99,103,103,107,107,111,111,115,115,119,119,119,119,123,123,123,123,123,123,123,123,123,123,123,123],"card_choices":[{"not_picked":["Headbutt","Body Slam"],"picked":"Uppercut","floor":1},{"not_picked":["Disarm","Pummel"],"picked":"Spot Weakness","floor":5},{"not_picked":["Havoc","Armaments"],"picked":"Flex","floor":6},{"not_picked":["Limit Break","Pommel Strike"],"picked":"Cleave","floor":7},{"not_picked":["Pommel Strike","Anger","Warcry"],"picked":"SKIP","floor":8},{"not_picked":["Thunderclap","Heavy Blade","Sword Boomerang"],"picked":"SKIP","floor":10},{"not_picked":["Power Through","Body Slam+1"],"picked":"Demon Form","floor":11},{"not_picked":["Blood for Blood+1","Metallicize"],"picked":"Clash+1","floor":13},{"not_picked":["Bloodletting","Entrench","Carnage+1"],"picked":"SKIP","floor":14},{"not_picked":["Fiend Fire+1","Dark Embrace"],"picked":"Feed+1","floor":16},{"not_picked":["Wild Strike+1","Havoc+1"],"picked":"Clothesline+1","floor":18},{"not_picked":["Anger+1","Disarm+1"],"picked":"Body Slam+1","floor":21},{"not_picked":["Warcry","Barricade","Iron Wave+1"],"picked":"SKIP","floor":24},{"not_picked":["Combust","Flame Barrier","Havoc+1"],"picked":"SKIP","floor":25},{"not_picked":["Whirlwind+1","Flex","Anger+1"],"picked":"SKIP","floor":27},{"not_picked":["Rage","Heavy Blade+1"],"picked":"Shrug It Off+1","floor":29},{"not_picked":["True Grit","Fire Breathing+1","Clash+1"],"picked":"SKIP","floor":31},{"not_picked":["Berserk","Demon Form"],"picked":"Bludgeon+1","floor":33},{"not_picked":["Uppercut+1","Headbutt+1","Havoc+1"],"picked":"SKIP","floor":35},{"not_picked":["Pommel Strike+1","Dropkick+1"],"picked":"Shrug It Off+1","floor":37},{"not_picked":["Second Wind","Headbutt+1","Flex"],"picked":"SKIP","floor":39},{"not_picked":["Spot Weakness","True Grit"],"picked":"Flame Barrier","floor":41},{"not_picked":["Twin Strike+1","Perfected Strike+1","Corruption"],"picked":"SKIP","floor":44},{"not_picked":["Shrug It Off","Evolve+1","Headbutt+1"],"picked":"SKIP","floor":46},{"not_picked":["Infernal Blade","Disarm","Iron Wave+1"],"picked":"SKIP","floor":47},{"not_picked":["Burning Pact+1","Exhume"],"picked":"Heavy Blade+1","floor":48}],"player_experience":353362,"relics_obtained":[{"floor":6,"key":"Mummified Hand"},{"floor":8,"key":"Shovel"},{"floor":9,"key":"Mango"},{"floor":10,"key":"Molten Egg 2"},{"floor":13,"key":"Tiny Chest"},{"floor":24,"key":"Sundial"},{"floor":26,"key":"Whetstone"},{"floor":29,"key":"Self Forming Clay"},{"floor":30,"key":"Ice Cream"},{"floor":36,"key":"Torii"},{"floor":40,"key":"Ancient Tea Set"},{"floor":41,"key":"FossilizedHelix"},{"floor":43,"key":"Omamori"},{"floor":45,"key":"Frozen Egg 2"}],"event_choices":[{"event_name":"Shining Light","player_choice":"Entered Light","floor":2,"damage_taken":0},{"event_name":"The Cleric","player_choice":"Healed","floor":4,"damage_taken":0},{"event_name":"Forgotten Altar","player_choice":"Shed Blood","floor":20,"damage_taken":0},{"event_name":"Colosseum","player_choice":"Fight","floor":22,"damage_taken":0},{"event_name":"Colosseum","player_choice":"Fled From Nobs","floor":22,"damage_taken":0},{"event_name":"Mysterious Sphere","player_choice":"Fight","floor":36,"damage_taken":0},{"event_name":"Accursed Blacksmith","player_choice":"Forge","floor":38,"damage_taken":0}],"is_beta":false,"boss_relics":[{"not_picked":["White Beast Statue","Cursed Key"],"picked":"Ectoplasm"},{"not_picked":["Busted Crown","Runic Dome"],"picked":"Sozu"}],"items_purged_floors":[3,19,42],"is_endless":false,"potions_floor_spawned":[1,6,8,14,18,22,24,29,35,41,44,46],"ascension_level":1}