{"gold_per_floor":[115,132,207,154,154,154,182,182,182,182,210,229,244,258,258,357,357,323,323],"floor_reached":19,"playtime":1846,"items_purged":[],"score":167,"play_id":"5a9d7ef4-10e8-49ec-b0cc-d5b3935b8a83","local_time":"20180831230220","is_ascension_mode":false,"campfire_choices":[{"data":"Zap","floor":6,"key":"SMITH"},{"data":"Fusion","floor":8,"key":"SMITH"},{"data":"Dualcast","floor":10,"key":"SMITH"},{"floor":15,"key":"REST"}],"neow_cost":"NONE","seed_source_timestamp":1206671651383823,"circlet_count":0,"master_deck":["Strike_B","Strike_B","Strike_B","Strike_B","Defend_B","Defend_B","Defend_B","Defend_B","Zap+1","Dualcast+1","Rainbow","Beam Cell","Melter","Streamline","Fusion+1","Auto Shields","Loop","Seek"],"relics":["Cracked Core","Singing Bowl","Torii","Odd Mushroom","Sozu"],"potions_floor_usage":[11,16],"damage_taken":[{"damage":5,"enemies":"Small Slimes","floor":1,"turns":3},{"damage":1,"enemies":"Cultist","floor":2,"turns":3},{"damage":8,"enemies":"Gremlin Nob","floor":7,"turns":3},{"damage":18,"enemies":"The Mushroom Lair","floor":11,"turns":3},{"damage":1,"enemies":"Jaw Worm","floor":12,"turns":3},{"damage":0,"enemies":"Looter","floor":13,"turns":2},{"damage":1,"enemies":"2 Fungi Beasts","floor":14,"turns":3},{"damage":30,"enemies":"Hexaghost","floor":16,"turns":10},{"damage":21,"enemies":"2 Thieves","floor":18,"turns":5},{"damage":47,"enemies":"Masked Bandits","floor":19,"turns":4}],"seed_played":"-8978901331277444973","potions_obtained":[{"floor":2,"key":"AttackPotion"},{"floor":11,"key":"Weak Potion"}],"is_trial":false,"path_per_floor":["M","M","?","$","?","R","E","R","T","R","?","M","M","M","R","B",null,"M"],"character_chosen":"DEFECT","items_purchased":["Streamline"],"campfire_rested":1,"item_purchase_floors":[4],"current_hp_per_floor":[70,69,62,62,62,62,54,54,54,54,38,37,39,38,61,31,79,60,13],"gold":323,"neow_bonus":"ONE_RANDOM_RARE_CARD","is_prod":false,"is_daily":false,"chose_seed":false,"campfire_upgraded":3,"win_rate":0.0,"timestamp":1535774540,"path_taken":["M","M","?","$","?","R","E","R","T","R","?","M","M","M","R","BOSS","M","?"],"build_version":"2018-08-30","purchased_purges":0,"victory":false,"max_hp_per_floor":[75,75,75,75,75,75,75,75,75,75,77,77,79,79,79,79,79,81,81],"card_choices":[{"not_picked":["Steam","Force Field"],"picked":"Beam Cell","floor":1},{"not_picked":["Hello World","Sweeping Beam"],"picked":"Melter","floor":2},{"not_picked":["Scrape","Compile Driver"],"picked":"Fusion","floor":7},{"not_picked":["Rebound","Hologram","Leap"],"picked":"Singing Bowl","floor":11},{"not_picked":["Go for the Eyes","Gash"],"picked":"Auto Shields","floor":12},{"not_picked":["Gash","Hello World","Fusion"],"picked":"Singing Bowl","floor":13},{"not_picked":["Rebound","Turbo"],"picked":"Loop","floor":14},{"not_picked":["Fission","Reboot"],"picked":"Seek","floor":16},{"not_picked":["Ball Lightning","Tempest","Leap"],"picked":"Singing Bowl","floor":18}],"player_experience":286113,"relics_obtained":[{"floor":7,"key":"Singing Bowl"},{"floor":9,"key":"Torii"},{"floor":11,"key":"Odd Mushroom"}],"event_choices":[{"event_name":"FaceTrader","player_choice":"Touch","floor":3,"damage_taken":0},{"event_name":"Liars Game","player_choice":"disagreed","floor":5,"damage_taken":0},{"event_name":"Mushrooms","player_choice":"Fought Mushrooms","floor":11,"damage_taken":0},{"event_name":"Masked Bandits","player_choice":"Fought Bandits","floor":19,"damage_taken":0}],"is_beta":false,"boss_relics":[{"not_picked":["Calling Bell","Tiny House"],"picked":"Sozu"}],"items_purged_floors":[],"is_endless":false,"potions_floor_spawned":[2,11,18],"killed_by":"Masked Bandits","ascension_level":0}