{"gold_per_floor":[109,109,34,209,109,109,136,170,170,170,189,189,205,155,155,278,278,303,321,236,236],"floor_reached":21,"playtime":979,"items_purged":["Strike_R","Doubt"],"score":193,"play_id":"4e1870e7-a610-4b3b-a631-bf95052e7fce","local_time":"20181005224008","is_ascension_mode":true,"campfire_choices":[{"data":"True Grit","floor":6,"key":"SMITH"},{"data":"Bash","floor":10,"key":"SMITH"},{"data":"Clothesline","floor":12,"key":"SMITH"},{"data":"Demon Form","floor":15,"key":"SMITH"}],"neow_cost":"NONE","seed_source_timestamp":1399694312000123,"circlet_count":0,"master_deck":["Strike_R","Strike_R","Strike_R","Defend_R","Defend_R","Defend_R","Defend_R","Bash+1","True Grit+1","Clothesline+1","Demon Form+1","Flex","Immolate","Shrug It Off+1","Body Slam"],"relics":["Burning Blood","Golden Idol","Red Skull","Ornamental Fan","Bottled Flame","Black Star","Pantograph"],"potions_floor_usage":[16],"damage_taken":[{"damage":10,"enemies":"Jaw Worm","floor":1,"turns":5},{"damage":30,"enemies":"Gremlin Nob","floor":8,"turns":5},{"damage":1,"enemies":"2 Louse","floor":11,"turns":3},{"damage":0,"enemies":"Small Slimes","floor":13,"turns":3},{"damage":16,"enemies":"Hexaghost","floor":16,"turns":7},{"damage":32,"enemies":"2 Thieves","floor":18,"turns":4},{"damage":16,"enemies":"Chosen","floor":19,"turns":5},{"damage":45,"enemies":"Snake Plant","floor":21,"turns":5}],"seed_played":"8769270710802201383","potions_obtained":[{"floor":8,"key":"Block Potion"},{"floor":11,"key":"Regen Potion"},{"floor":13,"key":"Strength Potion"},{"floor":18,"key":"PowerPotion"}],"is_trial":false,"path_per_floor":["M","?","$","?","$","R","T","E","T","R","M","R","M","$","R","B",null,"M","M","?"],"character_chosen":"IRONCLAD","items_purchased":["Flex"],"campfire_rested":0,"item_purchase_floors":[14],"current_hp_per_floor":[76,56,56,56,56,56,56,32,32,32,37,37,43,43,43,33,80,54,44,44,0],"gold":236,"neow_bonus":"TRANSFORM_CARD","is_prod":false,"is_daily":false,"chose_seed":false,"campfire_upgraded":4,"win_rate":0,"timestamp":1538797208,"path_taken":["M","?","$","?","?","R","?","E","T","R","?","R","M","$","R","BOSS","M","M","?","M"],"build_version":"2018-10-04v2","purchased_purges":2,"victory":false,"max_hp_per_floor":[80,80,80,80,80,80,80,80,80,80,80,80,80,80,80,80,80,80,80,80,80],"card_choices":[{"not_picked":["Second Wind","Body Slam"],"picked":"Clothesline","floor":1},{"not_picked":["Headbutt","Dropkick"],"picked":"Demon Form","floor":8},{"not_picked":["Warcry","Clash","Searing Blow"],"picked":"SKIP","floor":11},{"not_picked":["Perfected Strike","Rupture","Hemokinesis"],"picked":"SKIP","floor":13},{"not_picked":["Bludgeon","Demon Form"],"picked":"Immolate","floor":16},{"not_picked":["Fire Breathing","Armaments+1"],"picked":"Shrug It Off+1","floor":18},{"not_picked":["Flex","Metallicize+1"],"picked":"Body Slam","floor":19}],"player_experience":387887,"relics_obtained":[{"floor":7,"key":"Red Skull"},{"floor":8,"key":"Ornamental Fan"},{"floor":9,"key":"Bottled Flame"}],"event_choices":[{"event_name":"Golden Idol","player_choice":"Take Damage","floor":2,"damage_taken":0},{"event_name":"Liars Game","player_choice":"agreed","floor":4,"damage_taken":0},{"event_name":"Addict","player_choice":"Obtained Relic","floor":20,"damage_taken":0}],"is_beta":false,"boss_relics":[{"not_picked":["Astrolabe","Velvet Choker"],"picked":"Black Star"}],"items_purged_floors":[3,5],"is_endless":false,"potions_floor_spawned":[8,11,13,18],"killed_by":"Snake Plant","ascension_level":2}