{"gold_per_floor":[119,119,119,129,144,144,175,175,175,175,205,218,218,53,53,148,148,161,171,171,171],"floor_reached":21,"playtime":1282,"items_purged":[],"score":296,"play_id":"6d0bcce9-5deb-420f-9614-ea2c9fa14766","local_time":"20190916150825","is_ascension_mode":true,"campfire_choices":[{"data":"Finisher","floor":6.0,"key":"SMITH"},{"data":"Footwork","floor":8.0,"key":"SMITH"},{"data":"Neutralize","floor":10.0,"key":"SMITH"},{"data":"Terror","floor":15.0,"key":"SMITH"}],"neow_cost":"NONE","seed_source_timestamp":0,"circlet_count":0,"master_deck":["Strike_G","Strike_G","Strike_G","Strike_G","Defend_G","Defend_G","Defend_G","Defend_G","Defend_G","Survivor+1","Neutralize+1","Blade Dance+1","Finisher+1","Footwork+1","Terror+1","A Thousand Cuts","Flash of Steel","Well Laid Plans","Tools of the Trade","Cloak And Dagger","Blade Dance+1"],"special_seed":0,"relics":["Ring of the Snake","Pear","Dodecahedron","Pantograph","Juzu Bracelet","HoveringKite"],"potions_floor_usage":[18],"damage_taken":[{"damage":4.0,"enemies":"Jaw Worm","floor":1.0,"turns":5.0},{"damage":1.0,"enemies":"2 Louse","floor":4.0,"turns":2.0},{"damage":0.0,"enemies":"Cultist","floor":5.0,"turns":3.0},{"damage":10.0,"enemies":"3 Sentries","floor":7.0,"turns":7.0},{"damage":22.0,"enemies":"Gremlin Nob","floor":11.0,"turns":4.0},{"damage":0.0,"enemies":"Large Slime","floor":12.0,"turns":5.0},{"damage":12.0,"enemies":"Hexaghost","floor":16.0,"turns":8.0},{"damage":3,"enemies":"2 Thieves","floor":18,"turns":3},{"damage":6,"enemies":"Chosen","floor":19,"turns":5},{"damage":30,"enemies":"Shelled Parasite and Fungi","floor":21,"turns":5}],"seed_played":"4145358105331355696","potions_obtained":[{"floor":1.0,"key":"FearPotion"},{"floor":4.0,"key":"Ancient Potion"},{"floor":12.0,"key":"SteroidPotion"},{"floor":16.0,"key":"Fire Potion"},{"floor":18,"key":"SpeedPotion"}],"is_trial":false,"path_per_floor":["M","?","?","M","M","R","E","R","T","R","E","M","?","$","R","B",null,"M","M","?","M"],"character_chosen":"THE_SILENT","items_purchased":["Flash of Steel","Well Laid Plans"],"campfire_rested":0,"item_purchase_floors":[14,14],"current_hp_per_floor":[66,51,61,60,60,60,50,50,50,50,28,28,28,28,28,41,76,73,67,67,37],"gold":171,"neow_bonus":"TEN_PERCENT_HP_BONUS","is_prod":false,"is_daily":false,"chose_seed":false,"campfire_upgraded":4,"win_rate":0,"timestamp":1568664505,"path_taken":["M","?","?","M","?","R","E","R","T","R","E","M","?","?","R","BOSS","M","M","?","M"],"build_version":"2019-07-17","purchased_purges":0,"victory":false,"max_hp_per_floor":[77,77,87,87,87,87,87,87,87,87,87,87,87,87,87,87,87,87,87,87,87],"card_choices":[{"not_picked":["Skewer","Backflip"],"picked":"Blade Dance","floor":1.0},{"not_picked":["Dodge and Roll","Bane","Dagger Throw"],"picked":"SKIP","floor":4.0},{"not_picked":["Dodge and Roll","Endless Agony"],"picked":"Finisher","floor":5.0},{"not_picked":["Slice","Terror"],"picked":"Footwork","floor":7.0},{"not_picked":["Predator","Flying Knee"],"picked":"Terror","floor":11.0},{"not_picked":["Dash","Outmaneuver"],"picked":"A Thousand Cuts","floor":12.0},{"not_picked":["Malaise","Wraith Form v2"],"picked":"Tools of the Trade","floor":16.0},{"not_picked":["PiercingWail","Noxious Fumes","Dagger Throw"],"picked":"SKIP","floor":18},{"not_picked":["Deflect+1","Prepared"],"picked":"Cloak And Dagger","floor":19}],"player_experience":753646,"relics_obtained":[{"floor":7.0,"key":"Dodecahedron"},{"floor":9.0,"key":"Pantograph"},{"floor":11.0,"key":"Juzu Bracelet"}],"event_choices":[{"damage_healed":0.0,"max_hp_gain":0.0,"max_hp_loss":0.0,"gold_gain":0.0,"event_name":"Shining Light","player_choice":"Entered Light","floor":2.0,"gold_loss":0.0,"damage_taken":15.0,"cards_upgraded":["Blade Dance","Survivor"]},{"damage_healed":0.0,"max_hp_gain":0.0,"max_hp_loss":0.0,"gold_gain":0.0,"event_name":"WeMeetAgain","player_choice":"Gave Potion","floor":3.0,"gold_loss":0.0,"damage_taken":0.0,"relics_obtained":["Pear"]},{"cards_removed":["Strike_G"],"damage_healed":0.0,"max_hp_gain":0.0,"max_hp_loss":0.0,"gold_gain":0.0,"event_name":"Purifier","player_choice":"Purged","floor":13.0,"gold_loss":0.0,"damage_taken":0.0},{"damage_healed":0,"gold_gain":0,"player_choice":"Copied","damage_taken":0,"max_hp_gain":0,"max_hp_loss":0,"event_name":"Duplicator","floor":20,"gold_loss":0,"cards_obtained":["Blade Dance"]}],"is_beta":false,"boss_relics":[{"not_picked":["Coffee Dripper","Astrolabe"],"picked":"HoveringKite"}],"items_purged_floors":[],"is_endless":false,"potions_floor_spawned":[1,4,12,16,18],"killed_by":"Shelled Parasite and Fungi","ascension_level":9}