{"gold_per_floor":[117,137,137,162,132,167,179,215,227,164,198,198,218,256,256,384,384,400,419,419,437,460,460,483,501,801,801],"floor_reached":27,"playtime":1910,"items_purged":["Defend_R"],"score":237,"play_id":"ce686d20-e025-4e9c-8607-8e9816e034ea","local_time":"20180828233306","is_ascension_mode":false,"campfire_choices":[{"data":"Fire Breathing","floor":12,"key":"SMITH"},{"floor":15,"key":"REST"},{"floor":23,"key":"REST"}],"neow_cost":"NONE","seed_source_timestamp":949241050506311,"circlet_count":0,"master_deck":["Strike_R+1","Strike_R+1","Strike_R+1","Strike_R+1","Strike_R+1","Defend_R+1","Defend_R+1","Defend_R+1","Bash","Cleave","Flame Barrier","Armaments","Fire Breathing+1","Perfected Strike","Juggernaut","Barricade","Body Slam","Rage"],"relics":["Burning Blood","Pen Nib","Golden Idol","MawBank","Shuriken","Art of War","Vajra","Mercury Hourglass","Busted Crown","Old Coin"],"potions_floor_usage":[14,25,27],"damage_taken":[{"damage":0,"enemies":"2 Louse","floor":1,"turns":3},{"damage":3,"enemies":"Jaw Worm","floor":2,"turns":4},{"damage":1,"enemies":"Cultist","floor":4,"turns":3},{"damage":0,"enemies":"Looter","floor":5,"turns":4},{"damage":27,"enemies":"Lagavulin","floor":6,"turns":8},{"damage":18,"enemies":"Exordium Wildlife","floor":8,"turns":4},{"damage":28,"enemies":"Gremlin Nob","floor":11,"turns":4},{"damage":1,"enemies":"3 Louse","floor":13,"turns":3},{"damage":4,"enemies":"3 Sentries","floor":14,"turns":6},{"damage":4,"enemies":"Slime Boss","floor":16,"turns":8},{"damage":7,"enemies":"Shell Parasite","floor":18,"turns":5},{"damage":19,"enemies":"Spheric Guardian","floor":19,"turns":4},{"damage":26,"enemies":"Centurion and Healer","floor":21,"turns":5},{"damage":22,"enemies":"Snake Plant","floor":22,"turns":3},{"damage":37,"enemies":"Cultist and Chosen","floor":24,"turns":7},{"damage":11,"enemies":"Centurion and Healer","floor":25,"turns":7},{"damage":24,"enemies":"Slavers","floor":27,"turns":3}],"seed_played":"-3603130465764769899","potions_obtained":[{"floor":1,"key":"Weak Potion"},{"floor":6,"key":"GamblersBrew"},{"floor":11,"key":"BloodPotion"},{"floor":16,"key":"Fire Potion"},{"floor":18,"key":"EssenceOfSteel"}],"is_trial":false,"path_per_floor":["M","M","?","M","M","E","?","M","T","$","E","R","M","E","R","B",null,"M","M","?","M","M","R","M","M","T"],"character_chosen":"IRONCLAD","items_purchased":[],"campfire_rested":2,"item_purchase_floors":[],"current_hp_per_floor":[80,80,60,65,71,50,50,38,38,38,16,16,21,31,55,57,80,79,66,66,46,30,54,23,18,18,0],"gold":801,"neow_bonus":"RANDOM_COMMON_RELIC","is_prod":false,"is_daily":false,"chose_seed":false,"campfire_upgraded":1,"win_rate":0.0,"timestamp":1535517186,"path_taken":["M","M","?","?","M","E","?","M","T","$","E","R","?","E","R","BOSS","M","M","?","M","M","R","M","M","T","E"],"build_version":"2018-08-23v2","purchased_purges":1,"victory":false,"max_hp_per_floor":[80,80,80,80,80,80,80,80,80,80,80,80,80,80,80,80,80,80,80,80,80,80,80,80,80,80,80],"card_choices":[{"not_picked":["Seeing Red","Flame Barrier"],"picked":"Cleave","floor":1},{"not_picked":["Sword Boomerang","Pommel Strike","Heavy Blade"],"picked":"SKIP","floor":2},{"not_picked":["Cleave","True Grit"],"picked":"Flame Barrier","floor":4},{"not_picked":["Shockwave","Rage"],"picked":"Armaments","floor":5},{"not_picked":["Perfected Strike","Burning Pact"],"picked":"Fire Breathing","floor":6},{"not_picked":["Ghostly Armor","Anger","Perfected Strike"],"picked":"SKIP","floor":8},{"not_picked":["Bloodletting","Battle Trance"],"picked":"Perfected Strike","floor":11},{"not_picked":["Shrug It Off","Havoc"],"picked":"Juggernaut","floor":13},{"not_picked":["Demon Form","Headbutt","Perfected Strike"],"picked":"SKIP","floor":14},{"not_picked":["Demon Form","Juggernaut"],"picked":"Barricade","floor":16},{"not_picked":["Bloodletting"],"picked":"SKIP","floor":18},{"not_picked":[],"picked":"Body Slam","floor":19},{"not_picked":["Armaments"],"picked":"SKIP","floor":21},{"not_picked":["Sword Boomerang"],"picked":"SKIP","floor":22},{"not_picked":[],"picked":"Rage","floor":24},{"not_picked":["True Grit"],"picked":"SKIP","floor":25}],"player_experience":276883,"relics_obtained":[{"floor":6,"key":"MawBank"},{"floor":9,"key":"Art of War"},{"floor":11,"key":"Vajra"},{"floor":14,"key":"Mercury Hourglass"},{"floor":26,"key":"Old Coin"}],"event_choices":[{"event_name":"Golden Idol","player_choice":"Take Damage","floor":3,"damage_taken":0},{"event_name":"Dead Adventurer","player_choice":"Searched \u00272\u0027 times","floor":7,"damage_taken":0},{"event_name":"Back to Basics","player_choice":"Simplicity","floor":20,"damage_taken":0}],"is_beta":false,"boss_relics":[{"not_picked":["Runic Cube","Astrolabe"],"picked":"Busted Crown"}],"items_purged_floors":[10],"is_endless":false,"potions_floor_spawned":[1,6,11,13,16,18,19,21,22],"killed_by":"Slavers","ascension_level":0}