{"gold_per_floor":[10,23,23,36,52,52,52,79,106,119,119,119,0,0,0,0],"floor_reached":16,"playtime":659,"items_purged":[],"score":140,"play_id":"97bdf3c9-9a4a-4c88-bf89-28418b7d99ba","local_time":"20190829130820","is_ascension_mode":true,"campfire_choices":[{"data":"1","floor":6,"key":"LIFT"},{"data":"2","floor":12,"key":"LIFT"},{"data":"3","floor":15,"key":"LIFT"}],"neow_cost":"NO_GOLD","seed_source_timestamp":1652413386924,"circlet_count":0,"master_deck":["Strike_R","Strike_R","Strike_R","Defend_R","Defend_R","Defend_R","Defend_R","Bash","Cleave","Headbutt","Flex","Demon Form","Rage","Flash of Steel","Shockwave"],"relics":["Burning Blood","Girya","PreservedInsect","Boot","Golden Idol","Shuriken"],"potions_floor_usage":[5,8],"damage_taken":[{"damage":3,"enemies":"2 Louse","floor":1,"turns":4},{"damage":6,"enemies":"Cultist","floor":2,"turns":4},{"damage":0,"enemies":"Small Slimes","floor":4,"turns":2},{"damage":1,"enemies":"2 Fungi Beasts","floor":5,"turns":3},{"damage":25,"enemies":"Lagavulin","floor":8,"turns":5},{"damage":10,"enemies":"Exordium Thugs","floor":10,"turns":3},{"damage":64,"enemies":"Hexaghost","floor":16,"turns":10}],"seed_played":"616966632637934364","potions_obtained":[{"floor":2,"key":"Energy Potion"},{"floor":4,"key":"Strength Potion"}],"is_trial":false,"path_per_floor":["M","M","?","M","M","R","?","E","T","M","?","R","$","T","R","B"],"character_chosen":"IRONCLAD","items_purchased":["Flash of Steel","Shockwave"],"campfire_rested":0,"item_purchase_floors":[13,13],"current_hp_per_floor":[75,75,75,80,80,80,80,61,61,57,57,57,57,57,57,0],"gold":0,"neow_bonus":"ONE_RARE_RELIC","is_prod":false,"is_daily":false,"chose_seed":false,"campfire_upgraded":0,"win_rate":0,"timestamp":1567102100,"path_taken":["M","M","?","M","?","R","?","E","T","?","?","R","$","?","R","BOSS"],"build_version":"2019-07-17","purchased_purges":0,"victory":false,"max_hp_per_floor":[80,80,80,80,80,80,80,80,80,80,74,74,74,74,74,74],"card_choices":[{"not_picked":["Armaments","Flex"],"picked":"Cleave","floor":1},{"not_picked":["Clothesline","Havoc"],"picked":"Headbutt","floor":2},{"not_picked":["Iron Wave","Havoc"],"picked":"Flex","floor":4},{"not_picked":["Warcry","Clothesline","Uppercut"],"picked":"SKIP","floor":5},{"not_picked":["Ghostly Armor","Metallicize"],"picked":"Rage","floor":8},{"not_picked":["Searing Blow","Shockwave","Body Slam"],"picked":"SKIP","floor":10}],"player_experience":752987,"relics_obtained":[{"floor":8,"key":"PreservedInsect"},{"floor":9,"key":"Boot"},{"floor":14,"key":"Shuriken"}],"event_choices":[{"cards_removed":["Strike_R"],"damage_healed":0,"gold_gain":0,"player_choice":"Purged","damage_taken":0,"max_hp_gain":0,"max_hp_loss":0,"event_name":"Purifier","floor":3,"gold_loss":0},{"damage_healed":0,"gold_gain":0,"cards_transformed":["Strike_R"],"player_choice":"Transformed","damage_taken":0,"max_hp_gain":0,"max_hp_loss":0,"event_name":"Transmorgrifier","floor":7,"gold_loss":0,"cards_obtained":["Demon Form"]},{"damage_healed":0,"gold_gain":0,"player_choice":"Lose Max HP","damage_taken":0,"relics_obtained":["Golden Idol"],"max_hp_gain":0,"max_hp_loss":6,"event_name":"Golden Idol","floor":11,"gold_loss":0}],"is_beta":false,"boss_relics":[],"items_purged_floors":[],"is_endless":false,"potions_floor_spawned":[2,4],"killed_by":"Hexaghost","ascension_level":8}