{"gold_per_floor":[109,109,125,139,119,119,146,146,169,169,189,189,189,33,33,137,137,156,173,29,29,29,29,57,74,142,142,158,171,171,183,183,278,278,293,49,49,0,17,17,52,52,76,103,113,113,113,127,127,127],"floor_reached":51,"playtime":3187,"items_purged":["Strike_G"],"score":808,"play_id":"466741ca-e34e-441e-b637-5ebaa14b85d3","local_time":"20181009000437","is_ascension_mode":true,"campfire_choices":[{"data":"Trip","floor":6,"key":"SMITH"},{"data":"Survivor","floor":8,"key":"SMITH"},{"data":"Slice","floor":10,"key":"SMITH"},{"data":"All Out Attack","floor":12,"key":"SMITH"},{"floor":15,"key":"REST"},{"data":"Backflip","floor":23,"key":"SMITH"},{"data":"Defend_G","floor":27,"key":"SMITH"},{"floor":30,"key":"REST"},{"floor":32,"key":"REST"},{"data":"Noxious Fumes","floor":40,"key":"SMITH"},{"floor":46,"key":"REST"},{"data":"Catalyst","floor":49,"key":"SMITH"}],"neow_cost":"NONE","seed_source_timestamp":1661730971969569,"circlet_count":0,"master_deck":["Defend_G+1","Defend_G","Defend_G","Defend_G","Survivor+1","Neutralize","All Out Attack+1","Trip+1","Slice+1","Flying Knee","Well Laid Plans","Corpse Explosion","Noxious Fumes+1","Catalyst+1","Backstab","Backflip+1","Bite","Bite","Bite","Bite","Bite","Escape Plan","Flechettes","Adrenaline","Dash+1","Poisoned Stab+1"],"relics":["Ring of the Snake","PreservedInsect","FaceOfCleric","Orrery","Snake Skull","Oddly Smooth Stone","Mummified Hand","Empty Cage","Kunai","Red Mask","Dodecahedron","Bag of Marbles","Question Card"],"potions_floor_usage":[3,16,16,16,24,35,44,50,50],"damage_taken":[{"damage":0,"enemies":"Jaw Worm","floor":1,"turns":6},{"damage":4,"enemies":"Cultist","floor":3,"turns":5},{"damage":0,"enemies":"Small Slimes","floor":4,"turns":3},{"damage":34,"enemies":"Lagavulin","floor":7,"turns":8},{"damage":3,"enemies":"2 Fungi Beasts","floor":11,"turns":3},{"damage":51,"enemies":"The Guardian","floor":16,"turns":19},{"damage":1,"enemies":"Chosen","floor":18,"turns":5},{"damage":0,"enemies":"3 Byrds","floor":19,"turns":3},{"damage":23,"enemies":"Book of Stabbing","floor":24,"turns":5},{"damage":24,"enemies":"Snake Plant","floor":25,"turns":4},{"damage":8,"enemies":"Centurion and Healer","floor":28,"turns":5},{"damage":16,"enemies":"Cultist and Chosen","floor":29,"turns":5},{"damage":0,"enemies":"3 Cultists","floor":31,"turns":3},{"damage":45,"enemies":"Collector","floor":33,"turns":10},{"damage":3,"enemies":"3 Shapes","floor":35,"turns":4},{"damage":14,"enemies":"3 Darklings","floor":39,"turns":3},{"damage":7,"enemies":"2 Orb Walkers","floor":41,"turns":4},{"damage":26,"enemies":"Nemesis","floor":44,"turns":5},{"damage":21,"enemies":"Spire Growth","floor":45,"turns":5},{"damage":3,"enemies":"Transient","floor":48,"turns":5},{"damage":54,"enemies":"Donu and Deca","floor":50,"turns":6}],"seed_played":"1929298694284693692","potions_obtained":[{"floor":1,"key":"Fruit Juice"},{"floor":3,"key":"FearPotion"},{"floor":11,"key":"EntropicBrew"},{"floor":18,"key":"SteroidPotion"},{"floor":28,"key":"Poison Potion"},{"floor":41,"key":"SpeedPotion"},{"floor":44,"key":"Strength Potion"}],"is_trial":false,"path_per_floor":["M","?","M","M","?","R","E","R","T","R","M","R","?","$","R","B",null,"M","M","$","?","?","R","E","M","T","R","M","M","R","M","R","B",null,"M","$","?","?","M","R","E","$","T","E","M","R","?","M","R","B"],"character_chosen":"THE_SILENT","items_purchased":["Well Laid Plans","Snake Skull","Kunai"],"campfire_rested":4,"item_purchase_floors":[14,20,36],"current_hp_per_floor":[70,70,71,71,71,71,37,37,37,37,36,36,36,36,58,10,76,76,78,78,78,78,78,62,45,45,45,44,35,59,64,83,49,84,84,84,84,84,72,72,72,72,72,57,51,77,77,81,81,32],"gold":127,"neow_bonus":"REMOVE_CARD","is_prod":false,"is_daily":false,"chose_seed":false,"campfire_upgraded":8,"win_rate":0,"timestamp":1539061477,"path_taken":["M","?","M","M","?","R","E","R","T","R","?","R","?","$","R","BOSS","M","M","$","?","?","R","E","?","T","R","?","M","R","M","R","BOSS","M","$","?","?","M","R","E","$","T","E","M","R","?","?","R","BOSS"],"build_version":"2018-10-04v2","purchased_purges":1,"victory":true,"max_hp_per_floor":[70,70,75,75,75,75,75,75,75,75,75,75,75,75,75,76,76,77,78,78,78,78,78,79,80,80,80,81,82,82,83,83,84,84,85,85,85,85,86,86,87,87,87,88,89,89,89,90,90,91],"card_choices":[{"not_picked":["Caltrops","Bouncing Flask"],"picked":"All Out Attack","floor":1},{"not_picked":["Acrobatics","Blur"],"picked":"Slice","floor":3},{"not_picked":["Catalyst","Acrobatics","Slice"],"picked":"SKIP","floor":4},{"not_picked":["Terror","Eviscerate","Bane"],"picked":"SKIP","floor":7},{"not_picked":["Poisoned Stab","Crippling Poison"],"picked":"Flying Knee","floor":11},{"not_picked":["Night Terror","Wraith Form v2"],"picked":"Corpse Explosion","floor":16},{"not_picked":["Blade Dance","Accuracy"],"picked":"Noxious Fumes","floor":17},{"not_picked":["Cloak And Dagger","Dodge and Roll"],"picked":"Catalyst","floor":17},{"not_picked":["Distraction","Poisoned Stab"],"picked":"Underhanded Strike","floor":17},{"not_picked":["Flying Knee","All Out Attack"],"picked":"Backstab","floor":17},{"not_picked":["Cloak And Dagger","Underhanded Strike"],"picked":"Backflip","floor":18},{"not_picked":["Prepared+1","Blade Dance","A Thousand Cuts"],"picked":"SKIP","floor":19},{"not_picked":["Tactician","Outmaneuver"],"picked":"Escape Plan","floor":24},{"not_picked":["Distraction","Setup","Prepared+1"],"picked":"SKIP","floor":25},{"not_picked":["Dodge and Roll","Endless Agony"],"picked":"Flechettes","floor":28},{"not_picked":["PiercingWail","Setup+1","Sucker Punch"],"picked":"SKIP","floor":29},{"not_picked":["Cloak And Dagger","Expertise","Flying Knee+1"],"picked":"SKIP","floor":31},{"not_picked":["Flechettes","Blade Dance","Quick Slash"],"picked":"SKIP","floor":35},{"not_picked":["Blade Dance+1","Finisher"],"picked":"Dash+1","floor":39},{"not_picked":["Backstab+1","Predator","Deflect"],"picked":"SKIP","floor":41},{"not_picked":["Deadly Poison+1","Deflect","Terror+1"],"picked":"SKIP","floor":44},{"not_picked":["Expertise","Quick Slash","Bouncing Flask+1"],"picked":"Poisoned Stab+1","floor":45},{"not_picked":["Underhanded Strike+1","Backstab+1","Poisoned Stab","A Thousand Cuts"],"picked":"SKIP","floor":48}],"player_experience":411791,"relics_obtained":[{"floor":7,"key":"PreservedInsect"},{"floor":9,"key":"Blood Vial"},{"floor":24,"key":"Oddly Smooth Stone"},{"floor":26,"key":"Mummified Hand"},{"floor":41,"key":"Dodecahedron"},{"floor":43,"key":"Bag of Marbles"},{"floor":44,"key":"Question Card"}],"event_choices":[{"event_name":"Match and Keep!","player_choice":"2 cards matched","floor":2,"damage_taken":0},{"event_name":"World of Goop","player_choice":"Left","floor":5,"damage_taken":0},{"event_name":"FaceTrader","player_choice":"Trade","floor":13,"damage_taken":0},{"event_name":"Vampires","player_choice":"Became a vampire (Vial)","floor":21,"damage_taken":0},{"event_name":"N\u0027loth","player_choice":"Ignored","floor":22,"damage_taken":0},{"event_name":"Transmorgrifier","player_choice":"Transform","floor":37,"damage_taken":0},{"event_name":"Tomb of Lord Red Mask","player_choice":"Paid","floor":38,"damage_taken":0},{"event_name":"Match and Keep!","player_choice":"0 cards matched","floor":47,"damage_taken":0}],"is_beta":false,"boss_relics":[{"not_picked":["Eternal Feather","Coffee Dripper"],"picked":"Orrery"},{"not_picked":["Fusion Hammer","Velvet Choker"],"picked":"Empty Cage"}],"items_purged_floors":[14],"is_endless":false,"potions_floor_spawned":[1,3,11,18,28,29,31,33,41,44,48],"ascension_level":1}