{"gold_per_floor":[118,118,43,63,63,88,88,121,167,167,184,184,184,204,204,305,305,305],"floor_reached":18,"playtime":929,"items_purged":["Regret"],"score":227,"play_id":"0537f0f2-2e02-4032-b2c8-e6fef51de12c","local_time":"20190311203409","is_ascension_mode":true,"campfire_choices":[{"floor":7,"key":"REST"},{"data":"Zap","floor":10,"key":"SMITH"},{"data":"Stack","floor":13,"key":"SMITH"},{"data":"Buffer","floor":15,"key":"SMITH"}],"neow_cost":"NONE","seed_source_timestamp":784732974948780,"circlet_count":0,"master_deck":["Strike_B","Strike_B","Strike_B","Defend_B","Defend_B","Defend_B","Defend_B","Zap+1","Dualcast","Gash","Gash","Stack+1","Sweeping Beam","Gash","Cold Snap","Buffer+1","Seek"],"relics":["Cracked Core","Regal Pillow","Incense Burner","Nunchaku","PreservedInsect","Ancient Tea Set","Black Star"],"potions_floor_usage":[8,16],"damage_taken":[{"damage":0,"enemies":"Small Slimes","floor":1,"turns":3},{"damage":7,"enemies":"Jaw Worm","floor":4,"turns":4},{"damage":30,"enemies":"Lagavulin","floor":6,"turns":6},{"damage":9,"enemies":"Gremlin Nob","floor":8,"turns":3},{"damage":0,"enemies":"2 Louse","floor":11,"turns":2},{"damage":0,"enemies":"Looter","floor":14,"turns":3},{"damage":41,"enemies":"Hexaghost","floor":16,"turns":10},{"damage":24,"enemies":"Chosen","floor":18,"turns":4}],"seed_played":"4427968201250765743","potions_obtained":[{"floor":1,"key":"Poison Potion"},{"floor":4,"key":"SkillPotion"},{"floor":8,"key":"SteroidPotion"}],"is_trial":false,"path_per_floor":["M","?","$","M","?","E","R","E","T","R","M","?","R","M","R","B",null,"M"],"character_chosen":"DEFECT","items_purchased":[],"campfire_rested":1,"item_purchase_floors":[],"current_hp_per_floor":[68,68,68,61,54,24,61,52,52,52,52,52,52,52,52,11,59,35],"gold":305,"neow_bonus":"THREE_CARDS","is_prod":false,"is_daily":false,"chose_seed":false,"campfire_upgraded":3,"win_rate":0,"timestamp":1552354449,"path_taken":["M","?","$","M","?","E","R","E","T","R","M","?","R","M","R","BOSS","M"],"build_version":"2019-01-23","purchased_purges":1,"victory":false,"max_hp_per_floor":[75,75,75,75,75,75,75,75,75,75,75,75,75,75,75,75,75,75],"card_choices":[{"not_picked":["Cold Snap","Go for the Eyes"],"picked":"Gash","floor":0},{"not_picked":["Darkness","Compile Driver"],"picked":"Gash","floor":1},{"not_picked":["Turbo","Steam"],"picked":"Stack","floor":4},{"not_picked":["Ball Lightning","Skim"],"picked":"Sweeping Beam","floor":6},{"not_picked":["Steam","Auto Shields"],"picked":"Gash","floor":8},{"not_picked":["Coolheaded","Compile Driver"],"picked":"Cold Snap","floor":11},{"not_picked":["Hologram","Ball Lightning"],"picked":"Buffer","floor":14},{"not_picked":["Buffer","Thunder Strike"],"picked":"Seek","floor":16}],"player_experience":740085,"relics_obtained":[{"floor":6,"key":"Nunchaku"},{"floor":8,"key":"PreservedInsect"},{"floor":9,"key":"Ancient Tea Set"}],"event_choices":[{"damage_healed":0,"gold_gain":0,"player_choice":"Box","damage_taken":0,"relics_obtained":["Regal Pillow"],"max_hp_gain":0,"max_hp_loss":0,"event_name":"Big Fish","floor":2,"gold_loss":0,"cards_obtained":["Regret"]},{"damage_healed":0,"gold_gain":0,"player_choice":"Success","damage_taken":7,"relics_obtained":["Incense Burner"],"max_hp_gain":0,"max_hp_loss":0,"event_name":"Scrap Ooze","floor":5,"gold_loss":0},{"cards_removed":["Strike_B"],"damage_healed":0,"gold_gain":0,"player_choice":"Forget","damage_taken":0,"max_hp_gain":0,"max_hp_loss":0,"event_name":"Living Wall","floor":12,"gold_loss":0}],"is_beta":false,"boss_relics":[{"not_picked":["Snecko Eye","White Beast Statue"],"picked":"Black Star"}],"items_purged_floors":[3],"is_endless":false,"potions_floor_spawned":[1,4,8],"killed_by":"Chosen","ascension_level":7}