{"gold_per_floor":[109,109,109,128,152,152,152,167,194,194,237,67,67,92,92,92],"floor_reached":16,"playtime":851,"items_purged":["Strike_G"],"score":145,"play_id":"f1212af0-0925-448c-be91-68ba4486a36b","local_time":"20190930105350","is_ascension_mode":true,"campfire_choices":[{"data":"Survivor","floor":6,"key":"SMITH"},{"data":"PiercingWail","floor":10,"key":"SMITH"},{"data":"Madness","floor":13,"key":"SMITH"},{"data":"Leg Sweep","floor":15,"key":"SMITH"}],"neow_cost":"NONE","seed_source_timestamp":638779913510000,"circlet_count":0,"master_deck":["Strike_G","Strike_G","Strike_G","Strike_G","Defend_G","Defend_G","Defend_G","Defend_G","Defend_G","Survivor+1","Neutralize+1","Masterful Stab+1","Dagger Spray","PiercingWail+1","Leg Sweep+1","Madness+1","Backflip"],"relics":["Ring of the Snake","Bag of Marbles","Golden Idol","Vajra","Lantern","Snake Skull"],"potions_floor_usage":[8,11,16],"damage_taken":[{"damage":14,"enemies":"Jaw Worm","floor":1,"turns":7},{"damage":0,"enemies":"2 Louse","floor":4,"turns":2},{"damage":0,"enemies":"Small Slimes","floor":5,"turns":1},{"damage":7,"enemies":"3 Louse","floor":8,"turns":3},{"damage":2,"enemies":"3 Sentries","floor":11,"turns":6},{"damage":0,"enemies":"2 Fungi Beasts","floor":14,"turns":2},{"damage":30,"enemies":"Slime Boss","floor":16,"turns":9}],"seed_played":"5915223727923288714","potions_obtained":[{"floor":1,"key":"SneckoOil"},{"floor":5,"key":"Poison Potion"},{"floor":8,"key":"SkillPotion"}],"is_trial":false,"path_per_floor":["M","?","?","M","M","R","?","M","T","R","E","$","R","M","R","B"],"character_chosen":"THE_SILENT","items_purchased":["Madness"],"campfire_rested":0,"item_purchase_floors":[12],"current_hp_per_floor":[49,49,36,36,36,36,36,29,29,29,27,27,27,27,27,0],"gold":92,"neow_bonus":"RANDOM_COMMON_RELIC","is_prod":false,"is_daily":false,"chose_seed":false,"campfire_upgraded":4,"win_rate":0,"timestamp":1569858830,"path_taken":["M","?","?","M","M","R","?","M","T","R","E","$","R","M","R","BOSS"],"build_version":"2019-07-17","purchased_purges":1,"victory":false,"max_hp_per_floor":[70,65,65,65,65,65,65,65,65,65,65,65,65,65,65,65],"card_choices":[{"not_picked":["Catalyst","Riddle With Holes"],"picked":"Masterful Stab","floor":1},{"not_picked":["Accuracy","PiercingWail"],"picked":"Dagger Spray","floor":4},{"not_picked":["Acrobatics","Poisoned Stab","Accuracy"],"picked":"SKIP","floor":5},{"not_picked":["Flying Knee","Acrobatics"],"picked":"PiercingWail","floor":8},{"not_picked":["Catalyst","Expertise"],"picked":"Leg Sweep","floor":11},{"not_picked":["Bane","Cloak And Dagger"],"picked":"Backflip","floor":14}],"player_experience":766932,"relics_obtained":[{"floor":9,"key":"Lantern"},{"floor":11,"key":"Snake Skull"}],"event_choices":[{"damage_healed":0,"gold_gain":0,"player_choice":"Lose Max HP","damage_taken":0,"relics_obtained":["Golden Idol"],"max_hp_gain":0,"max_hp_loss":5,"event_name":"Golden Idol","floor":2,"gold_loss":0},{"damage_healed":0,"gold_gain":0,"player_choice":"Entered Light","damage_taken":13,"max_hp_gain":0,"max_hp_loss":0,"event_name":"Shining Light","floor":3,"gold_loss":0,"cards_upgraded":["Neutralize","Masterful Stab"]},{"damage_healed":0,"gold_gain":0,"player_choice":"Searched \u00272\u0027 times","damage_taken":0,"relics_obtained":["Vajra"],"max_hp_gain":0,"max_hp_loss":0,"event_name":"Dead Adventurer","floor":7,"gold_loss":0}],"is_beta":false,"boss_relics":[],"items_purged_floors":[12],"is_endless":false,"potions_floor_spawned":[1,5,8],"killed_by":"Slime Boss","ascension_level":9}