{"gold_per_floor":[365,540,79,79,96,124,143,143,143,143,59,59,59,76,76,76],"floor_reached":16,"playtime":695,"items_purged":["Normality"],"score":147,"play_id":"88a65164-45f3-4212-acfe-7e30ad9323f5","local_time":"20191015234512","is_ascension_mode":true,"campfire_choices":[{"floor":10.0,"key":"DIG"},{"floor":15.0,"key":"DIG"}],"neow_cost":"CURSE","seed_source_timestamp":99606919986800,"circlet_count":0,"master_deck":["AscendersBane","Strike_R","Strike_R","Strike_R","Strike_R","Defend_R","Defend_R","Defend_R","Defend_R","Bash","Rampage+1","Inflame","Shrug It Off","Pommel Strike","Spot Weakness","Ghostly Armor","Deep Breath","Regret","Perfected Strike"],"special_seed":0,"relics":["Burning Blood","Ginger","Shovel","Du-Vu Doll","Nunchaku","Pen Nib","Turnip"],"potions_floor_usage":[16],"damage_taken":[{"damage":11.0,"enemies":"Jaw Worm","floor":1.0,"turns":4.0},{"damage":0.0,"enemies":"2 Louse","floor":5.0,"turns":3.0},{"damage":34.0,"enemies":"3 Sentries","floor":6.0,"turns":8.0},{"damage":1.0,"enemies":"Small Slimes","floor":7.0,"turns":5.0},{"damage":12.0,"enemies":"Red Slaver","floor":14.0,"turns":4.0},{"damage":40,"enemies":"The Guardian","floor":16,"turns":8}],"seed_played":"3365358623400945475","potions_obtained":[{"floor":6.0,"key":"GamblersBrew"},{"floor":14.0,"key":"Explosive Potion"}],"is_trial":false,"path_per_floor":["M","?","$","?","M","E","M","?","T","R","$","?","?","M","R","B"],"character_chosen":"IRONCLAD","items_purchased":["Ginger","Inflame","Shrug It Off","Deep Breath"],"campfire_rested":0,"item_purchase_floors":[3,3,3,11],"current_hp_per_floor":[67,67,67,60,66,38,43,43,43,43,43,43,43,37,37,0],"gold":76,"neow_bonus":"TWO_FIFTY_GOLD","is_prod":false,"is_daily":false,"chose_seed":false,"campfire_upgraded":0,"win_rate":0,"timestamp":1571201112,"path_taken":["M","?","$","?","M","E","M","?","T","R","$","?","?","?","R","BOSS"],"build_version":"2019-07-17","purchased_purges":1,"victory":false,"max_hp_per_floor":[80,80,80,80,80,80,80,80,80,80,80,80,80,80,80,80],"card_choices":[{"not_picked":["Heavy Blade","Body Slam"],"picked":"Rampage","floor":1.0},{"not_picked":["Cleave","Twin Strike"],"picked":"Pommel Strike","floor":5.0},{"not_picked":["Bloodletting","Body Slam"],"picked":"Spot Weakness","floor":6.0},{"not_picked":["Combust","Anger"],"picked":"Ghostly Armor","floor":7.0},{"not_picked":["Bludgeon","Combust","Whirlwind"],"picked":"SKIP","floor":14.0}],"player_experience":851407,"relics_obtained":[{"floor":6.0,"key":"Shovel"},{"floor":9.0,"key":"Du-Vu Doll"},{"floor":10.0,"key":"Nunchaku"},{"floor":15.0,"key":"Turnip"}],"event_choices":[{"damage_healed":0.0,"max_hp_gain":0.0,"max_hp_loss":0.0,"gold_gain":175.0,"event_name":"Liars Game","player_choice":"AGREE","floor":2.0,"gold_loss":0.0,"damage_taken":0.0,"cards_obtained":["Doubt"]},{"cards_removed":["Doubt"],"damage_healed":0.0,"max_hp_gain":0.0,"max_hp_loss":0.0,"gold_gain":0.0,"event_name":"Golden Wing","player_choice":"Card Removal","floor":4.0,"gold_loss":0.0,"damage_taken":7.0},{"damage_healed":0.0,"max_hp_gain":0.0,"max_hp_loss":0.0,"gold_gain":0.0,"event_name":"Living Wall","player_choice":"Grow","floor":8.0,"gold_loss":0.0,"damage_taken":0.0,"cards_upgraded":["Rampage"]},{"damage_healed":0.0,"max_hp_gain":0.0,"max_hp_loss":0.0,"gold_gain":0.0,"event_name":"Big Fish","player_choice":"Box","floor":12.0,"gold_loss":0.0,"damage_taken":0.0,"relics_obtained":["Pen Nib"],"cards_obtained":["Regret"]},{"damage_healed":0.0,"max_hp_gain":0.0,"max_hp_loss":0.0,"gold_gain":0.0,"cards_transformed":["Strike_R"],"event_name":"Transmorgrifier","player_choice":"Transformed","floor":13.0,"gold_loss":0.0,"damage_taken":0.0,"cards_obtained":["Perfected Strike"]}],"is_beta":false,"boss_relics":[],"items_purged_floors":[3],"is_endless":false,"potions_floor_spawned":[6,14],"killed_by":"The Guardian","ascension_level":10}