{"gold_per_floor":[16,30,44,44,61,61,88,88,142,142,168,185,117,133,133,235,235,245,260,16,16,16,16,32,51,103,103,137,156,175,125,125,125],"floor_reached":33,"playtime":1627,"items_purged":["Strike_B","Defend_B"],"score":405,"play_id":"877ea5ac-745a-4855-964e-bca602280ed7","local_time":"20191013195757","is_ascension_mode":true,"campfire_choices":[{"data":"Dualcast","floor":6,"key":"SMITH"},{"data":"Conserve Battery","floor":8,"key":"SMITH"},{"floor":10,"key":"REST"},{"data":"Auto Shields","floor":15,"key":"SMITH"},{"data":"Conserve Battery","floor":23,"key":"SMITH"},{"data":"Conserve Battery","floor":27,"key":"SMITH"},{"floor":32,"key":"REST"}],"neow_cost":"NO_GOLD","seed_source_timestamp":318509282522100,"circlet_count":0,"master_deck":["Strike_B","Strike_B","Strike_B","Defend_B","Defend_B","Defend_B","Zap+1","Dualcast+1","Electrodynamics","Self Repair","Melter+1","Streamline+1","Conserve Battery+1","Leap","Ball Lightning","Skim","Tempest","Auto Shields+1","Biased Cognition","Sunder+1","Steam+1","Defragment","Conserve Battery+1","Reinforced Body+1","Conserve Battery+1","Self Repair","Redo+1"],"relics":["Cracked Core","Whetstone","Tiny Chest","Smiling Mask","Nuclear Battery","Bag of Marbles","Pear","Blood Vial","Ancient Tea Set"],"potions_floor_usage":[11,11,25,28,33,33,33],"damage_taken":[{"damage":1,"enemies":"Cultist","floor":1,"turns":4},{"damage":7,"enemies":"Jaw Worm","floor":2,"turns":4},{"damage":8,"enemies":"2 Louse","floor":3,"turns":2},{"damage":8,"enemies":"Blue Slaver","floor":5,"turns":3},{"damage":28,"enemies":"Lagavulin","floor":7,"turns":5},{"damage":1,"enemies":"3 Sentries","floor":11,"turns":3},{"damage":0,"enemies":"2 Fungi Beasts","floor":12,"turns":2},{"damage":0,"enemies":"Large Slime","floor":14,"turns":3},{"damage":48,"enemies":"Hexaghost","floor":16,"turns":10},{"damage":14,"enemies":"2 Thieves","floor":18,"turns":4},{"damage":0,"enemies":"Spheric Guardian","floor":19,"turns":1},{"damage":10,"enemies":"Shelled Parasite and Fungi","floor":24,"turns":3},{"damage":0,"enemies":"Centurion and Healer","floor":25,"turns":4},{"damage":15,"enemies":"Slavers","floor":28,"turns":3},{"damage":0,"enemies":"Sentry and Sphere","floor":29,"turns":3},{"damage":5,"enemies":"Snake Plant","floor":30,"turns":3},{"damage":96,"enemies":"Automaton","floor":33,"turns":10}],"seed_played":"-1696417725746840016","potions_obtained":[{"floor":2,"key":"SteroidPotion"},{"floor":3,"key":"Fire Potion"},{"floor":5,"key":"Fire Potion"},{"floor":11,"key":"Swift Potion"},{"floor":19,"key":"PowerPotion"},{"floor":25,"key":"Regen Potion"},{"floor":29,"key":"LiquidBronze"},{"floor":30,"key":"AttackPotion"}],"is_trial":false,"path_per_floor":["M","M","M","?","M","R","E","R","T","R","E","M","$","M","R","B",null,"M","M","$","?","T","R","M","M","T","R","E","M","M","$","R","B"],"character_chosen":"DEFECT","items_purchased":["Tempest","Defragment","Bag of Marbles"],"campfire_rested":2,"item_purchase_floors":[13,20,20],"current_hp_per_floor":[67,60,52,52,44,44,23,23,23,45,51,51,51,51,51,10,59,45,45,45,45,55,55,45,45,45,45,32,34,45,45,70,0],"gold":125,"neow_bonus":"THREE_RARE_CARDS","is_prod":false,"is_daily":false,"chose_seed":false,"campfire_upgraded":5,"win_rate":0,"timestamp":1571014677,"path_taken":["M","M","M","?","?","R","E","R","T","R","E","M","$","M","R","BOSS","M","?","$","?","?","R","M","M","T","R","E","?","M","$","R","BOSS"],"build_version":"2019-07-17","purchased_purges":2,"victory":false,"max_hp_per_floor":[75,75,75,75,75,75,75,75,75,75,75,75,75,75,75,75,75,75,75,75,75,85,85,85,85,85,85,85,85,85,85,85,85],"card_choices":[{"not_picked":["Multi-Cast","Seek"],"picked":"Electrodynamics","floor":0},{"not_picked":["Beam Cell","Steam Power"],"picked":"Self Repair","floor":1},{"not_picked":["Aggregate","Compile Driver"],"picked":"Melter","floor":2},{"not_picked":["Capacitor","Gash"],"picked":"Streamline","floor":3},{"not_picked":["Stack","Redo"],"picked":"Conserve Battery","floor":5},{"not_picked":["Chill","Melter"],"picked":"Leap","floor":7},{"not_picked":["Cold Snap","Heatsinks"],"picked":"Ball Lightning","floor":11},{"not_picked":["Rebound","Coolheaded"],"picked":"Skim","floor":12},{"not_picked":["Rebound","Loop"],"picked":"Auto Shields","floor":14},{"not_picked":["Meteor Strike","Rainbow"],"picked":"Biased Cognition","floor":16},{"not_picked":["Beam Cell+1","Turbo+1"],"picked":"Sunder+1","floor":18},{"not_picked":["Cold Snap+1","Static Discharge"],"picked":"Steam+1","floor":19},{"not_picked":["Steam","Barrage+1"],"picked":"Reinforced Body+1","floor":24},{"not_picked":["Self Repair","Leap"],"picked":"Conserve Battery","floor":25},{"not_picked":["Turbo+1","Auto Shields"],"picked":"Self Repair","floor":28},{"not_picked":["Redo","Leap","Rebound+1"],"picked":"SKIP","floor":29},{"not_picked":["Blizzard","Darkness+1"],"picked":"Redo+1","floor":30}],"player_experience":835350,"relics_obtained":[{"floor":7,"key":"Whetstone"},{"floor":9,"key":"Tiny Chest"},{"floor":11,"key":"Smiling Mask"},{"floor":22,"key":"Pear"},{"floor":26,"key":"Blood Vial"},{"floor":28,"key":"Ancient Tea Set"}],"event_choices":[{"damage_healed":0,"gold_gain":0,"player_choice":"Upgraded","damage_taken":0,"max_hp_gain":0,"max_hp_loss":0,"event_name":"Upgrade Shrine","floor":4,"gold_loss":0,"cards_upgraded":["Zap"]},{"damage_healed":0,"gold_gain":0,"player_choice":"Read","damage_taken":0,"max_hp_gain":0,"max_hp_loss":0,"event_name":"The Library","floor":21,"gold_loss":0,"cards_obtained":["Conserve Battery"]}],"is_beta":false,"boss_relics":[{"not_picked":["Busted Crown","Lizard Tail"],"picked":"Nuclear Battery"}],"items_purged_floors":[20,31],"is_endless":false,"potions_floor_spawned":[2,3,5,11,19,25,29,30],"killed_by":"Automaton","ascension_level":9}