{"gold_per_floor":[110,110,124,10,21,21,55,55,55,55,55,70,105,54,54,54],"floor_reached":16,"playtime":1090,"items_purged":[],"score":151,"play_id":"90a965f1-c991-4b89-94f7-d5524063c560","local_time":"20190126215443","is_ascension_mode":true,"campfire_choices":[{"data":"Dodge and Roll","floor":6,"key":"SMITH"},{"data":"Blade Dance","floor":8,"key":"SMITH"},{"floor":11,"key":"REST"},{"floor":15,"key":"REST"}],"neow_cost":"NONE","seed_source_timestamp":18210048034370,"circlet_count":0,"master_deck":["Defend_G","Defend_G","Defend_G","Defend_G","Strike_G","Strike_G","Strike_G","Strike_G","Strike_G","Survivor","Neutralize","Bullet Time","Dagger Spray","Accuracy","Dodge and Roll+1","Blade Dance+1","Accuracy","Deadly Poison","Dash","Unload","Bane"],"relics":["Ring of the Snake","Question Card","Juzu Bracelet","Potion Belt","Regal Pillow"],"potions_floor_usage":[7,12],"damage_taken":[{"damage":0,"enemies":"2 Louse","floor":1,"turns":2},{"damage":2,"enemies":"Cultist","floor":3,"turns":4},{"damage":5,"enemies":"Jaw Worm","floor":5,"turns":2},{"damage":32,"enemies":"3 Sentries","floor":7,"turns":9},{"damage":4,"enemies":"Lots of Slimes","floor":12,"turns":2},{"damage":31,"enemies":"Lagavulin","floor":13,"turns":7},{"damage":49,"enemies":"Slime Boss","floor":16,"turns":10}],"seed_played":"-4144304292820046236","potions_obtained":[{"floor":3,"key":"Regen Potion"},{"floor":7,"key":"Explosive Potion"}],"is_trial":false,"path_per_floor":["M","?","M","$","M","R","E","R","T","?","R","M","E","$","R","B"],"character_chosen":"THE_SILENT","items_purchased":["Blade Dance","Accuracy","Bane"],"campfire_rested":2,"item_purchase_floors":[4,4,14],"current_hp_per_floor":[63,63,61,61,56,56,39,39,39,27,48,44,13,13,49,0],"gold":54,"neow_bonus":"ONE_RANDOM_RARE_CARD","is_prod":false,"is_daily":false,"chose_seed":false,"campfire_upgraded":2,"win_rate":0,"timestamp":1548561283,"path_taken":["M","?","M","?","M","R","E","R","T","?","R","M","E","$","R","BOSS"],"build_version":"2019-01-23","purchased_purges":0,"victory":false,"max_hp_per_floor":[70,70,70,70,70,70,70,70,70,70,70,70,70,70,70,70],"card_choices":[{"not_picked":["PiercingWail","Predator"],"picked":"Dagger Spray","floor":1},{"not_picked":["All Out Attack","Deadly Poison"],"picked":"Dodge and Roll","floor":3},{"not_picked":["PiercingWail","Deflect","Reflex"],"picked":"SKIP","floor":5},{"not_picked":["Prepared","Deflect"],"picked":"Deadly Poison","floor":7},{"not_picked":["Flying Knee","Calculated Gamble","Predator"],"picked":"Dash","floor":12},{"not_picked":["PiercingWail","Wraith Form v2","Doppelganger"],"picked":"Unload","floor":13}],"player_experience":687617,"relics_obtained":[{"floor":7,"key":"Question Card"},{"floor":9,"key":"Juzu Bracelet"},{"floor":13,"key":"Regal Pillow"}],"event_choices":[{"damage_healed":0,"gold_gain":0,"cards_transformed":["Defend_G"],"player_choice":"Transformed","damage_taken":0,"max_hp_gain":0,"max_hp_loss":0,"event_name":"Transmorgrifier","floor":2,"gold_loss":0,"cards_obtained":["Accuracy"]},{"damage_healed":0,"gold_gain":0,"player_choice":"Success","damage_taken":12,"relics_obtained":["Potion Belt"],"max_hp_gain":0,"max_hp_loss":0,"event_name":"Scrap Ooze","floor":10,"gold_loss":0}],"is_beta":false,"boss_relics":[],"items_purged_floors":[],"is_endless":false,"potions_floor_spawned":[3,7],"killed_by":"Slime Boss","ascension_level":8}