{"gold_per_floor":[114,114,114,114,129,129,154,154,205,18,0,17,41,6,6,108,108,127,0,0,10,10,10,10,10,10,10,29,60,60,83,83,183,183,201,248,276,300,324,362,374,397,409,421,461,484,496,541,553,565],"floor_reached":51,"playtime":4174,"items_purged":[],"score":1029,"play_id":"75e7c73e-7588-4605-bde1-8057133587eb","local_time":"20191008223322","is_ascension_mode":true,"campfire_choices":[{"data":"White Noise","floor":6,"key":"SMITH"},{"data":"Dualcast","floor":8,"key":"SMITH"},{"data":"Undo","floor":15,"key":"SMITH"},{"data":"Undo","floor":23,"key":"SMITH"},{"data":"Sunder","floor":27,"key":"SMITH"},{"floor":30,"key":"REST"},{"floor":32,"key":"REST"},{"data":"Fission","floor":41,"key":"SMITH"},{"data":"Echo Form","floor":44,"key":"SMITH"},{"data":"Reinforced Body","floor":47,"key":"SMITH"},{"floor":49,"key":"REST"}],"neow_cost":"TEN_PERCENT_HP_LOSS","seed_source_timestamp":416658710589000,"circlet_count":0,"master_deck":["Zap+1","Dualcast+1","Biased Cognition","Gash","White Noise+1","Ball Lightning","Undo+1","Sweeping Beam","Reinforced Body+1","Core Surge","Undo+1","Sunder+1","Echo Form+1","Defragment","Doom and Gloom","Gash","Consume","Self Repair","Stack","Leap","Cold Snap+1","Cold Snap","Fission+1","Gash+1","Compile Driver","FTL+1","Stack","Conserve Battery","Gash","Coolheaded","Conserve Battery"],"relics":["Cracked Core","Orichalcum","Ice Cream","Blood Vial","Oddly Smooth Stone","Odd Mushroom","Pandora\u0027s Box","Darkstone Periapt","Art of War","Vajra","Busted Crown","MawBank","Happy Flower","Meat on the Bone","Cables","The Courier"],"potions_floor_usage":[7,16,33,35,45,50,50,50],"damage_taken":[{"damage":9,"enemies":"2 Louse","floor":1,"turns":2},{"damage":5,"enemies":"Small Slimes","floor":5,"turns":3},{"damage":2,"enemies":"Gremlin Nob","floor":7,"turns":3},{"damage":0,"enemies":"Jaw Worm","floor":12,"turns":3},{"damage":3,"enemies":"The Mushroom Lair","floor":13,"turns":3},{"damage":17,"enemies":"The Guardian","floor":16,"turns":10},{"damage":0,"enemies":"Chosen","floor":18,"turns":4},{"damage":0,"enemies":"Spheric Guardian","floor":21,"turns":3},{"damage":13,"enemies":"Centurion and Healer","floor":28,"turns":7},{"damage":44,"enemies":"Book of Stabbing","floor":29,"turns":7},{"damage":35,"enemies":"Collector","floor":33,"turns":8},{"damage":0,"enemies":"Orb Walker","floor":35,"turns":3},{"damage":19,"enemies":"3 Shapes","floor":37,"turns":6},{"damage":10,"enemies":"3 Darklings","floor":38,"turns":6},{"damage":1,"enemies":"Spire Growth","floor":39,"turns":6},{"damage":5,"enemies":"Nemesis","floor":40,"turns":7},{"damage":19,"enemies":"Transient","floor":42,"turns":5},{"damage":33,"enemies":"Giant Head","floor":45,"turns":9},{"damage":0,"enemies":"Maw","floor":46,"turns":7},{"damage":28,"enemies":"Nemesis","floor":48,"turns":9},{"damage":17,"enemies":"Donu and Deca","floor":50,"turns":11}],"seed_played":"2051937310137433356","potions_obtained":[{"floor":5,"key":"FocusPotion"},{"floor":7,"key":"Dexterity Potion"},{"floor":12,"key":"SteroidPotion"},{"floor":13,"key":"LiquidBronze"},{"floor":29,"key":"Dexterity Potion"},{"floor":33,"key":"Swift Potion"},{"floor":35,"key":"Dexterity Potion"},{"floor":45,"key":"Fruit Juice"},{"floor":48,"key":"Strength Potion"}],"is_trial":false,"path_per_floor":["M","?","?","?","M","R","E","R","T","$","?","M","?","?","R","B",null,"M","?","?","M","?","R","$","?","T","R","M","E","R","T","R","B",null,"M","T","M","M","M","E","R","M","T","R","E","M","R","E","R","B",null],"character_chosen":"DEFECT","items_purchased":["Undo","Oddly Smooth Stone"],"campfire_rested":3,"item_purchase_floors":[10,10],"current_hp_per_floor":[59,52,52,52,47,47,45,45,45,45,45,47,46,63,63,48,63,65,65,65,68,56,56,56,56,56,56,52,17,38,38,59,33,63,65,65,55,54,62,66,66,56,56,56,49,58,58,51,74,66],"gold":577,"neow_bonus":"THREE_RARE_CARDS","is_prod":false,"is_daily":false,"chose_seed":false,"campfire_upgraded":8,"win_rate":0,"timestamp":1570592002,"path_taken":["M","?","?","?","M","R","E","R","T","$","?","?","?","?","R","BOSS","M","?","?","?","?","R","$","?","T","R","?","E","R","?","R","BOSS","M","?","M","M","?","E","R","M","T","R","E","M","R","E","R","BOSS"],"build_version":"2019-07-17","purchased_purges":0,"victory":true,"max_hp_per_floor":[68,68,68,68,68,68,68,68,68,68,68,68,68,68,68,68,68,68,68,68,68,73,73,73,73,73,73,73,73,73,73,73,73,73,73,73,73,73,73,73,73,73,73,73,78,78,78,78,78,78],"card_choices":[{"not_picked":["Rainbow","Creative AI"],"picked":"Biased Cognition","floor":0},{"not_picked":["Redo","Scrape"],"picked":"Gash","floor":1},{"not_picked":["Redo","Compile Driver"],"picked":"White Noise","floor":5},{"not_picked":["Creative AI","Machine Learning"],"picked":"Ball Lightning","floor":7},{"not_picked":["Capacitor","Stack"],"picked":"Sweeping Beam","floor":12},{"not_picked":["Turbo","Rebound"],"picked":"Reinforced Body","floor":13},{"not_picked":["Buffer","Creative AI"],"picked":"Core Surge","floor":16},{"not_picked":["Rebound+1","Reprogram"],"picked":"Stack","floor":18},{"not_picked":["Melter","Ball Lightning"],"picked":"Cold Snap+1","floor":21},{"not_picked":["Streamline","Sweeping Beam+1"],"picked":"Cold Snap","floor":28},{"not_picked":["Sweeping Beam+1","Steam Power","Redo"],"picked":"SKIP","floor":29},{"not_picked":["Echo Form","Machine Learning"],"picked":"Fission","floor":33},{"not_picked":[],"picked":"Gash+1","floor":35},{"not_picked":["Redo"],"picked":"SKIP","floor":37},{"not_picked":[],"picked":"Compile Driver","floor":38},{"not_picked":[],"picked":"FTL+1","floor":39},{"not_picked":[],"picked":"Stack","floor":40},{"not_picked":[],"picked":"Conserve Battery","floor":42},{"not_picked":[],"picked":"Gash","floor":45},{"not_picked":[],"picked":"Coolheaded","floor":46},{"not_picked":[],"picked":"Conserve Battery","floor":48}],"player_experience":807257,"relics_obtained":[{"floor":7,"key":"Ice Cream"},{"floor":9,"key":"Blood Vial"},{"floor":13,"key":"Odd Mushroom"},{"floor":26,"key":"Darkstone Periapt"},{"floor":29,"key":"Art of War"},{"floor":31,"key":"Vajra"},{"floor":36,"key":"MawBank"},{"floor":40,"key":"Happy Flower"},{"floor":43,"key":"Meat on the Bone"},{"floor":45,"key":"Cables"},{"floor":48,"key":"The Courier"}],"event_choices":[{"damage_healed":0,"gold_gain":0,"player_choice":"Success","damage_taken":7,"relics_obtained":["Orichalcum"],"max_hp_gain":0,"max_hp_loss":0,"event_name":"Scrap Ooze","floor":2,"gold_loss":0},{"damage_healed":0,"gold_gain":0,"player_choice":"Grow","damage_taken":0,"max_hp_gain":0,"max_hp_loss":0,"event_name":"Living Wall","floor":3,"gold_loss":0,"cards_upgraded":["Zap"]},{"damage_healed":0,"gold_gain":0,"player_choice":"Ignored","damage_taken":0,"max_hp_gain":0,"max_hp_loss":0,"event_name":"Liars Game","floor":4,"gold_loss":0},{"damage_healed":0,"gold_gain":0,"player_choice":"Left Gold","damage_taken":0,"max_hp_gain":0,"max_hp_loss":0,"event_name":"World of Goop","floor":11,"gold_loss":18},{"damage_healed":0,"gold_gain":0,"player_choice":"Fought Mushrooms","damage_taken":0,"max_hp_gain":0,"max_hp_loss":0,"event_name":"Mushrooms","floor":13,"gold_loss":0},{"damage_healed":17,"gold_gain":0,"player_choice":"Healed","damage_taken":0,"max_hp_gain":0,"max_hp_loss":0,"event_name":"The Cleric","floor":14,"gold_loss":35},{"damage_healed":0,"gold_gain":0,"player_choice":"Paid Fearfully","damage_taken":0,"max_hp_gain":0,"max_hp_loss":0,"event_name":"Masked Bandits","floor":19,"gold_loss":127},{"damage_healed":0,"gold_gain":0,"player_choice":"Read","damage_taken":0,"max_hp_gain":0,"max_hp_loss":0,"event_name":"The Library","floor":20,"gold_loss":0,"cards_obtained":["Leap"]},{"damage_healed":0,"gold_gain":0,"player_choice":"Shed Blood","damage_taken":17,"max_hp_gain":5,"max_hp_loss":0,"event_name":"Forgotten Altar","floor":22,"gold_loss":0},{"damage_healed":0,"gold_gain":0,"player_choice":"Ignored","damage_taken":0,"max_hp_gain":0,"max_hp_loss":0,"event_name":"Cursed Tome","floor":25,"gold_loss":0}],"is_beta":false,"boss_relics":[{"not_picked":["Eternal Feather","Runic Dome"],"picked":"Pandora\u0027s Box"},{"not_picked":["Tiny House","Snecko Eye"],"picked":"Busted Crown"}],"items_purged_floors":[],"is_endless":false,"potions_floor_spawned":[5,7,12,13,29,33,35,38,45,48],"ascension_level":8}