{"gold_per_floor":[110,110,130,142,34,34,45,45,99,131,131,146,146,146,146,146],"floor_reached":16,"playtime":833,"items_purged":[],"score":150,"play_id":"1108c6a8-32f7-4f02-9132-d3e0512c3d04","local_time":"20191014034731","is_ascension_mode":true,"campfire_choices":[{"data":"Uppercut","floor":6,"key":"SMITH"},{"floor":11,"key":"REST"},{"data":"Body Slam","floor":13,"key":"SMITH"},{"floor":15,"key":"REST"}],"neow_cost":"NONE","seed_source_timestamp":347478227569800,"circlet_count":0,"master_deck":["AscendersBane","Strike_R","Strike_R","Strike_R+1","Strike_R","Strike_R","Defend_R","Defend_R","Defend_R","Defend_R","Bash","Forethought","Iron Wave","Uppercut+1","Pommel Strike","Dropkick","Flash of Steel+1","Body Slam+1","Clash","Thunderclap","Shockwave"],"relics":["Burning Blood","Tiny Chest","Regal Pillow"],"potions_floor_usage":[],"damage_taken":[{"damage":14,"enemies":"Jaw Worm","floor":1,"turns":6},{"damage":1,"enemies":"Cultist","floor":3,"turns":4},{"damage":8,"enemies":"2 Louse","floor":4,"turns":3},{"damage":10,"enemies":"2 Fungi Beasts","floor":7,"turns":3},{"damage":45,"enemies":"3 Sentries","floor":10,"turns":8},{"damage":21,"enemies":"Exordium Thugs","floor":12,"turns":4},{"damage":75,"enemies":"Slime Boss","floor":16,"turns":8}],"seed_played":"-3290588986885735413","potions_obtained":[{"floor":3,"key":"Strength Potion"}],"is_trial":false,"path_per_floor":["M","?","M","M","$","R","M","$","T","E","R","M","R","?","R","B"],"character_chosen":"IRONCLAD","items_purchased":["Flash of Steel","Body Slam"],"campfire_rested":2,"item_purchase_floors":[5,5],"current_hp_per_floor":[64,64,69,67,67,67,63,63,63,24,63,48,48,32,71,0],"gold":146,"neow_bonus":"RANDOM_COLORLESS","is_prod":false,"is_daily":false,"chose_seed":false,"campfire_upgraded":2,"win_rate":0,"timestamp":1571042851,"path_taken":["M","?","?","M","$","R","M","?","T","E","R","M","R","?","R","BOSS"],"build_version":"2019-07-17","purchased_purges":0,"victory":false,"max_hp_per_floor":[80,80,80,80,80,80,80,80,80,80,80,80,80,80,80,80],"card_choices":[{"not_picked":["Sentinel","Corruption"],"picked":"Iron Wave","floor":1},{"not_picked":["Iron Wave","True Grit"],"picked":"Pommel Strike","floor":3},{"not_picked":["Evolve","Power Through"],"picked":"Dropkick","floor":4},{"not_picked":["Perfected Strike","Pummel"],"picked":"Clash","floor":7},{"not_picked":["Clothesline","Sword Boomerang"],"picked":"Thunderclap","floor":10},{"not_picked":["Body Slam","Whirlwind"],"picked":"Shockwave","floor":12}],"player_experience":844478,"relics_obtained":[{"floor":9,"key":"Tiny Chest"},{"floor":10,"key":"Regal Pillow"}],"event_choices":[{"damage_healed":0,"gold_gain":0,"player_choice":"1 cards matched","damage_taken":0,"max_hp_gain":0,"max_hp_loss":0,"event_name":"Match and Keep!","floor":2,"gold_loss":0,"cards_obtained":["Uppercut"]},{"damage_healed":0,"gold_gain":0,"player_choice":"Entered Light","damage_taken":16,"max_hp_gain":0,"max_hp_loss":0,"event_name":"Shining Light","floor":14,"gold_loss":0,"cards_upgraded":["Flash of Steel","Strike_R"]}],"is_beta":false,"boss_relics":[],"items_purged_floors":[],"is_endless":false,"potions_floor_spawned":[3],"killed_by":"Slime Boss","ascension_level":10}