{"gold_per_floor":[19,19,32,32,48,48,82,57,57,57,4,4,36,48,60,168,180,207,134,164,176],"floor_reached":21,"playtime":1063,"items_purged":[],"score":195,"play_id":"c9e089ad-c4ba-4fa9-9b71-0a39ff995d71","local_time":"20181030202951","is_ascension_mode":true,"campfire_choices":[{"data":"Dualcast","floor":6,"key":"SMITH"},{"floor":10,"key":"REST"},{"data":"Redo","floor":15,"key":"SMITH"}],"neow_cost":"NO_GOLD","seed_source_timestamp":583417733414452,"circlet_count":0,"master_deck":["Strike_B","Strike_B","Strike_B","Strike_B+1","Defend_B","Defend_B","Defend_B+1","Defend_B","Zap+1","Dualcast+1","Gash","Steam","Rebound","Doom and Gloom","Gash","FTL","Redo+1","Stack","Creative AI","Leap","Ball Lightning","Aggregate+1"],"relics":["Cracked Core","Prayer Wheel","Gremlin Horn","Ornamental Fan","MawBank","Black Star","Oddly Smooth Stone"],"potions_floor_usage":[3,16],"damage_taken":[{"damage":4,"enemies":"Small Slimes","floor":1,"turns":4},{"damage":0,"enemies":"Cultist","floor":3,"turns":3},{"damage":0,"enemies":"Jaw Worm","floor":5,"turns":2},{"damage":22,"enemies":"Gremlin Nob","floor":7,"turns":4},{"damage":0,"enemies":"Large Slime","floor":13,"turns":3},{"damage":22,"enemies":"Hexaghost","floor":16,"turns":9},{"damage":35,"enemies":"3 Byrds","floor":18,"turns":4},{"damage":13,"enemies":"Chosen","floor":20,"turns":5},{"damage":34,"enemies":"Snecko","floor":21,"turns":5}],"seed_played":"-5518456654938062370","potions_obtained":[{"floor":1,"key":"EntropicBrew"},{"floor":13,"key":"Strength Potion"}],"is_trial":false,"path_per_floor":["M","?","M","?","M","R","E","?","T","R","$","?","M","$","R","B",null,"M","?","M"],"character_chosen":"DEFECT","items_purchased":["Redo"],"campfire_rested":1,"item_purchase_floors":[11],"current_hp_per_floor":[71,71,71,56,56,56,34,34,34,56,56,56,56,56,56,34,75,40,40,27,0],"gold":176,"neow_bonus":"ONE_RARE_RELIC","is_prod":false,"is_daily":false,"chose_seed":false,"campfire_upgraded":2,"win_rate":0,"timestamp":1540949391,"path_taken":["M","?","M","?","M","R","E","?","T","R","$","?","?","$","R","BOSS","M","?","?","M"],"build_version":"2018-10-25v2","purchased_purges":0,"victory":false,"max_hp_per_floor":[75,75,75,75,75,75,75,75,75,75,75,75,75,75,75,75,75,75,75,75,75],"card_choices":[{"not_picked":["Force Field","Rebound"],"picked":"Gash","floor":1},{"not_picked":["Compile Driver","Capacitor"],"picked":"Steam","floor":1},{"not_picked":["Barrage","Stack"],"picked":"Rebound","floor":3},{"not_picked":["Streamline","Gash"],"picked":"Doom and Gloom","floor":3},{"not_picked":["Sweeping Beam","Barrage"],"picked":"Gash","floor":5},{"not_picked":["Blizzard","Turbo","Barrage"],"picked":"SKIP","floor":5},{"not_picked":["Sweeping Beam","Genetic Algorithm"],"picked":"FTL","floor":7},{"not_picked":["Barrage","Thunder Strike"],"picked":"Stack","floor":13},{"not_picked":["Beam Cell","Rebound","Steam Power"],"picked":"SKIP","floor":13},{"not_picked":["Reboot","Seek"],"picked":"Creative AI","floor":16},{"not_picked":["Stack","Redo"],"picked":"Leap","floor":18},{"not_picked":["Rebound+1","Redo"],"picked":"Ball Lightning","floor":18},{"not_picked":["Beam Cell","Streamline"],"picked":"Aggregate+1","floor":20},{"not_picked":["Beam Cell","Redo","Turbo"],"picked":"SKIP","floor":20}],"player_experience":463469,"relics_obtained":[{"floor":7,"key":"Gremlin Horn"},{"floor":9,"key":"Ornamental Fan"}],"event_choices":[{"damage_healed":0,"gold_gain":0,"player_choice":"Forge","damage_taken":0,"max_hp_gain":0,"max_hp_loss":0,"event_name":"Accursed Blacksmith","floor":2,"gold_loss":0,"cards_upgraded":["Zap"]},{"damage_healed":0,"gold_gain":0,"player_choice":"Entered Light","damage_taken":15,"max_hp_gain":0,"max_hp_loss":0,"event_name":"Shining Light","floor":4,"gold_loss":0,"cards_upgraded":["Strike_B","Defend_B"]},{"damage_healed":0,"gold_gain":0,"player_choice":"Left Gold","damage_taken":0,"max_hp_gain":0,"max_hp_loss":0,"event_name":"World of Goop","floor":8,"gold_loss":25},{"damage_healed":0,"gold_gain":0,"player_choice":"Gave Potion","damage_taken":0,"relics_obtained":["MawBank"],"max_hp_gain":0,"max_hp_loss":0,"event_name":"WeMeetAgain","floor":12,"gold_loss":0},{"damage_healed":0,"gold_gain":0,"player_choice":"Obtained Relic","damage_taken":0,"relics_obtained":["Oddly Smooth Stone"],"max_hp_gain":0,"max_hp_loss":0,"event_name":"Addict","floor":19,"gold_loss":85}],"is_beta":false,"boss_relics":[{"not_picked":["Eternal Feather","Orrery"],"picked":"Black Star"}],"items_purged_floors":[],"is_endless":false,"potions_floor_spawned":[1,3,13],"killed_by":"Snecko","ascension_level":2}