{"gold_per_floor":[112,37,37,51,63,63,76,103,103,103,115,150,24,24,24,126,126,126,126,126,72,72,72,72,0,0,0,0,0,0,0,0,0,0,0,0,0,0,0],"floor_reached":39,"playtime":2744,"items_purged":["Strike_B","Defend_B"],"score":472,"play_id":"1f60014f-e304-4d37-87cd-e7baca7a0124","local_time":"20181020232809","is_ascension_mode":true,"campfire_choices":[{"data":"Zap","floor":6,"key":"SMITH"},{"floor":10,"key":"REST"},{"floor":15,"key":"REST"},{"floor":24,"key":"REST"},{"data":"Dualcast","floor":27,"key":"SMITH"},{"data":"Redo","floor":29,"key":"SMITH"},{"floor":32,"key":"REST"}],"neow_cost":"NONE","seed_source_timestamp":112527244587851,"circlet_count":0,"master_deck":["Strike_B","Strike_B","Defend_B","Defend_B","Defend_B","Zap+1","Dualcast+1","Core Surge","Loop","Redo+1","Streamline","Reprogram","Lockon","Leap","Reinforced Body","Conserve Battery","Thunder Strike","Sweeping Beam","Consume","Melter","All For One","Stack","All For One","Conserve Battery+1","Rebound+1","FTL"],"relics":["Cracked Core","Ginger","StoneCalendar","Calipers","Ectoplasm","Potion Belt","Art of War","Omamori","Inserter"],"potions_floor_usage":[16,23,30,33,33,38],"damage_taken":[{"damage":5,"enemies":"Small Slimes","floor":1,"turns":3},{"damage":1,"enemies":"Cultist","floor":4,"turns":3},{"damage":7,"enemies":"Jaw Worm","floor":5,"turns":3},{"damage":6,"enemies":"Blue Slaver","floor":7,"turns":4},{"damage":17,"enemies":"Gremlin Nob","floor":8,"turns":4},{"damage":1,"enemies":"Looter","floor":11,"turns":2},{"damage":21,"enemies":"Lagavulin","floor":12,"turns":6},{"damage":26,"enemies":"The Guardian","floor":16,"turns":10},{"damage":2,"enemies":"Chosen","floor":18,"turns":4},{"damage":22,"enemies":"Spheric Guardian","floor":19,"turns":4},{"damage":8,"enemies":"Centurion and Healer","floor":22,"turns":8},{"damage":4,"enemies":"Gremlin Leader","floor":23,"turns":10},{"damage":31,"enemies":"Slavers","floor":30,"turns":6},{"damage":13,"enemies":"Snake Plant","floor":31,"turns":3},{"damage":48,"enemies":"Collector","floor":33,"turns":8},{"damage":6,"enemies":"Orb Walker","floor":35,"turns":4},{"damage":25,"enemies":"3 Shapes","floor":36,"turns":7},{"damage":34,"enemies":"Jaw Worm Horde","floor":38,"turns":4},{"damage":11,"enemies":"Sphere and 2 Shapes","floor":39,"turns":3}],"seed_played":"7972382180848785866","potions_obtained":[{"floor":1,"key":"SkillPotion"},{"floor":4,"key":"PowerPotion"},{"floor":5,"key":"LiquidBronze"},{"floor":8,"key":"Swift Potion"},{"floor":18,"key":"SkillPotion"},{"floor":23,"key":"Strength Potion"},{"floor":30,"key":"Regen Potion"},{"floor":36,"key":"EssenceOfSteel"}],"is_trial":false,"path_per_floor":["M","$","?","M","M","R","M","E","T","R","M","E","$","?","R","B",null,"M","M","$","$","M","E","R","?","T","R","$","R","E","M","R","B",null,"M","M","?","M"],"character_chosen":"DEFECT","items_purchased":["Conserve Battery","Sweeping Beam"],"campfire_rested":4,"item_purchase_floors":[13,21],"current_hp_per_floor":[70,70,70,69,62,62,56,39,39,61,60,39,39,39,61,35,75,73,51,51,51,43,39,61,61,61,61,61,61,30,17,39,6,75,69,44,44,10,0],"gold":0,"neow_bonus":"ONE_RANDOM_RARE_CARD","is_prod":false,"is_daily":false,"chose_seed":false,"campfire_upgraded":3,"win_rate":0,"timestamp":1540096089,"path_taken":["M","$","?","M","M","R","M","E","T","R","M","E","$","?","R","BOSS","M","M","?","$","M","E","R","?","T","R","?","R","E","M","R","BOSS","M","M","?","?","M"],"build_version":"2018-10-18","purchased_purges":2,"victory":false,"max_hp_per_floor":[75,75,75,75,75,75,75,75,75,75,75,75,75,75,75,75,75,75,75,75,75,75,75,75,75,75,75,75,75,75,75,75,75,75,75,75,75,75,75],"card_choices":[{"not_picked":["Storm","Turbo","Darkness"],"picked":"SKIP","floor":1},{"not_picked":["Stack","Barrage"],"picked":"Redo","floor":4},{"not_picked":["Redo","Loop"],"picked":"Streamline","floor":5},{"not_picked":["Tempest","Go for the Eyes"],"picked":"Reprogram","floor":7},{"not_picked":["Heatsinks","Turbo"],"picked":"Lockon","floor":8},{"not_picked":["Defragment","Hologram"],"picked":"Leap","floor":11},{"not_picked":["Fusion","Barrage"],"picked":"Reinforced Body","floor":12},{"not_picked":["Reboot","Rainbow"],"picked":"Thunder Strike","floor":16},{"not_picked":["Blizzard+1","Conserve Battery","Fusion"],"picked":"SKIP","floor":18},{"not_picked":["Cold Snap","Steam","Beam Cell+1"],"picked":"SKIP","floor":19},{"not_picked":["Meteor Strike","Chaos"],"picked":"Consume","floor":22},{"not_picked":["Sweeping Beam","Cold Snap"],"picked":"Melter","floor":23},{"not_picked":["Machine Learning","Compile Driver"],"picked":"All For One","floor":30},{"not_picked":["Gash","Go for the Eyes+1"],"picked":"Stack","floor":31},{"not_picked":["Hyperbeam","Rainbow"],"picked":"All For One","floor":33},{"not_picked":["Hello World","Streamline"],"picked":"Conserve Battery+1","floor":35},{"not_picked":["Streamline+1","Sweeping Beam"],"picked":"Rebound+1","floor":36},{"not_picked":["Hello World","Steam+1","Go for the Eyes+1"],"picked":"SKIP","floor":38}],"player_experience":452590,"relics_obtained":[{"floor":8,"key":"Ginger"},{"floor":9,"key":"StoneCalendar"},{"floor":12,"key":"Calipers"},{"floor":23,"key":"Potion Belt"},{"floor":26,"key":"Art of War"},{"floor":30,"key":"Omamori"}],"event_choices":[{"damage_healed":0,"gold_gain":0,"cards_transformed":["Strike_B"],"player_choice":"Transformed","damage_taken":0,"max_hp_gain":0,"max_hp_loss":0,"event_name":"Transmorgrifier","floor":3,"gold_loss":0,"cards_obtained":["Loop"]},{"damage_healed":0,"gold_gain":0,"player_choice":"Ignored","damage_taken":0,"max_hp_gain":0,"max_hp_loss":0,"event_name":"Golden Idol","floor":14,"gold_loss":0},{"damage_healed":0,"gold_gain":0,"player_choice":"Paid Fearfully","damage_taken":0,"max_hp_gain":0,"max_hp_loss":0,"event_name":"Masked Bandits","floor":25,"gold_loss":72},{"damage_healed":0,"gold_gain":0,"player_choice":"1 cards matched","damage_taken":0,"max_hp_gain":0,"max_hp_loss":0,"event_name":"Match and Keep!","floor":37,"gold_loss":0,"cards_obtained":["FTL"]}],"is_beta":false,"boss_relics":[{"not_picked":["Fusion Hammer","Astrolabe"],"picked":"Ectoplasm"},{"not_picked":["Orrery","Lizard Tail"],"picked":"Inserter"}],"items_purged_floors":[2,13],"is_endless":false,"potions_floor_spawned":[1,4,5,8,18,19,23,30,36],"killed_by":"Sphere and 2 Shapes","ascension_level":2}