{"gold_per_floor":[118,84,46,46,57,57,89,89,171,171,185,285,305,323,323,427,427,417,442,442,130,140,140,152,152,221,231,231,251,251],"floor_reached":30,"playtime":1501,"items_purged":[],"score":311,"play_id":"48938fc8-349b-48d1-8542-d77601372779","local_time":"20181119152619","is_ascension_mode":true,"campfire_choices":[{"data":"Dash","floor":6,"key":"SMITH"},{"floor":8,"key":"REST"},{"floor":15,"key":"REST"},{"floor":23,"key":"REST"},{"floor":28,"key":"REST"}],"neow_cost":"NONE","seed_source_timestamp":1194331138320647,"circlet_count":0,"master_deck":["Defend_G","Defend_G","Defend_G","Defend_G","Defend_G","Strike_G+1","Strike_G","Strike_G","Strike_G+1","Strike_G","Survivor","Neutralize","Blade Dance","Dash+1","Deadly Poison","Backstab","Dagger Spray","Leg Sweep","Calculated Gamble","Storm of Steel","Slice+1","Flechettes","Writhe","Noxious Fumes","Bullet Time","Flash of Steel","Outmaneuver+1"],"relics":["Ring of the Snake","Whetstone","Orichalcum","Blue Candle","Strawberry","Runic Pyramid","Red Mask","Mummified Hand","Darkstone Periapt","The Courier"],"potions_floor_usage":[16,22,27,29],"damage_taken":[{"damage":1,"enemies":"Small Slimes","floor":1,"turns":4},{"damage":0,"enemies":"2 Louse","floor":5,"turns":3},{"damage":34,"enemies":"Lagavulin","floor":7,"turns":6},{"damage":0,"enemies":"Cultist","floor":11,"turns":3},{"damage":0,"enemies":"2 Fungi Beasts","floor":13,"turns":2},{"damage":13,"enemies":"Large Slime","floor":14,"turns":7},{"damage":37,"enemies":"Slime Boss","floor":16,"turns":11},{"damage":11,"enemies":"2 Thieves","floor":18,"turns":4},{"damage":35,"enemies":"Masked Bandits","floor":19,"turns":6},{"damage":9,"enemies":"Shell Parasite","floor":22,"turns":4},{"damage":13,"enemies":"Snake Plant","floor":24,"turns":5},{"damage":15,"enemies":"Centurion and Healer","floor":27,"turns":6},{"damage":5,"enemies":"Snecko","floor":29,"turns":5},{"damage":0,"enemies":"Cultist and Chosen","floor":30,"turns":1}],"seed_played":"1021679560030493358","potions_obtained":[{"floor":7,"key":"Ancient Potion"},{"floor":14,"key":"Fire Potion"},{"floor":19,"key":"Poison Potion"},{"floor":22,"key":"SkillPotion"},{"floor":24,"key":"Fruit Juice"},{"floor":29,"key":"Poison Potion"}],"is_trial":false,"path_per_floor":["M","?","$","?","M","R","E","R","T","?","M","?","M","M","R","B",null,"M","?","?","$","M","R","M","?","T","M","R","M","M"],"character_chosen":"THE_SILENT","items_purchased":["Dash","Noxious Fumes","Bullet Time","Flash of Steel"],"campfire_rested":4,"item_purchase_floors":[3,21,21,21],"current_hp_per_floor":[62,62,62,62,62,62,28,49,49,49,49,49,49,36,59,22,63,52,17,17,17,8,31,18,18,18,8,32,27,27],"gold":251,"neow_bonus":"RANDOM_COMMON_RELIC","is_prod":false,"is_daily":false,"chose_seed":false,"campfire_upgraded":1,"win_rate":0,"timestamp":1542662779,"path_taken":["M","?","$","?","M","R","E","R","T","?","M","?","?","M","R","BOSS","M","?","?","?","M","R","M","?","T","M","R","M","?"],"build_version":"2018-11-15","purchased_purges":0,"victory":false,"max_hp_per_floor":[70,70,70,70,70,70,70,70,70,77,77,77,77,77,77,77,77,77,77,77,77,77,77,77,77,77,82,82,82,82],"card_choices":[{"not_picked":["Outmaneuver","PiercingWail"],"picked":"Blade Dance","floor":1},{"not_picked":["Sucker Punch","Tactician"],"picked":"Deadly Poison","floor":5},{"not_picked":["Deflect","Bane"],"picked":"Backstab","floor":7},{"not_picked":["Sucker Punch","Bane"],"picked":"Dagger Spray","floor":11},{"not_picked":["Acrobatics","Riddle With Holes"],"picked":"Leg Sweep","floor":13},{"not_picked":["Venomology","Quick Slash"],"picked":"Calculated Gamble","floor":14},{"not_picked":["A Thousand Cuts","Night Terror"],"picked":"Storm of Steel","floor":16},{"not_picked":["Setup+1","Masterful Stab"],"picked":"Slice+1","floor":18},{"not_picked":["Backstab","Catalyst"],"picked":"Flechettes","floor":19},{"not_picked":["Dodge and Roll","Poisoned Stab","Distraction"],"picked":"SKIP","floor":22},{"not_picked":["Blade Dance","Deflect"],"picked":"Outmaneuver+1","floor":24},{"not_picked":["Catalyst","Blade Dance","Distraction"],"picked":"SKIP","floor":27},{"not_picked":["Tools of the Trade","Outmaneuver","Sucker Punch+1"],"picked":"SKIP","floor":29}],"player_experience":606140,"relics_obtained":[{"floor":7,"key":"Orichalcum"},{"floor":9,"key":"Blue Candle"},{"floor":19,"key":"Red Mask"},{"floor":26,"key":"The Courier"}],"event_choices":[{"damage_healed":0,"gold_gain":0,"player_choice":"Left Gold","damage_taken":0,"max_hp_gain":0,"max_hp_loss":0,"event_name":"World of Goop","floor":2,"gold_loss":34},{"damage_healed":0,"gold_gain":0,"player_choice":"Ignored","damage_taken":0,"max_hp_gain":0,"max_hp_loss":0,"event_name":"Golden Idol","floor":4,"gold_loss":0},{"damage_healed":0,"gold_gain":0,"player_choice":"Success","damage_taken":7,"relics_obtained":["Strawberry"],"max_hp_gain":0,"max_hp_loss":0,"event_name":"Scrap Ooze","floor":10,"gold_loss":0},{"damage_healed":0,"gold_gain":100,"player_choice":"Pray","damage_taken":0,"max_hp_gain":0,"max_hp_loss":0,"event_name":"Golden Shrine","floor":12,"gold_loss":0},{"damage_healed":0,"gold_gain":0,"player_choice":"Fought Bandits","damage_taken":0,"max_hp_gain":0,"max_hp_loss":0,"event_name":"Masked Bandits","floor":19,"gold_loss":0},{"damage_healed":0,"gold_gain":0,"player_choice":"Opened","damage_taken":0,"relics_obtained":["Mummified Hand"],"max_hp_gain":0,"max_hp_loss":0,"event_name":"The Mausoleum","floor":20,"gold_loss":0,"cards_obtained":["Writhe"]},{"damage_healed":0,"gold_gain":0,"player_choice":"Gave Potion","damage_taken":0,"relics_obtained":["Darkstone Periapt"],"max_hp_gain":0,"max_hp_loss":0,"event_name":"WeMeetAgain","floor":25,"gold_loss":0}],"is_beta":false,"boss_relics":[{"not_picked":["Orrery","Tiny House"],"picked":"Runic Pyramid"}],"items_purged_floors":[],"is_endless":false,"potions_floor_spawned":[7,14,19,22,24,29],"killed_by":"Cultist and Chosen","ascension_level":7}