{"gold_per_floor":[109,109,128,47,47,47,47,47,47,47,64,89,167,184,184,287,287,301,321,321,340,340,375,375,391,415,427,439,439],"floor_reached":29,"playtime":1083,"items_purged":[],"score":393,"play_id":"92f1f4b7-775a-4cdb-ba7a-419b07ac52f4","local_time":"20191007213852","is_ascension_mode":true,"campfire_choices":[{"data":"Body Slam","floor":6,"key":"SMITH"},{"data":"Inflame","floor":8,"key":"SMITH"},{"data":"Bash","floor":10,"key":"SMITH"},{"data":"Pummel","floor":15,"key":"SMITH"},{"data":"Double Tap","floor":24,"key":"SMITH"}],"neow_cost":"NONE","seed_source_timestamp":330103026820400,"circlet_count":0,"master_deck":["AscendersBane","Defend_R","Defend_R","Defend_R","Defend_R","Bash+1","Cleave","Inflame+1","Battle Trance","Body Slam+1","Thunderclap","Pummel+1","Double Tap+1","Pummel","Pommel Strike+1","Bite","Bite","Bite","Bite","Bite","Seeing Red","Rage+1"],"relics":["Burning Blood","Oddly Smooth Stone","FaceOfCleric","Happy Flower","Bottled Tornado","Letter Opener","Sozu","MutagenicStrength","Regal Pillow","Ancient Tea Set"],"potions_floor_usage":[16],"damage_taken":[{"damage":0,"enemies":"2 Louse","floor":1,"turns":4},{"damage":4,"enemies":"Cultist","floor":3,"turns":4},{"damage":0,"enemies":"Jaw Worm","floor":11,"turns":3},{"damage":8,"enemies":"Gremlin Nob","floor":12,"turns":3},{"damage":18,"enemies":"Exordium Wildlife","floor":14,"turns":4},{"damage":24,"enemies":"Slime Boss","floor":16,"turns":6},{"damage":9,"enemies":"3 Byrds","floor":18,"turns":4},{"damage":0,"enemies":"Chosen","floor":19,"turns":3},{"damage":6,"enemies":"3 Cultists","floor":21,"turns":3},{"damage":38,"enemies":"Book of Stabbing","floor":23,"turns":3},{"damage":16,"enemies":"Centurion and Healer","floor":25,"turns":3},{"damage":0,"enemies":"Snecko","floor":27,"turns":2},{"damage":18,"enemies":"Snake Plant","floor":28,"turns":2},{"damage":43,"enemies":"Slavers","floor":29,"turns":2}],"seed_played":"-3185650852161996241","potions_obtained":[{"floor":12,"key":"Explosive Potion"},{"floor":16,"key":"Dexterity Potion"}],"is_trial":false,"path_per_floor":["M","?","M","$","?","R","$","R","T","R","M","E","?","M","R","B",null,"M","M","?","M","?","E","R","M","T","M","M","E"],"character_chosen":"IRONCLAD","items_purchased":["Battle Trance","Body Slam"],"campfire_rested":0,"item_purchase_floors":[4,4],"current_hp_per_floor":[78,78,81,81,63,63,63,63,63,63,70,69,69,58,58,41,74,72,79,79,80,61,38,38,35,35,44,35,0],"gold":439,"neow_bonus":"RANDOM_COMMON_RELIC","is_prod":false,"is_daily":false,"chose_seed":false,"campfire_upgraded":5,"win_rate":0,"timestamp":1570502332,"path_taken":["M","?","?","$","?","R","?","R","T","R","M","E","?","M","R","BOSS","M","M","?","M","?","E","R","M","T","M","M","E"],"build_version":"2019-07-17","purchased_purges":0,"victory":false,"max_hp_per_floor":[80,80,81,81,81,81,81,81,81,81,82,83,83,84,84,85,85,86,87,87,88,61,62,62,63,63,64,65,65],"card_choices":[{"not_picked":["Heavy Blade","Sever Soul"],"picked":"Cleave","floor":1},{"not_picked":["Perfected Strike","Iron Wave"],"picked":"Inflame","floor":3},{"not_picked":["Hemokinesis","Headbutt"],"picked":"Thunderclap","floor":11},{"not_picked":["Reaper","Corruption"],"picked":"Pummel","floor":12},{"not_picked":["Second Wind","Warcry","Cleave"],"picked":"SKIP","floor":14},{"not_picked":["Barricade","Offering"],"picked":"Double Tap","floor":16},{"not_picked":["Rampage+1","Bloodletting"],"picked":"Pummel","floor":18},{"not_picked":["Anger","Warcry+1"],"picked":"Pommel Strike+1","floor":19},{"not_picked":["Heavy Blade","Rupture+1","Havoc"],"picked":"SKIP","floor":21},{"not_picked":["Uppercut","Pommel Strike"],"picked":"Seeing Red","floor":23},{"not_picked":["Evolve","Uppercut","Carnage"],"picked":"SKIP","floor":25},{"not_picked":["Cleave+1","Havoc+1","Warcry"],"picked":"SKIP","floor":27},{"not_picked":["Wild Strike","Blood for Blood+1"],"picked":"Rage+1","floor":28}],"player_experience":804487,"relics_obtained":[{"floor":9,"key":"Bottled Tornado"},{"floor":12,"key":"Letter Opener"},{"floor":23,"key":"Regal Pillow"},{"floor":26,"key":"Ancient Tea Set"}],"event_choices":[{"damage_healed":0,"gold_gain":0,"player_choice":"Trade","damage_taken":0,"relics_obtained":["FaceOfCleric"],"max_hp_gain":0,"max_hp_loss":0,"event_name":"FaceTrader","floor":2,"gold_loss":0},{"damage_healed":0,"gold_gain":0,"player_choice":"Success","damage_taken":18,"relics_obtained":["Happy Flower"],"max_hp_gain":0,"max_hp_loss":0,"event_name":"Scrap Ooze","floor":5,"gold_loss":0},{"damage_healed":0,"gold_gain":78,"player_choice":"Gained Gold","damage_taken":0,"max_hp_gain":0,"max_hp_loss":0,"event_name":"Golden Wing","floor":13,"gold_loss":0},{"damage_healed":0,"gold_gain":0,"player_choice":"Inject Mutagens","damage_taken":0,"relics_obtained":["MutagenicStrength"],"max_hp_gain":0,"max_hp_loss":0,"event_name":"Drug Dealer","floor":20,"gold_loss":0},{"damage_healed":0,"gold_gain":0,"player_choice":"Became a vampire","damage_taken":0,"max_hp_gain":0,"max_hp_loss":27,"event_name":"Vampires","floor":22,"gold_loss":0,"cards_obtained":["Bite","Bite","Bite","Bite","Bite"]}],"is_beta":false,"boss_relics":[{"not_picked":["Orrery","Empty Cage"],"picked":"Sozu"}],"items_purged_floors":[],"is_endless":false,"potions_floor_spawned":[12,16,18,19,23,28],"killed_by":"Slavers","ascension_level":10}