{"gold_per_floor":[15,29,48,48,68,68,83,99,99,132,132,59,76,1,1,103,103,120,45,60,0,0,0,34,49,118,133,66,66,66,66,66,165,165,184,229,229,12,23,37,37,47,47,80,180,180,180,209,209,209],"floor_reached":51,"playtime":4617,"items_purged":["Defend_B"],"score":1113,"play_id":"ae2a821f-c49a-455e-8513-66873b597ce8","local_time":"20191018154843","is_ascension_mode":true,"campfire_choices":[{"data":"Zap","floor":6.0,"key":"SMITH"},{"floor":11.0,"key":"REST"},{"data":"White Noise","floor":15.0,"key":"SMITH"},{"data":"Hologram","floor":23.0,"key":"SMITH"},{"data":"Recycle","floor":29.0,"key":"SMITH"},{"data":"Seek","floor":32.0,"key":"SMITH"},{"data":"Defragment","floor":41,"key":"SMITH"},{"data":"Defragment","floor":46,"key":"SMITH"},{"data":"Reboot","floor":49,"key":"SMITH"}],"neow_cost":"NO_GOLD","seed_source_timestamp":0,"circlet_count":0,"master_deck":["AscendersBane","Strike_B+1","Strike_B","Strike_B+1","Defend_B","Defend_B","Defend_B","Zap+1","Dualcast","BootSequence","Cold Snap","Hologram+1","Ball Lightning+1","Sweeping Beam+1","Glacier","Leap","White Noise+1","Leap","Seek+1","Defragment+1","Tempest","Undo+1","Reboot","Recycle+1","Electrodynamics","Defragment+1","Reboot+1","Ball Lightning+1","Conserve Battery+1","Injury","Consume+1","Chill","Doubt","Rainbow"],"special_seed":0,"relics":["Cracked Core","Dead Branch","Bird Faced Urn","Shuriken","Inserter","Singing Bowl","Pantograph","Letter Opener","Dodecahedron","Cursed Key","Mango","Whetstone","Symbiotic Virus","Unceasing Top","StoneCalendar","Frozen Egg 2","Juzu Bracelet"],"potions_floor_usage":[50,50,50],"damage_taken":[{"damage":0.0,"enemies":"Small Slimes","floor":1.0,"turns":3.0},{"damage":0.0,"enemies":"Jaw Worm","floor":2.0,"turns":3.0},{"damage":0.0,"enemies":"Cultist","floor":3.0,"turns":3.0},{"damage":8.0,"enemies":"Large Slime","floor":5.0,"turns":7.0},{"damage":0.0,"enemies":"Looter","floor":7.0,"turns":2.0},{"damage":0.0,"enemies":"Blue Slaver","floor":8.0,"turns":2.0},{"damage":20.0,"enemies":"3 Sentries","floor":10.0,"turns":5.0},{"damage":1.0,"enemies":"Gremlin Gang","floor":13.0,"turns":3.0},{"damage":14.0,"enemies":"The Guardian","floor":16.0,"turns":15.0},{"damage":11.0,"enemies":"2 Thieves","floor":18.0,"turns":4.0},{"damage":2.0,"enemies":"Chosen","floor":20.0,"turns":4.0},{"damage":25.0,"enemies":"Book of Stabbing","floor":24.0,"turns":7.0},{"damage":2.0,"enemies":"Centurion and Healer","floor":25.0,"turns":9.0},{"damage":18.0,"enemies":"Snecko","floor":27.0,"turns":7.0},{"damage":21.0,"enemies":"Champ","floor":33.0,"turns":15.0},{"damage":0,"enemies":"Orb Walker","floor":35,"turns":3},{"damage":6,"enemies":"2 Orb Walkers","floor":36,"turns":4},{"damage":19,"enemies":"3 Darklings","floor":39,"turns":3},{"damage":14,"enemies":"Transient","floor":40,"turns":5},{"damage":8,"enemies":"4 Shapes","floor":42,"turns":3},{"damage":0,"enemies":"Reptomancer","floor":44,"turns":5},{"damage":0,"enemies":"Mind Bloom Boss Battle","floor":45,"turns":6},{"damage":0,"enemies":"Nemesis","floor":48,"turns":5},{"damage":44,"enemies":"Awakened One","floor":50,"turns":9}],"seed_played":"1562247369861469073","potions_obtained":[{"floor":2.0,"key":"SkillPotion"},{"floor":3.0,"key":"SpeedPotion"},{"floor":5.0,"key":"Ancient Potion"},{"floor":8.0,"key":"Fruit Juice"},{"floor":13.0,"key":"Energy Potion"},{"floor":18.0,"key":"SpeedPotion"},{"floor":40,"key":"PowerPotion"},{"floor":45,"key":"Weak Potion"},{"floor":48,"key":"GamblersBrew"}],"is_trial":false,"path_per_floor":["M","M","M","?","M","R","M","M","T","E","R","$","M","$","R","B",null,"M","?","M","?","T","R","E","M","T","M","$","R","$","T","R","B",null,"M","?","?","$","M","M","R","M","T","E","?","R","T","E","R","B",null],"character_chosen":"DEFECT","items_purchased":["White Noise","Recycle","Defragment","Whetstone"],"campfire_rested":1,"item_purchase_floors":[12,28,38,38],"current_hp_per_floor":[68,68,68,53,45,45,45,50,50,32,56,56,55,55,55,43,71,64,64,66,66,66,66,47,59,59,43,43,43,43,43,43,57,76,84,94,94,94,81,75,75,73,73,83,100,100,100,100,100,56],"gold":209,"neow_bonus":"ONE_RARE_RELIC","is_prod":false,"is_daily":false,"chose_seed":false,"campfire_upgraded":8,"win_rate":0,"timestamp":1571431723,"path_taken":["M","M","M","?","M","R","M","M","T","E","R","$","M","?","R","BOSS","M","?","M","?","?","R","E","M","T","?","$","R","$","?","R","BOSS","M","?","?","?","M","M","R","?","T","E","?","R","?","E","R","BOSS"],"build_version":"2019-07-17","purchased_purges":1,"victory":true,"max_hp_per_floor":[75,75,75,75,75,75,75,80,80,80,80,80,80,80,80,80,80,80,80,80,80,80,80,82,82,82,82,82,82,82,82,82,82,82,84,100,100,100,100,100,100,100,100,100,100,100,100,100,100,100],"card_choices":[{"not_picked":["Leap","Genetic Algorithm"],"picked":"BootSequence","floor":1.0},{"not_picked":["Barrage","Consume"],"picked":"Cold Snap","floor":2.0},{"not_picked":["BootSequence","Glacier"],"picked":"Hologram","floor":3.0},{"not_picked":["Scrape","Darkness"],"picked":"Ball Lightning","floor":5.0},{"not_picked":["Coolheaded","Consume"],"picked":"Sweeping Beam","floor":7.0},{"not_picked":["Melter","Hello World"],"picked":"Glacier","floor":8.0},{"not_picked":["Hologram","Sunder"],"picked":"Leap","floor":10.0},{"not_picked":["Go for the Eyes","Static Discharge"],"picked":"Leap","floor":13.0},{"not_picked":["Multi-Cast","Biased Cognition"],"picked":"Seek","floor":16.0},{"not_picked":["Steam Power","Chaos"],"picked":"Defragment","floor":18.0},{"not_picked":["Leap","Ball Lightning"],"picked":"Tempest","floor":20.0},{"not_picked":["Static Discharge","Redo","Coolheaded"],"picked":"Singing Bowl","floor":24.0},{"not_picked":["Beam Cell","Darkness"],"picked":"Undo+1","floor":25.0},{"not_picked":["Ball Lightning","Glacier"],"picked":"Reboot","floor":27.0},{"not_picked":["Meteor Strike","Creative AI"],"picked":"Electrodynamics","floor":33.0},{"not_picked":["Hologram","Gash","Leap"],"picked":"Singing Bowl","floor":35},{"not_picked":["Storm+1","Steam+1","Beam Cell+1"],"picked":"Singing Bowl","floor":36},{"not_picked":["Hologram","Genetic Algorithm+1"],"picked":"Reboot","floor":39},{"not_picked":["Rip and Tear+1","Sunder+1"],"picked":"Ball Lightning+1","floor":40},{"not_picked":["Coolheaded","Stack"],"picked":"Conserve Battery+1","floor":42},{"not_picked":["Beam Cell+1","Hyperbeam"],"picked":"Consume+1","floor":44},{"not_picked":["Ball Lightning","Chaos+1"],"picked":"Chill","floor":45},{"not_picked":["Darkness+1","Beam Cell"],"picked":"Rainbow","floor":48}],"player_experience":875131,"relics_obtained":[{"floor":9.0,"key":"Bird Faced Urn"},{"floor":10.0,"key":"Shuriken"},{"floor":22.0,"key":"Singing Bowl"},{"floor":24.0,"key":"Pantograph"},{"floor":26.0,"key":"Letter Opener"},{"floor":31.0,"key":"Dodecahedron"},{"floor":36,"key":"Mango"},{"floor":43,"key":"Symbiotic Virus"},{"floor":44,"key":"Unceasing Top"},{"floor":45,"key":"StoneCalendar"},{"floor":47,"key":"Frozen Egg 2"},{"floor":48,"key":"Juzu Bracelet"}],"event_choices":[{"damage_healed":0.0,"max_hp_gain":0.0,"max_hp_loss":0.0,"gold_gain":0.0,"event_name":"Shining Light","player_choice":"Entered Light","floor":4.0,"gold_loss":0.0,"damage_taken":15.0,"cards_upgraded":["Strike_B","Strike_B"]},{"cards_removed":["Strike_B"],"damage_healed":0.0,"max_hp_gain":0.0,"max_hp_loss":0.0,"gold_gain":0.0,"event_name":"Beggar","player_choice":"Gave Gold","floor":19.0,"gold_loss":75.0,"damage_taken":0.0},{"damage_healed":0.0,"max_hp_gain":0.0,"max_hp_loss":0.0,"gold_gain":0.0,"event_name":"Masked Bandits","player_choice":"Paid Fearfully","floor":21.0,"gold_loss":60.0,"damage_taken":0.0},{"damage_healed":0,"gold_gain":0,"player_choice":"Fight","damage_taken":0,"max_hp_gain":0,"max_hp_loss":0,"event_name":"Mysterious Sphere","floor":36,"gold_loss":0},{"damage_healed":0,"gold_gain":0,"player_choice":"Ignored","damage_taken":0,"max_hp_gain":0,"max_hp_loss":0,"event_name":"Tomb of Lord Red Mask","floor":37,"gold_loss":0},{"damage_healed":0,"gold_gain":0,"player_choice":"Fight","damage_taken":0,"max_hp_gain":0,"max_hp_loss":0,"event_name":"MindBloom","floor":45,"gold_loss":0}],"is_beta":false,"boss_relics":[{"not_picked":["Velvet Choker","White Beast Statue"],"picked":"Inserter"},{"not_picked":["Runic Dome","Calling Bell"],"picked":"Cursed Key"}],"items_purged_floors":[14],"is_endless":false,"potions_floor_spawned":[2,3,5,8,13,18,20,40,45,48],"ascension_level":10}