{"path_per_floor":["M","M","M","M","$","E","R","?","T","M","?","R","M","M","R","B",null,"M","M","$","M","$","R","M","M","T","R","M","R","M","E","R"],"character_chosen":"IRONCLAD","items_purchased":["Frozen Egg 2","Clash"],"gold_per_floor":[112,131,150,168,168,202,202,202,229,249,249,249,261,277,277,372,372,390,400,160,180,157,157,171,191,191,191,211,211,231,262,262],"floor_reached":33,"campfire_rested":2,"playtime":2976,"current_hp_per_floor":[80,80,80,68,68,44,44,80,87,83,66,66,72,78,78,29,87,87,77,77,78,78,78,74,61,61,61,63,87,81,68,87],"items_purged":[],"gold":262,"score":273,"play_id":"50fc0198-89be-4062-a599-fbdf6664e7db","local_time":"20180310015820","is_prod":false,"is_daily":false,"is_ascension_mode":false,"campfire_upgraded":5,"timestamp":1520668700,"path_taken":["M","M","?","M","$","E","R","?","T","M","?","R","M","M","R","BOSS","M","M","$","M","$","R","M","M","T","R","M","R","M","E","R","BOSS"],"build_version":"2018-03-09","purchased_purges":2,"victory":false,"master_deck":["Strike_R","Strike_R","Strike_R","Strike_R","Strike_R","Defend_R+1","Defend_R","Defend_R","Defend_R+1","Bash","Offering","Double Tap+1","Flex+1","Flame Barrier+1","Heavy Blade+1","Armaments+1","Clash","Infernal Blade+1","Body Slam","Ghostly Armor"],"max_hp_per_floor":[80,80,80,80,80,80,80,80,87,87,87,87,87,87,87,87,87,87,87,87,87,87,87,87,87,87,87,87,87,87,87,87],"relics":["Burning Blood","Thread and Needle","Strawberry","Lizard Tail","Frozen Egg 2","The Courier","Orichalcum"],"card_choices":[{"not_picked":["Heavy Blade","Thunderclap"],"picked":"Double Tap"},{"not_picked":["Havoc","Rupture"],"picked":"Flex"},{"not_picked":["Rampage","Inflame"],"picked":"Flame Barrier"},{"not_picked":["Thunderclap","Pommel Strike"],"picked":"Heavy Blade"},{"not_picked":["Entrench","Headbutt"],"picked":"Armaments"},{"not_picked":["Dark Embrace","Armaments"],"picked":"Infernal Blade"},{"not_picked":["Warcry","Headbutt"],"picked":"Body Slam"},{"not_picked":["Fiend Fire","Body Slam"],"picked":"Ghostly Armor"}],"player_experience":112613,"potions_floor_usage":[6,16,21,24,28,33,33],"damage_taken":[{"damage":1,"enemies":"Cultist","floor":1,"turns":4},{"damage":5,"enemies":"Jaw Worm","floor":2,"turns":2},{"damage":0,"enemies":"Small Slimes","floor":3,"turns":3},{"damage":18,"enemies":"Blue Slaver","floor":4,"turns":7},{"damage":30,"enemies":"Gremlin Nob","floor":6,"turns":4},{"damage":10,"enemies":"Large Slime","floor":10,"turns":6},{"damage":0,"enemies":"2 Fungi Beasts","floor":13,"turns":4},{"damage":0,"enemies":"Blue Slaver","floor":14,"turns":4},{"damage":55,"enemies":"Hexaghost","floor":16,"turns":14},{"damage":4,"enemies":"Chosen","floor":18,"turns":5},{"damage":16,"enemies":"Spheric Guardian","floor":19,"turns":4},{"damage":5,"enemies":"Centurion and Healer","floor":21,"turns":5},{"damage":10,"enemies":"Snake Plant","floor":24,"turns":4},{"damage":19,"enemies":"Slaver and Parasite","floor":25,"turns":10},{"damage":4,"enemies":"Snecko","floor":28,"turns":5},{"damage":12,"enemies":"3 Cultists","floor":30,"turns":7},{"damage":19,"enemies":"Gremlin Leader","floor":31,"turns":5},{"damage":146,"enemies":"Collector","floor":33,"turns":14}],"event_choices":[{"event_name":"Wheel of Change","player_choice":"Full Heal","floor":8,"damage_taken":0},{"event_name":"Shining Light","player_choice":"Entered Light","floor":11,"damage_taken":0}],"boss_relics":[{"not_picked":["Ectoplasm","Question Card"],"picked":"Lizard Tail"}],"potions_floor_spawned":[1,3,10,13,14,21,25,28],"seed_played":"-2490310649768505573","killed_by":"Collector","ascension_level":0,"is_trial":false}