{"gold_per_floor":[116,116,128,142,158,158,191,191,214,214,289,305,405,417,417,516,516,534,484,175,175,61,91,91,104,104,114,29,29,29,57,57,154,154,168,14,14,14,14,14,34,51,74,74,0,0,33,33,33,33],"floor_reached":51,"playtime":3211,"items_purged":["Strike_R"],"score":1006,"play_id":"e0df690f-6ecb-4265-8532-72a9b822bbba","local_time":"20191003182728","is_ascension_mode":true,"campfire_choices":[{"data":"Clothesline","floor":6,"key":"SMITH"},{"data":"Heavy Blade","floor":8,"key":"SMITH"},{"floor":15,"key":"REST"},{"data":"Double Tap","floor":24,"key":"SMITH"},{"data":"Sword Boomerang","floor":29,"key":"SMITH"},{"data":"Good Instincts","floor":32,"key":"SMITH"},{"data":"Madness","floor":40,"key":"SMITH"},{"data":"Armaments","floor":44,"key":"SMITH"},{"data":"Ghostly Armor","floor":49,"key":"SMITH"}],"neow_cost":"NONE","seed_source_timestamp":2066317518700,"circlet_count":0,"master_deck":["Strike_R","Strike_R","Strike_R","Defend_R","Defend_R","Defend_R","Defend_R","Bash+1","Inflame+1","Shrug It Off","Clothesline+1","Heavy Blade+1","Demon Form","Intimidate","Double Tap+1","Sword Boomerang+1","Good Instincts+1","Armaments+1","Battle Trance","Bandage Up","Headbutt","Sword Boomerang+1","Ghostly Armor+1","Iron Wave","Twin Strike+1","Feed","Flame Barrier+1","Madness+1","Shrug It Off","Disarm+1"],"relics":["Burning Blood","Bronze Scales","Centennial Puzzle","Red Skull","Sozu","Orichalcum","Bottled Flame","Ornamental Fan","Omamori","Smiling Mask","Velvet Choker","Anchor","Dream Catcher","Red Mask","Art of War"],"potions_floor_usage":[4,7,16,33],"damage_taken":[{"damage":2,"enemies":"Jaw Worm","floor":1,"turns":4},{"damage":3,"enemies":"2 Louse","floor":3,"turns":3},{"damage":10,"enemies":"Small Slimes","floor":4,"turns":3},{"damage":3,"enemies":"Red Slaver","floor":5,"turns":5},{"damage":32,"enemies":"Lagavulin","floor":7,"turns":6},{"damage":15,"enemies":"Exordium Thugs","floor":12,"turns":4},{"damage":6,"enemies":"3 Louse","floor":14,"turns":3},{"damage":39,"enemies":"Slime Boss","floor":16,"turns":11},{"damage":7,"enemies":"3 Byrds","floor":18,"turns":3},{"damage":40,"enemies":"Gremlin Leader","floor":23,"turns":6},{"damage":2,"enemies":"Shell Parasite","floor":25,"turns":3},{"damage":5,"enemies":"Centurion and Healer","floor":27,"turns":4},{"damage":17,"enemies":"Book of Stabbing","floor":31,"turns":5},{"damage":37,"enemies":"Automaton","floor":33,"turns":8},{"damage":17,"enemies":"3 Darklings","floor":35,"turns":5},{"damage":0,"enemies":"Orb Walker","floor":41,"turns":2},{"damage":18,"enemies":"Sphere and 2 Shapes","floor":42,"turns":6},{"damage":7,"enemies":"Nemesis","floor":47,"turns":5},{"damage":54,"enemies":"Time Eater","floor":50,"turns":9}],"seed_played":"-8469748713481090900","potions_obtained":[{"floor":1,"key":"EssenceOfSteel"},{"floor":3,"key":"AttackPotion"},{"floor":4,"key":"Weak Potion"},{"floor":16,"key":"Dexterity Potion"}],"is_trial":false,"path_per_floor":["M","?","M","M","M","R","E","R","T","?","?","M","?","M","R","B",null,"M","?","$","?","$","E","R","M","T","M","?","R","?","E","R","B",null,"M","$","?","?","$","R","M","M","T","R","?","?","E","$","R","B",null],"character_chosen":"IRONCLAD","items_purchased":["Good Instincts","Orichalcum","Bandage Up","Headbutt","Anchor"],"campfire_rested":1,"item_purchase_floors":[20,20,22,22,36],"current_hp_per_floor":[76,76,79,75,78,78,52,52,52,52,41,32,32,32,56,23,66,65,65,65,65,65,35,35,43,43,48,48,48,48,41,41,14,64,57,57,57,57,57,57,63,58,58,58,58,58,61,61,61,20],"gold":33,"neow_bonus":"UPGRADE_CARD","is_prod":false,"is_daily":false,"chose_seed":false,"campfire_upgraded":8,"win_rate":0,"timestamp":1570145248,"path_taken":["M","?","M","M","M","R","E","R","T","?","?","M","?","M","R","BOSS","M","?","?","?","$","E","R","M","T","?","?","R","?","E","R","BOSS","M","$","?","?","$","R","M","?","T","R","?","?","E","?","R","BOSS"],"build_version":"2019-07-17","purchased_purges":1,"victory":true,"max_hp_per_floor":[80,80,80,80,80,80,80,80,80,80,80,80,80,80,80,80,80,80,80,80,80,80,80,80,80,80,80,80,80,80,80,80,80,80,80,80,80,80,80,80,80,83,83,83,83,83,83,83,83,86],"card_choices":[{"not_picked":["Rampage","Warcry"],"picked":"Inflame","floor":1},{"not_picked":["Sever Soul","Inflame"],"picked":"Shrug It Off","floor":3},{"not_picked":["Flex","Sentinel"],"picked":"Clothesline","floor":4},{"not_picked":["True Grit","Cleave"],"picked":"Heavy Blade","floor":5},{"not_picked":["Rage","Power Through"],"picked":"Demon Form","floor":7},{"not_picked":["Wild Strike","Perfected Strike"],"picked":"Intimidate","floor":12},{"not_picked":["Fire Breathing","Thunderclap","Havoc"],"picked":"SKIP","floor":14},{"not_picked":["Offering","Demon Form"],"picked":"Double Tap","floor":16},{"not_picked":["Dropkick","Armaments"],"picked":"Sword Boomerang+1","floor":18},{"not_picked":["Inflame","Sentinel"],"picked":"Sword Boomerang","floor":23},{"not_picked":["Uppercut+1","Blood for Blood"],"picked":"Ghostly Armor","floor":25},{"not_picked":["Warcry","Armaments+1"],"picked":"Iron Wave","floor":27},{"not_picked":["Carnage","Shrug It Off"],"picked":"Twin Strike+1","floor":31},{"not_picked":["Bludgeon","Dark Embrace"],"picked":"Feed","floor":33},{"not_picked":["Flex+1","Warcry"],"picked":"Flame Barrier+1","floor":35},{"not_picked":["HandOfGreed","Metamorphosis"],"picked":"Madness","floor":37},{"not_picked":["Corruption","Carnage+1"],"picked":"Shrug It Off","floor":41},{"not_picked":["Armaments","Anger+1"],"picked":"Disarm+1","floor":42},{"not_picked":["Twin Strike+1","Feed","Anger+1"],"picked":"SKIP","floor":47}],"player_experience":779182,"relics_obtained":[{"floor":7,"key":"Bronze Scales"},{"floor":9,"key":"Centennial Puzzle"},{"floor":23,"key":"Bottled Flame"},{"floor":26,"key":"Ornamental Fan"},{"floor":31,"key":"Smiling Mask"},{"floor":43,"key":"Dream Catcher"},{"floor":47,"key":"Art of War"}],"event_choices":[{"damage_healed":0,"gold_gain":0,"player_choice":"Grow","damage_taken":0,"max_hp_gain":0,"max_hp_loss":0,"event_name":"Living Wall","floor":2,"gold_loss":0,"cards_upgraded":["Inflame"]},{"damage_healed":0,"gold_gain":0,"player_choice":"Searched \u00271\u0027 times","damage_taken":0,"relics_obtained":["Red Skull"],"max_hp_gain":0,"max_hp_loss":0,"event_name":"Dead Adventurer","floor":10,"gold_loss":0},{"damage_healed":0,"gold_gain":75,"player_choice":"Gather Gold","damage_taken":11,"max_hp_gain":0,"max_hp_loss":0,"event_name":"World of Goop","floor":11,"gold_loss":0},{"damage_healed":0,"gold_gain":100,"player_choice":"Pray","damage_taken":0,"max_hp_gain":0,"max_hp_loss":0,"event_name":"Golden Shrine","floor":13,"gold_loss":0},{"damage_healed":0,"gold_gain":0,"player_choice":"Bet on Owner","damage_taken":0,"max_hp_gain":0,"max_hp_loss":0,"event_name":"The Joust","floor":19,"gold_loss":50},{"damage_healed":0,"gold_gain":0,"player_choice":"2 cards matched","damage_taken":0,"max_hp_gain":0,"max_hp_loss":0,"event_name":"Match and Keep!","floor":21,"gold_loss":0,"cards_obtained":["Armaments","Battle Trance"]},{"damage_healed":0,"gold_gain":0,"player_choice":"Obtained Relic","damage_taken":0,"relics_obtained":["Omamori"],"max_hp_gain":0,"max_hp_loss":0,"event_name":"Addict","floor":28,"gold_loss":85},{"damage_healed":0,"gold_gain":0,"player_choice":"Ignored","damage_taken":0,"max_hp_gain":0,"max_hp_loss":0,"event_name":"Ghosts","floor":30,"gold_loss":0},{"damage_healed":0,"gold_gain":0,"player_choice":"Memory 1","damage_taken":0,"max_hp_gain":0,"max_hp_loss":0,"event_name":"SensoryStone","floor":37,"gold_loss":0},{"cards_removed":["Strike_R"],"damage_healed":0,"gold_gain":0,"player_choice":"Offered Basic","damage_taken":0,"max_hp_gain":0,"max_hp_loss":0,"event_name":"Bonfire Elementals","floor":38,"gold_loss":0},{"damage_healed":0,"gold_gain":0,"player_choice":"Paid","damage_taken":0,"relics_obtained":["Red Mask"],"max_hp_gain":0,"max_hp_loss":0,"event_name":"Tomb of Lord Red Mask","floor":45,"gold_loss":74},{"damage_healed":0,"gold_gain":0,"player_choice":"Ignored","damage_taken":0,"max_hp_gain":0,"max_hp_loss":0,"event_name":"Mysterious Sphere","floor":46,"gold_loss":0}],"is_beta":false,"boss_relics":[{"not_picked":["White Beast Statue","Snecko Eye"],"picked":"Sozu"},{"not_picked":["Orrery","Mark of Pain"],"picked":"Velvet Choker"}],"items_purged_floors":[20],"is_endless":false,"potions_floor_spawned":[1,3,4,16,23,27,31,35,47],"ascension_level":9}