{"gold_per_floor":[114,17,27,40,60,60,88,88,114,146,187,199,222,251,263,371,383,413,435,447,479,511,523,535],"floor_reached":24,"playtime":2072,"items_purged":["Regret"],"score":339,"play_id":"4e405cbf-e019-4eaf-a3ec-d4859acaaa9e","local_time":"20191026210851","is_ascension_mode":true,"campfire_choices":[{"data":"Sunder","floor":6,"key":"SMITH"},{"data":"Zap","floor":8,"key":"SMITH"},{"data":"Redo","floor":12,"key":"SMITH"},{"floor":15,"key":"REST"},{"floor":23,"key":"REST"}],"neow_cost":"CURSE","seed_source_timestamp":1039515425037800,"circlet_count":0,"master_deck":["AscendersBane","Strike_B","Strike_B","Strike_B","Strike_B","Defend_B","Defend_B","Defend_B","Defend_B","Zap+1","Dualcast","Seek","Sunder+1","Steam","Redo+1","Sweeping Beam","Coolheaded","Conserve Battery","Rebound","Darkness","Reinforced Body","Seek","Sweeping Beam+1","Ball Lightning","Stack","Redo"],"relics":["Cracked Core","Art of War","MawBank","Lantern","Cursed Key"],"potions_floor_usage":[5,7,11,19,21,22],"damage_taken":[{"damage":3,"enemies":"Cultist","floor":1,"turns":3},{"damage":3,"enemies":"Jaw Worm","floor":3,"turns":3},{"damage":0,"enemies":"2 Louse","floor":4,"turns":2},{"damage":5,"enemies":"Large Slime","floor":5,"turns":8},{"damage":7,"enemies":"Gremlin Nob","floor":7,"turns":3},{"damage":0,"enemies":"3 Louse","floor":10,"turns":3},{"damage":12,"enemies":"Lagavulin","floor":11,"turns":4},{"damage":6,"enemies":"Looter","floor":13,"turns":2},{"damage":8,"enemies":"Exordium Thugs","floor":14,"turns":3},{"damage":25,"enemies":"Slime Boss","floor":16,"turns":8},{"damage":28,"enemies":"3 Byrds","floor":18,"turns":5},{"damage":11,"enemies":"Shell Parasite","floor":19,"turns":5},{"damage":1,"enemies":"3 Cultists","floor":21,"turns":5},{"damage":12,"enemies":"Centurion and Healer","floor":22,"turns":7},{"damage":39,"enemies":"Book of Stabbing","floor":24,"turns":5}],"seed_played":"-7594424285342064862","potions_obtained":[{"floor":3,"key":"FearPotion"},{"floor":5,"key":"Swift Potion"},{"floor":7,"key":"Fire Potion"},{"floor":13,"key":"Energy Potion"},{"floor":18,"key":"SkillPotion"},{"floor":19,"key":"AttackPotion"}],"is_trial":false,"path_per_floor":["M","$","M","M","M","R","E","R","T","M","E","R","M","M","R","B",null,"M","M","?","M","M","R","E"],"character_chosen":"DEFECT","items_purchased":["Steam"],"campfire_rested":2,"item_purchase_floors":[2],"current_hp_per_floor":[65,65,62,62,57,57,50,50,50,50,38,38,32,24,46,21,62,34,23,28,27,15,37,0],"gold":535,"neow_bonus":"THREE_RARE_CARDS","is_prod":false,"is_daily":false,"chose_seed":false,"campfire_upgraded":3,"win_rate":0,"timestamp":1572142131,"path_taken":["M","$","M","M","M","R","E","R","T","M","E","R","?","M","R","BOSS","M","M","?","?","?","R","E"],"build_version":"2019-07-17","purchased_purges":1,"victory":false,"max_hp_per_floor":[75,75,75,75,75,75,75,75,75,75,75,75,75,75,75,75,75,75,75,75,75,75,75,75],"card_choices":[{"not_picked":["All For One","Buffer"],"picked":"Seek","floor":0},{"not_picked":["Streamline","Self Repair"],"picked":"Sunder","floor":1},{"not_picked":["Chaos","Rip and Tear"],"picked":"Redo","floor":3},{"not_picked":["Steam","Coolheaded"],"picked":"Sweeping Beam","floor":4},{"not_picked":["Redo","White Noise"],"picked":"Coolheaded","floor":5},{"not_picked":["Recycle","Go for the Eyes"],"picked":"Conserve Battery","floor":7},{"not_picked":["Steam","Force Field"],"picked":"Rebound","floor":10},{"not_picked":["Barrage","Creative AI"],"picked":"Steam","floor":11},{"not_picked":["Go for the Eyes","Stack"],"picked":"Darkness","floor":13},{"not_picked":["Blizzard","Redo"],"picked":"Reinforced Body","floor":14},{"not_picked":["Meteor Strike","All For One"],"picked":"Seek","floor":16},{"not_picked":["Conserve Battery","Redo"],"picked":"Sweeping Beam+1","floor":18},{"not_picked":["Go for the Eyes","Barrage"],"picked":"Ball Lightning","floor":19},{"not_picked":["Recycle+1","Cold Snap"],"picked":"Stack","floor":21},{"not_picked":["Recycle","Streamline"],"picked":"Redo","floor":22}],"player_experience":934817,"relics_obtained":[{"floor":7,"key":"Art of War"},{"floor":9,"key":"MawBank"},{"floor":11,"key":"Lantern"}],"event_choices":[{"cards_removed":["Steam"],"damage_healed":5,"gold_gain":0,"player_choice":"Offered Common","damage_taken":0,"max_hp_gain":0,"max_hp_loss":0,"event_name":"Bonfire Elementals","floor":20,"gold_loss":0},{"cards_removed":["Steam"],"damage_healed":5,"gold_gain":0,"player_choice":"Offered Special","damage_taken":0,"max_hp_gain":0,"max_hp_loss":0,"event_name":"Bonfire Elementals","floor":20,"gold_loss":0}],"is_beta":false,"boss_relics":[{"not_picked":["FrozenCore","Tiny House"],"picked":"Cursed Key"}],"items_purged_floors":[2],"is_endless":false,"potions_floor_spawned":[3,5,7,13,18,19],"killed_by":"Book of Stabbing","ascension_level":12}