{"path_per_floor":["M","M","M","?","?","E","R","M","T","M","?","M","R","M","R","B",null,"M","$","?","M","$","R","M","R","T","?","M","M","M"],"character_chosen":"IRONCLAD","items_purchased":["Oddly Smooth Stone","Strawberry"],"gold_per_floor":[119,136,147,147,147,173,173,186,209,223,253,264,264,280,280,378,378,318,170,170,185,42,42,55,55,55,55,69,80,93],"floor_reached":31,"campfire_rested":1,"playtime":2365,"current_hp_per_floor":[80,80,80,73,78,56,56,60,60,58,58,60,60,62,90,37,95,87,87,87,81,88,88,76,76,76,76,58,51,22],"items_purged":[],"gold":93,"score":264,"play_id":"cb3eb790-07e8-4ae4-ae3f-f4efaddc61b6","local_time":"20180310200320","is_prod":false,"is_daily":false,"is_ascension_mode":false,"campfire_upgraded":4,"timestamp":1520733800,"path_taken":["M","M","M","?","?","E","R","?","T","M","?","M","R","M","R","BOSS","M","$","?","M","$","R","M","R","T","?","M","M","M","E"],"build_version":"2018-03-09","purchased_purges":1,"victory":false,"master_deck":["Strike_R+1","Strike_R","Strike_R","Strike_R","Strike_R","Defend_R","Defend_R","Defend_R","Defend_R","Bash+1","Brutality+1","Flame Barrier+1","Bloodletting","Armaments","Rupture","Shrug It Off+1","Hemokinesis+1","Carnage"],"max_hp_per_floor":[80,80,80,80,85,95,95,95,95,95,95,95,95,95,95,95,95,95,95,95,95,102,102,102,102,102,102,102,102,102],"relics":["Burning Blood","Gremlin Horn","Pear","Whetstone","Snecko Eye","Oddly Smooth Stone","Strawberry","Bottled Lightning"],"card_choices":[{"not_picked":["Warcry","Clothesline"],"picked":"Flame Barrier"},{"not_picked":["Seeing Red","Metallicize"],"picked":"Bloodletting"},{"not_picked":["Inflame","Whirlwind"],"picked":"Armaments"},{"not_picked":["Reckless Charge","Uppercut"],"picked":"Rupture"},{"not_picked":["Flex","Thunderclap"],"picked":"Shrug It Off"},{"not_picked":["Carnage","Clash"],"picked":"Hemokinesis"}],"player_experience":119640,"potions_floor_usage":[12,16,24],"damage_taken":[{"damage":0.0,"enemies":"2 Louse","floor":1.0,"turns":3.0},{"damage":2.0,"enemies":"Small Slimes","floor":2.0,"turns":4.0},{"damage":6.0,"enemies":"Jaw Worm","floor":3.0,"turns":5.0},{"damage":38.0,"enemies":"Gremlin Nob","floor":6.0,"turns":5.0},{"damage":2.0,"enemies":"Blue Slaver","floor":8.0,"turns":5.0},{"damage":8.0,"enemies":"Red Slaver","floor":10.0,"turns":4.0},{"damage":4,"enemies":"Large Slime","floor":12,"turns":5},{"damage":4,"enemies":"Blue Slaver","floor":14,"turns":5},{"damage":59,"enemies":"Hexaghost","floor":16,"turns":8},{"damage":14,"enemies":"2 Thieves","floor":18,"turns":4},{"damage":12,"enemies":"Shell Parasite","floor":21,"turns":5},{"damage":18,"enemies":"Cultist and Chosen","floor":24,"turns":8},{"damage":24,"enemies":"3 Cultists","floor":28,"turns":5},{"damage":13,"enemies":"Slaver and Parasite","floor":29,"turns":4},{"damage":35,"enemies":"Snecko","floor":30,"turns":6},{"damage":30,"enemies":"Gremlin Leader","floor":31,"turns":2}],"event_choices":[{"event_name":"Scrap Ooze","player_choice":"success","floor":4.0,"damage_taken":7.0},{"event_name":"Big Fish","player_choice":"Donut","floor":5.0,"damage_taken":0.0},{"event_name":"Dead Adventurer","player_choice":"Searched \u00272\u0027 times","floor":11,"damage_taken":0},{"event_name":"Vampires","player_choice":"Ignored","floor":20,"damage_taken":0},{"event_name":"The Library","player_choice":"Read","floor":27,"damage_taken":0}],"boss_relics":[{"not_picked":["Runic Dome","Astrolabe"],"picked":"Snecko Eye"}],"potions_floor_spawned":[2,3,16,21,24,29],"seed_played":"5083904731297568620","killed_by":"Gremlin Leader","ascension_level":0,"is_trial":false}