{"gold_per_floor":[115,132,147,80,80,113,113,130,130,130],"floor_reached":10,"playtime":370,"items_purged":[],"score":75,"play_id":"db7f9b25-c32e-4121-9049-1f37cb2138bf","local_time":"20181031210413","is_ascension_mode":true,"campfire_choices":[{"data":"Zap","floor":7,"key":"SMITH"}],"neow_cost":"NONE","seed_source_timestamp":672574706583098,"circlet_count":0,"master_deck":["Strike_B","Strike_B","Strike_B","Strike_B","Defend_B","Defend_B","Defend_B","Defend_B","Zap+1","Dualcast","Beam Cell","Heatsinks","Gash","Hello World","Self Repair","Electrodynamics","Stack"],"relics":["Cracked Core","Mummified Hand","Toxic Egg 2"],"potions_floor_usage":[],"damage_taken":[{"damage":1,"enemies":"Cultist","floor":1,"turns":3},{"damage":0,"enemies":"2 Louse","floor":2,"turns":1},{"damage":7,"enemies":"Jaw Worm","floor":3,"turns":4},{"damage":39,"enemies":"Gremlin Nob","floor":6,"turns":5},{"damage":6,"enemies":"Looter","floor":8,"turns":2},{"damage":41,"enemies":"Gremlin Gang","floor":10,"turns":3}],"seed_played":"-7773629521831060658","potions_obtained":[{"floor":8,"key":"Strength Potion"}],"is_trial":false,"path_per_floor":["M","M","M","$","?","E","R","M","T"],"character_chosen":"DEFECT","items_purchased":["Self Repair"],"campfire_rested":0,"item_purchase_floors":[4],"current_hp_per_floor":[74,74,67,67,72,40,40,41,41,0],"gold":130,"neow_bonus":"THREE_CARDS","is_prod":false,"is_daily":false,"chose_seed":false,"campfire_upgraded":1,"win_rate":0,"timestamp":1541037853,"path_taken":["M","M","M","$","?","E","R","M","T","M"],"build_version":"2018-10-25v2","purchased_purges":0,"victory":false,"max_hp_per_floor":[75,75,75,75,80,80,80,80,80,80],"card_choices":[{"not_picked":["Blizzard","Coolheaded"],"picked":"Beam Cell","floor":0},{"not_picked":["Turbo","Rebound"],"picked":"Heatsinks","floor":1},{"not_picked":["Chill","Go for the Eyes"],"picked":"Gash","floor":2},{"not_picked":["Hologram","Turbo"],"picked":"Hello World","floor":3},{"not_picked":["Conserve Battery","Storm"],"picked":"Electrodynamics","floor":6},{"not_picked":["Fusion","Turbo"],"picked":"Stack","floor":8}],"player_experience":468822,"relics_obtained":[{"floor":6,"key":"Mummified Hand"},{"floor":9,"key":"Toxic Egg 2"}],"event_choices":[{"damage_healed":0,"gold_gain":0,"player_choice":"Donut","damage_taken":0,"max_hp_gain":5,"max_hp_loss":0,"event_name":"Big Fish","floor":5,"gold_loss":0}],"is_beta":false,"boss_relics":[],"items_purged_floors":[],"is_endless":false,"potions_floor_spawned":[8],"killed_by":"Gremlin Gang","ascension_level":2}