{"gold_per_floor":[115,126,10,28,40,51,79,79,105,120,137,137,62,82,82,178,178,191,201,215,75,75,100,100,119,119,119,136,154,29,42,42,142,142,160,180,180,193,193,193,212,212,212,1,1,19,19,36,36,36],"floor_reached":50,"playtime":3782,"items_purged":["Defend_B","Strike_B","Defend_B"],"score":522,"play_id":"b1de4439-be62-4802-8f03-fef333458f79","local_time":"20180908193342","is_ascension_mode":false,"campfire_choices":[{"data":"Defragment","floor":8,"key":"SMITH"},{"data":"Redo","floor":15,"key":"SMITH"},{"data":"Dualcast","floor":24,"key":"SMITH"},{"data":"Auto Shields","floor":27,"key":"SMITH"},{"data":"Genetic Algorithm","floor":32,"key":"SMITH"},{"data":"Thunder Strike","floor":40,"key":"SMITH"},{"data":"Leap","floor":42,"key":"SMITH"},{"data":"Panache","floor":45,"key":"SMITH"},{"data":"Glacier","floor":47,"key":"SMITH"},{"data":"Conserve Battery","floor":49,"key":"SMITH"}],"neow_cost":"NONE","seed_source_timestamp":522066541664181,"circlet_count":0,"master_deck":["Strike_B","Strike_B","Defend_B","Defend_B","Zap+1","Dualcast+1","Gash","Conserve Battery+1","FTL","Ball Lightning","Defragment+1","Glacier+1","Redo+1","Gash","Electrodynamics","Leap+1","Scrape","Auto Shields+1","FTL","Genetic Algorithm+1","Thunder Strike+1","Leap+1","Tempest","Panache+1","White Noise+1"],"relics":["Cracked Core","Nunchaku","PreservedInsect","Eternal Feather","Ancient Tea Set","Ornamental Fan","Black Star","Du-Vu Doll","Blue Candle"],"potions_floor_usage":[7,16,23,33,36,41,50,50],"damage_taken":[{"damage":0,"enemies":"Cultist","floor":1,"turns":3},{"damage":0,"enemies":"Jaw Worm","floor":2,"turns":3},{"damage":0,"enemies":"Small Slimes","floor":4,"turns":3},{"damage":0,"enemies":"3 Louse","floor":5,"turns":2},{"damage":9,"enemies":"Large Slime","floor":6,"turns":5},{"damage":16,"enemies":"Lagavulin","floor":7,"turns":5},{"damage":12,"enemies":"Exordium Wildlife","floor":10,"turns":4},{"damage":0,"enemies":"2 Fungi Beasts","floor":11,"turns":3},{"damage":5,"enemies":"Looter","floor":14,"turns":3},{"damage":0,"enemies":"Slime Boss","floor":16,"turns":9},{"damage":5,"enemies":"Chosen","floor":18,"turns":3},{"damage":3,"enemies":"Shell Parasite","floor":19,"turns":5},{"damage":18,"enemies":"Snake Plant","floor":20,"turns":3},{"damage":11,"enemies":"Gremlin Leader","floor":23,"turns":4},{"damage":20,"enemies":"Shelled Parasite and Fungi","floor":25,"turns":6},{"damage":0,"enemies":"Centurion and Healer","floor":28,"turns":5},{"damage":1,"enemies":"Snake Plant","floor":29,"turns":3},{"damage":0,"enemies":"3 Cultists","floor":31,"turns":4},{"damage":56,"enemies":"Collector","floor":33,"turns":13},{"damage":11,"enemies":"Orb Walker","floor":35,"turns":3},{"damage":16,"enemies":"3 Darklings","floor":36,"turns":4},{"damage":14,"enemies":"Mind Bloom Boss Battle","floor":37,"turns":6},{"damage":26,"enemies":"4 Shapes","floor":38,"turns":3},{"damage":0,"enemies":"Transient","floor":41,"turns":5},{"damage":17,"enemies":"3 Darklings","floor":46,"turns":4},{"damage":0,"enemies":"Reptomancer","floor":48,"turns":4},{"damage":66,"enemies":"Awakened One","floor":50,"turns":7}],"seed_played":"5005283121436403825","potions_obtained":[{"floor":6,"key":"PowerPotion"},{"floor":7,"key":"Ancient Potion"},{"floor":11,"key":"EssenceOfSteel"},{"floor":14,"key":"Explosive Potion"},{"floor":19,"key":"FocusPotion"},{"floor":31,"key":"EssenceOfSteel"},{"floor":33,"key":"Explosive Potion"},{"floor":36,"key":"Fire Potion"},{"floor":41,"key":"Strength Potion"}],"is_trial":false,"path_per_floor":["M","M","$","M","M","M","E","R","T","M","M","?","$","M","R","B",null,"M","M","M","$","?","E","R","M","T","R","M","M","$","M","R","B",null,"M","M","?","M","?","R","M","R","T","$","R","M","R","M","R"],"character_chosen":"DEFECT","items_purchased":["FTL","Ball Lightning","FTL","Panache"],"campfire_rested":0,"item_purchase_floors":[3,3,21,44],"current_hp_per_floor":[75,75,75,75,75,66,50,50,50,38,38,38,38,33,33,33,75,70,67,49,49,74,63,75,55,55,67,67,66,66,66,75,19,75,64,48,34,8,66,66,66,66,66,66,66,49,64,64,66,0],"gold":36,"neow_bonus":"UPGRADE_CARD","is_prod":false,"is_daily":false,"chose_seed":false,"campfire_upgraded":10,"win_rate":0.0,"timestamp":1536453222,"path_taken":["M","M","$","?","M","M","E","R","T","M","M","?","$","M","R","BOSS","M","M","M","$","?","E","R","M","T","R","?","M","$","M","R","BOSS","M","M","?","M","?","R","M","R","T","$","R","?","R","?","R","BOSS"],"build_version":"2018-09-06","purchased_purges":3,"victory":false,"max_hp_per_floor":[75,75,75,75,75,75,75,75,75,75,75,75,75,75,75,75,75,75,75,75,75,75,75,75,75,75,75,75,75,75,75,75,75,75,75,75,75,75,66,66,66,66,66,66,66,66,66,66,66,66],"card_choices":[{"not_picked":["Streamline","Lockon"],"picked":"Gash","floor":1},{"not_picked":["Undo","Capacitor"],"picked":"Conserve Battery","floor":2},{"not_picked":["Ball Lightning","Conserve Battery","Scrape"],"picked":"SKIP","floor":4},{"not_picked":["Compile Driver","Stack","Rebound"],"picked":"SKIP","floor":5},{"not_picked":["Recycle","Hello World","Go for the Eyes"],"picked":"SKIP","floor":6},{"not_picked":["Cold Snap","Core Surge"],"picked":"Defragment","floor":7},{"not_picked":["Fusion","Compile Driver"],"picked":"Glacier","floor":10},{"not_picked":["Redo","Go for the Eyes","Rebound"],"picked":"SKIP","floor":11},{"not_picked":["Coolheaded","Chaos"],"picked":"Gash","floor":14},{"not_picked":["Reboot","Multi-Cast"],"picked":"Electrodynamics","floor":16},{"not_picked":["Glacier","Rebound+1"],"picked":"Leap","floor":18},{"not_picked":["Storm","Compile Driver"],"picked":"Scrape","floor":19},{"not_picked":["Steam Power","Rebound"],"picked":"Auto Shields","floor":20},{"not_picked":["Cold Snap","Rip and Tear","Compile Driver"],"picked":"SKIP","floor":23},{"not_picked":["Cold Snap","Heatsinks","Redo"],"picked":"SKIP","floor":25},{"not_picked":["Rip and Tear","Steam Power","Turbo+1"],"picked":"SKIP","floor":28},{"not_picked":["Stack","Hello World","Redo"],"picked":"SKIP","floor":29},{"not_picked":["Beam Cell","Chaos"],"picked":"Genetic Algorithm","floor":31},{"not_picked":["Machine Learning","Rainbow"],"picked":"Thunder Strike","floor":33},{"not_picked":["Ball Lightning+1","Cold Snap","Leap"],"picked":"SKIP","floor":35},{"not_picked":["Redo+1","Reprogram"],"picked":"Leap+1","floor":36},{"not_picked":["Chill","Barrage"],"picked":"Tempest","floor":37},{"not_picked":["Barrage","Streamline+1","Sweeping Beam"],"picked":"SKIP","floor":38},{"not_picked":["Leap","FTL+1","Rebound+1"],"picked":"SKIP","floor":41},{"not_picked":["Redo+1","Doom and Gloom"],"picked":"White Noise+1","floor":46},{"not_picked":["Conserve Battery","Reprogram","Leap+1"],"picked":"SKIP","floor":48}],"player_experience":311070,"relics_obtained":[{"floor":7,"key":"Nunchaku"},{"floor":9,"key":"PreservedInsect"},{"floor":23,"key":"Ancient Tea Set"},{"floor":26,"key":"Ornamental Fan"},{"floor":37,"key":"Du-Vu Doll"},{"floor":43,"key":"Blue Candle"}],"event_choices":[{"event_name":"Transmorgrifier","player_choice":"Transform","floor":12,"damage_taken":0},{"event_name":"The Library","player_choice":"Heal","floor":22,"damage_taken":0},{"event_name":"MindBloom","player_choice":"Fight","floor":37,"damage_taken":0},{"event_name":"The Moai Head","player_choice":"Heal","floor":39,"damage_taken":0}],"is_beta":false,"boss_relics":[{"not_picked":["Snecko Eye","Orrery"],"picked":"Eternal Feather"},{"not_picked":["Inserter","Calling Bell"],"picked":"Black Star"}],"items_purged_floors":[13,21,30],"is_endless":false,"potions_floor_spawned":[6,7,11,14,19,20,31,33,36,41,48],"killed_by":"Awakened One","ascension_level":0}