{"gold_per_floor":[110,285,58,70,70,70,82,82,105,105,105,122,122,132,132,233,233,243,243,24,21,21],"floor_reached":22,"playtime":855,"items_purged":["Doubt"],"score":261,"play_id":"a62847c7-2dd1-4644-8f36-31ac8191d071","local_time":"20190424230250","is_ascension_mode":true,"campfire_choices":[{"floor":6,"key":"REST"},{"data":"Zap","floor":8,"key":"SMITH"},{"data":"Self Repair","floor":11,"key":"SMITH"},{"data":"Core Surge","floor":13,"key":"SMITH"},{"data":"Redo","floor":15,"key":"SMITH"}],"neow_cost":"NONE","seed_source_timestamp":299902596264853,"circlet_count":0,"master_deck":["AscendersBane","Strike_B","Strike_B","Strike_B+1","Strike_B","Defend_B","Defend_B","Defend_B","Zap+1","Dualcast+1","Leap","Self Repair+1","Core Surge+1","Redo+1","Meteor Strike","Darkness","Self Repair+1"],"relics":["Cracked Core","NeowsBlessing","Art of War","Boot","Pen Nib","Velvet Choker","Ancient Tea Set"],"potions_floor_usage":[16,22],"damage_taken":[{"damage":0,"enemies":"Cultist","floor":1,"turns":1},{"damage":0,"enemies":"Jaw Worm","floor":4,"turns":1},{"damage":0,"enemies":"2 Louse","floor":7,"turns":1},{"damage":3,"enemies":"Blue Slaver","floor":12,"turns":3},{"damage":19,"enemies":"Large Slime","floor":14,"turns":5},{"damage":33,"enemies":"The Guardian","floor":16,"turns":15},{"damage":2,"enemies":"Chosen","floor":18,"turns":4},{"damage":38,"enemies":"2 Thieves","floor":21,"turns":4},{"damage":47,"enemies":"3 Cultists","floor":22,"turns":4}],"seed_played":"-6771493910484643794","potions_obtained":[{"floor":4,"key":"Swift Potion"},{"floor":7,"key":"Regen Potion"},{"floor":14,"key":"Strength Potion"},{"floor":18,"key":"EssenceOfSteel"}],"is_trial":false,"path_per_floor":["M","?","$","M","?","R","M","R","T","?","R","M","R","M","R","B",null,"M","?","$","M","M"],"character_chosen":"DEFECT","items_purchased":["Art of War","Darkness","Ancient Tea Set"],"campfire_rested":1,"item_purchase_floors":[3,20,20],"current_hp_per_floor":[68,68,68,68,53,75,75,75,75,68,68,75,75,66,66,53,70,75,75,75,47,0],"gold":21,"neow_bonus":"THREE_ENEMY_KILL","is_prod":false,"is_daily":false,"chose_seed":false,"campfire_upgraded":4,"win_rate":0,"timestamp":1556164970,"path_taken":["M","?","$","M","?","R","?","R","T","?","R","M","R","M","R","BOSS","M","?","$","M","M"],"build_version":"2019-01-23","purchased_purges":1,"victory":false,"max_hp_per_floor":[75,75,75,75,75,75,75,75,75,75,75,75,75,75,75,75,75,75,75,75,75,75],"card_choices":[{"not_picked":["Turbo","Gash"],"picked":"Leap","floor":1},{"not_picked":["Go for the Eyes","Barrage"],"picked":"Self Repair","floor":4},{"not_picked":["Barrage","Streamline","Conserve Battery"],"picked":"SKIP","floor":7},{"not_picked":["Consume","Heatsinks"],"picked":"Core Surge","floor":12},{"not_picked":["Beam Cell","Barrage"],"picked":"Redo","floor":14},{"not_picked":["All For One","Amplify"],"picked":"Meteor Strike","floor":16},{"not_picked":["Go for the Eyes+1","Melter","Leap"],"picked":"SKIP","floor":18},{"not_picked":["Heatsinks","Consume"],"picked":"Self Repair+1","floor":21}],"player_experience":532933,"relics_obtained":[{"floor":9,"key":"Boot"}],"event_choices":[{"damage_healed":0,"gold_gain":175,"player_choice":"AGREE","damage_taken":0,"max_hp_gain":0,"max_hp_loss":0,"event_name":"Liars Game","floor":2,"gold_loss":0,"cards_obtained":["Doubt"]},{"damage_healed":0,"gold_gain":0,"player_choice":"Entered Light","damage_taken":15,"max_hp_gain":0,"max_hp_loss":0,"event_name":"Shining Light","floor":5,"gold_loss":0,"cards_upgraded":["Dualcast","Strike_B"]},{"damage_healed":0,"gold_gain":0,"player_choice":"Success","damage_taken":7,"relics_obtained":["Pen Nib"],"max_hp_gain":0,"max_hp_loss":0,"event_name":"Scrap Ooze","floor":10,"gold_loss":0},{"cards_removed":["Defend_B"],"damage_healed":0,"gold_gain":0,"player_choice":"Purged","damage_taken":0,"max_hp_gain":0,"max_hp_loss":0,"event_name":"Purifier","floor":19,"gold_loss":0}],"is_beta":false,"boss_relics":[{"not_picked":["Busted Crown","White Beast Statue"],"picked":"Velvet Choker"}],"items_purged_floors":[3],"is_endless":false,"potions_floor_spawned":[4,7,14,18],"killed_by":"3 Cultists","ascension_level":10}