{"gold_per_floor":[119,294,219,236,136,152,152,173,173,173,173,216,237,237],"floor_reached":14,"playtime":421,"items_purged":["Doubt","Defend_R"],"score":90,"play_id":"3320b9b8-669a-4a8d-b7fc-51535c412e71","local_time":"20190423015917","is_ascension_mode":false,"campfire_choices":[{"data":"Pommel Strike","floor":11,"key":"SMITH"}],"neow_cost":"NONE","seed_source_timestamp":138112028748150,"circlet_count":0,"master_deck":["Strike_R","Strike_R","Strike_R","Strike_R","Defend_R","Defend_R","Defend_R","Bash","Pommel Strike+1","Injury"],"relics":["Lizard Tail","Golden Idol","Regal Pillow","Blue Candle"],"potions_floor_usage":[14],"damage_taken":[{"damage":4,"enemies":"2 Louse","floor":1,"turns":4},{"damage":5,"enemies":"Small Slimes","floor":4,"turns":3},{"damage":13,"enemies":"Jaw Worm","floor":6,"turns":3},{"damage":16,"enemies":"Lots of Slimes","floor":8,"turns":5},{"damage":44,"enemies":"Gremlin Nob","floor":12,"turns":5},{"damage":5,"enemies":"Looter","floor":13,"turns":4},{"damage":50,"enemies":"Lagavulin","floor":14,"turns":6}],"seed_played":"-7005472013673279534","potions_obtained":[{"floor":6,"key":"EssenceOfSteel"},{"floor":8,"key":"GamblersBrew"}],"is_trial":false,"path_per_floor":["M","?","$","M","$","M","?","M","T","?","R","E","M","E"],"character_chosen":"IRONCLAD","items_purchased":[],"campfire_rested":0,"item_purchase_floors":[],"current_hp_per_floor":[76,76,76,71,71,58,58,42,42,42,42,40,35,0],"gold":237,"neow_bonus":"BOSS_RELIC","is_prod":false,"is_daily":false,"chose_seed":false,"campfire_upgraded":1,"win_rate":0,"timestamp":1556002757,"path_taken":["M","?","$","M","$","M","?","M","T","?","R","E","M","E"],"build_version":"2019-01-23","purchased_purges":2,"victory":false,"max_hp_per_floor":[80,80,80,80,80,80,80,80,80,80,80,80,80,80],"card_choices":[{"not_picked":["Sever Soul","Twin Strike"],"picked":"Pommel Strike","floor":1},{"not_picked":["Clash","Iron Wave","True Grit"],"picked":"SKIP","floor":4},{"not_picked":["Perfected Strike","Flex","Inflame"],"picked":"SKIP","floor":6},{"not_picked":["Cleave","Disarm","Ghostly Armor"],"picked":"SKIP","floor":8},{"not_picked":["Headbutt","Uppercut","Burning Pact"],"picked":"SKIP","floor":12},{"not_picked":["Armaments","Inflame","Bludgeon"],"picked":"SKIP","floor":13}],"player_experience":499089,"relics_obtained":[{"floor":9,"key":"Regal Pillow"},{"floor":12,"key":"Blue Candle"}],"event_choices":[{"damage_healed":0,"gold_gain":175,"player_choice":"AGREE","damage_taken":0,"max_hp_gain":0,"max_hp_loss":0,"event_name":"Liars Game","floor":2,"gold_loss":0,"cards_obtained":["Doubt"]},{"damage_healed":0,"gold_gain":0,"player_choice":"Take Wound","damage_taken":0,"relics_obtained":["Golden Idol"],"max_hp_gain":0,"max_hp_loss":0,"event_name":"Golden Idol","floor":7,"gold_loss":0,"cards_obtained":["Injury"]},{"cards_removed":["Strike_R"],"damage_healed":0,"gold_gain":0,"player_choice":"Forget","damage_taken":0,"max_hp_gain":0,"max_hp_loss":0,"event_name":"Living Wall","floor":10,"gold_loss":0}],"is_beta":false,"boss_relics":[],"items_purged_floors":[3,5],"is_endless":false,"potions_floor_spawned":[6,8],"killed_by":"Lagavulin","ascension_level":0}