{"gold_per_floor":[109,128,128,93,107,107,134,134,134,159,18,38,49,49,49,128,128,138,156,156,27,41,69,69,69,96,110,85,98,46,81,81,160,160,177,228,67,167,167,197,207,241,287,313,328,118,151,164,164,164],"floor_reached":51,"playtime":5468,"items_purged":["Cleave"],"score":1620,"play_id":"9e380dfb-e344-4a4e-a059-e75f05e20d5c","local_time":"20190501031854","is_ascension_mode":true,"campfire_choices":[{"floor":6.0,"key":"REST"},{"floor":8.0,"key":"REST"},{"data":"Armaments","floor":15.0,"key":"SMITH"},{"data":"Demon Form","floor":25.0,"key":"SMITH"},{"data":"Pommel Strike","floor":32.0,"key":"SMITH"},{"floor":49,"key":"DIG"}],"neow_cost":"NONE","seed_source_timestamp":828798444636448,"circlet_count":0,"master_deck":["AscendersBane","Bash","Inflame+1","Battle Trance","Carnage","Carnage","Armaments+1","Reaper","Exhume+1","Ghostly Armor","Havoc","Demon Form+1","Impervious+1","Brutality","Barricade","Spot Weakness","Dropkick","Body Slam+1","Shockwave","Metallicize","Dropkick","Dual Wield+1","Rupture","Pommel Strike+1","Dark Embrace","Shrug It Off","Sword Boomerang","Feed","Pommel Strike+1","Shrug It Off+1","Feed","Combust","Juggernaut","Sadistic Nature","Offering","Metallicize+1"],"special_seed":0,"relics":["Mark of Pain","Pantograph","Mummified Hand","Smiling Mask","Pandora\u0027s Box","Enchiridion","Gambling Chip","Juzu Bracelet","Centennial Puzzle","Snecko Eye","Shovel","Bird Faced Urn","Singing Bowl","Omamori","Red Skull","Dodecahedron","War Paint","Bag of Preparation","Boot"],"potions_floor_usage":[36,40,47,50],"damage_taken":[{"damage":4.0,"enemies":"Small Slimes","floor":1.0,"turns":3.0},{"damage":14.0,"enemies":"Jaw Worm","floor":2.0,"turns":4.0},{"damage":0.0,"enemies":"Cultist","floor":5.0,"turns":2.0},{"damage":35.0,"enemies":"Gremlin Nob","floor":7.0,"turns":4.0},{"damage":25.0,"enemies":"3 Sentries","floor":10.0,"turns":8.0},{"damage":0.0,"enemies":"2 Fungi Beasts","floor":12.0,"turns":2.0},{"damage":6.0,"enemies":"Looter","floor":13.0,"turns":2.0},{"damage":36.0,"enemies":"The Guardian","floor":16.0,"turns":7.0},{"damage":14.0,"enemies":"2 Thieves","floor":18.0,"turns":3.0},{"damage":25.0,"enemies":"Chosen","floor":19.0,"turns":4.0},{"damage":0.0,"enemies":"Snake Plant","floor":22.0,"turns":1.0},{"damage":7.0,"enemies":"Book of Stabbing","floor":23.0,"turns":3.0},{"damage":25.0,"enemies":"Chosen and Byrds","floor":27.0,"turns":7.0},{"damage":1.0,"enemies":"Cultist and Chosen","floor":29.0,"turns":3.0},{"damage":32.0,"enemies":"Gremlin Leader","floor":31.0,"turns":5.0},{"damage":42,"enemies":"Automaton","floor":33,"turns":8},{"damage":17,"enemies":"3 Shapes","floor":35,"turns":3},{"damage":22,"enemies":"2 Orb Walkers","floor":36,"turns":2},{"damage":6,"enemies":"Mind Bloom Boss Battle","floor":38,"turns":5},{"damage":19,"enemies":"Reptomancer","floor":40,"turns":4},{"damage":2,"enemies":"Orb Walker","floor":41,"turns":2},{"damage":20,"enemies":"Nemesis","floor":42,"turns":3},{"damage":12,"enemies":"Giant Head","floor":44,"turns":4},{"damage":7,"enemies":"3 Darklings","floor":45,"turns":2},{"damage":52,"enemies":"Reptomancer","floor":47,"turns":5},{"damage":13,"enemies":"Transient","floor":48,"turns":6},{"damage":72,"enemies":"Time Eater","floor":50,"turns":4}],"seed_played":"-3161014818634090542","potions_obtained":[{"floor":2.0,"key":"Energy Potion"},{"floor":10.0,"key":"Regen Potion"},{"floor":12.0,"key":"Regen Potion"},{"floor":18.0,"key":"AttackPotion"},{"floor":27.0,"key":"Poison Potion"},{"floor":29.0,"key":"GamblersBrew"},{"floor":36,"key":"Explosive Potion"},{"floor":41,"key":"EssenceOfSteel"},{"floor":47,"key":"PowerPotion"}],"is_trial":false,"path_per_floor":["M","M","?","?","M","R","E","R","T","E","$","M","M","?","R","B",null,"M","M","?","$","M","E","?","R","T","M","$","M","$","E","R","B",null,"M","?","$","?","?","E","M","E","T","E","M","$","E","M","R","B",null],"character_chosen":"IRONCLAD","items_purchased":["Carnage","Armaments","Metallicize","Pommel Strike","Shrug It Off","Feed","Combust","War Paint","PowerPotion"],"campfire_rested":2,"item_purchase_floors":[11,11,21,28,30,37,37,46,46],"current_hp_per_floor":[64,50,27,45,45,67,32,54,54,29,29,29,23,23,23,63,72,75,60,39,39,39,59,59,59,59,75,75,74,74,75,75,75,75,74,83,83,82,72,84,87,86,86,94,101,101,98,109,109,51],"gold":164,"neow_bonus":"BOSS_RELIC","is_prod":false,"is_daily":false,"chose_seed":false,"campfire_upgraded":3,"win_rate":0,"timestamp":1556698734,"path_taken":["M","M","?","?","M","R","E","R","T","E","$","M","M","?","R","BOSS","M","?","?","$","M","E","?","R","T","M","?","M","$","E","R","BOSS","M","?","$","?","?","E","M","E","T","E","M","$","E","M","R","BOSS"],"build_version":"2019-01-23","purchased_purges":1,"victory":true,"max_hp_per_floor":[75,75,75,75,75,75,75,75,75,75,75,75,75,75,75,75,75,75,75,75,75,75,75,75,75,75,75,75,75,75,75,75,75,75,83,83,83,86,86,86,88,93,93,96,101,101,103,109,109,112],"card_choices":[{"not_picked":["True Grit","Headbutt"],"picked":"Inflame","floor":1.0},{"not_picked":["Wild Strike","Clash"],"picked":"Battle Trance","floor":2.0},{"not_picked":["Havoc","Searing Blow","Headbutt"],"picked":"SKIP","floor":5.0},{"not_picked":["Wild Strike","Reckless Charge","Bloodletting"],"picked":"SKIP","floor":7.0},{"not_picked":["Shrug It Off","Clash"],"picked":"Carnage","floor":10.0},{"not_picked":["Body Slam","Clash"],"picked":"Cleave","floor":12.0},{"not_picked":["Pommel Strike","Anger"],"picked":"Reaper","floor":13.0},{"not_picked":["Barricade","Juggernaut"],"picked":"Exhume","floor":16.0},{"not_picked":["Flex","Perfected Strike"],"picked":"Body Slam+1","floor":18.0},{"not_picked":["Perfected Strike","Whirlwind"],"picked":"Shockwave","floor":19.0},{"not_picked":["Cleave","Anger"],"picked":"Dropkick","floor":22.0},{"not_picked":["Feel No Pain","Inflame"],"picked":"Dual Wield+1","floor":23.0},{"not_picked":["Thunderclap","Twin Strike"],"picked":"Rupture","floor":27.0},{"not_picked":["Dual Wield","Searing Blow"],"picked":"Dark Embrace","floor":29.0},{"not_picked":["Perfected Strike","Iron Wave"],"picked":"Sword Boomerang","floor":31.0},{"not_picked":["Offering","Brutality"],"picked":"Feed","floor":33},{"not_picked":["Iron Wave","Clash"],"picked":"Pommel Strike+1","floor":35},{"not_picked":["Warcry","True Grit"],"picked":"Shrug It Off+1","floor":36},{"not_picked":["Cleave+1","Headbutt"],"picked":"Juggernaut","floor":38},{"not_picked":["HandOfGreed","Blind"],"picked":"Sadistic Nature","floor":39},{"not_picked":["Second Wind","Entrench"],"picked":"Offering","floor":40},{"not_picked":["Armaments","Sentinel+1","Heavy Blade+1"],"picked":"Singing Bowl","floor":41},{"not_picked":["Flame Barrier+1","Clothesline+1","Feed"],"picked":"Singing Bowl","floor":42},{"not_picked":["Rupture+1","Anger+1"],"picked":"Metallicize+1","floor":44},{"not_picked":["Armaments","Power Through+1","Wild Strike"],"picked":"Singing Bowl","floor":45},{"not_picked":["Flex","Cleave","Rage+1"],"picked":"Singing Bowl","floor":47},{"not_picked":["Burning Pact","Spot Weakness","Sword Boomerang"],"picked":"Singing Bowl","floor":48}],"player_experience":580770,"relics_obtained":[{"floor":7.0,"key":"Pantograph"},{"floor":9.0,"key":"Mummified Hand"},{"floor":10.0,"key":"Smiling Mask"},{"floor":20.0,"key":"Enchiridion"},{"floor":23.0,"key":"Gambling Chip"},{"floor":26.0,"key":"Juzu Bracelet"},{"floor":31.0,"key":"Centennial Puzzle"},{"floor":36,"key":"Shovel"},{"floor":38,"key":"Bird Faced Urn"},{"floor":40,"key":"Singing Bowl"},{"floor":42,"key":"Omamori"},{"floor":43,"key":"Red Skull"},{"floor":44,"key":"Dodecahedron"},{"floor":47,"key":"Bag of Preparation"},{"floor":49,"key":"Boot"}],"event_choices":[{"damage_healed":0.0,"max_hp_gain":0.0,"max_hp_loss":0.0,"gold_gain":0.0,"event_name":"Shining Light","player_choice":"Entered Light","floor":3.0,"gold_loss":0.0,"damage_taken":23.0,"cards_upgraded":["Strike_R","Inflame"]},{"damage_healed":18.0,"max_hp_gain":0.0,"max_hp_loss":0.0,"gold_gain":0.0,"event_name":"The Cleric","player_choice":"Healed","floor":4.0,"gold_loss":35.0,"damage_taken":0.0},{"cards_removed":["Defend_R"],"damage_healed":0.0,"max_hp_gain":0.0,"max_hp_loss":0.0,"gold_gain":0.0,"event_name":"Bonfire Elementals","player_choice":"Offered Basic","floor":14.0,"gold_loss":0.0,"damage_taken":0.0},{"damage_healed":0.0,"max_hp_gain":0.0,"max_hp_loss":0.0,"gold_gain":0.0,"event_name":"Cursed Tome","player_choice":"Obtained Book","floor":20.0,"gold_loss":0.0,"damage_taken":21.0},{"damage_healed":0.0,"max_hp_gain":0.0,"max_hp_loss":0.0,"gold_gain":0.0,"event_name":"Ghosts","player_choice":"Ignored","floor":24.0,"gold_loss":0.0,"damage_taken":0.0},{"damage_healed":0,"gold_gain":0,"player_choice":"Fight","damage_taken":0,"max_hp_gain":0,"max_hp_loss":0,"event_name":"Mysterious Sphere","floor":36,"gold_loss":0},{"damage_healed":0,"gold_gain":0,"player_choice":"Fight","damage_taken":0,"max_hp_gain":0,"max_hp_loss":0,"event_name":"MindBloom","floor":38,"gold_loss":0},{"damage_healed":0,"gold_gain":0,"player_choice":"Memory 3","damage_taken":10,"max_hp_gain":0,"max_hp_loss":0,"event_name":"SensoryStone","floor":39,"gold_loss":0}],"is_beta":false,"boss_relics":[{"not_picked":["Philosopher\u0027s Stone","Tiny House"],"picked":"Pandora\u0027s Box"},{"not_picked":["Sozu","Cursed Key"],"picked":"Snecko Eye"}],"items_purged_floors":[21],"is_endless":false,"potions_floor_spawned":[2,10,12,13,18,27,29,31,36,41,42,47],"ascension_level":18}