{"gold_per_floor":[111,61,13,13,31,66,66,93,93,67,99,114,141,141],"floor_reached":14,"playtime":545,"items_purged":[],"score":155,"play_id":"33ed12e9-7497-4c30-9496-9b39e462ff39","local_time":"20191017100707","is_ascension_mode":true,"campfire_choices":[{"data":"Bash","floor":7,"key":"SMITH"}],"neow_cost":"NONE","seed_source_timestamp":50641173627800,"circlet_count":0,"master_deck":["Strike_R","Strike_R","Strike_R","Strike_R","Defend_R","Defend_R","Defend_R","Bash+1","Iron Wave","Clothesline","Entrench","Shrug It Off","Power Through","True Grit","Pommel Strike","Shrug It Off"],"relics":["Burning Blood","NeowsBlessing","Letter Opener","InkBottle","Pantograph","Toy Ornithopter","Kunai"],"potions_floor_usage":[8,14],"damage_taken":[{"damage":0,"enemies":"Small Slimes","floor":1,"turns":1},{"damage":0,"enemies":"Jaw Worm","floor":5,"turns":1},{"damage":0,"enemies":"3 Sentries","floor":6,"turns":2},{"damage":26,"enemies":"Lagavulin","floor":8,"turns":6},{"damage":15,"enemies":"Gremlin Nob","floor":11,"turns":5},{"damage":0,"enemies":"Cultist","floor":12,"turns":2},{"damage":34,"enemies":"Lagavulin","floor":13,"turns":8},{"damage":9,"enemies":"Gremlin Gang","floor":14,"turns":3}],"seed_played":"-6930193384632669191","potions_obtained":[{"floor":5,"key":"GamblersBrew"},{"floor":6,"key":"SteroidPotion"},{"floor":11,"key":"SpeedPotion"}],"is_trial":false,"path_per_floor":["M","?","$","?","M","E","R","E","T","$","E","M","E","M"],"character_chosen":"IRONCLAD","items_purchased":["Clothesline","True Grit"],"campfire_rested":0,"item_purchase_floors":[3,10],"current_hp_per_floor":[80,80,80,80,80,80,80,60,60,60,51,57,29,25],"gold":141,"neow_bonus":"THREE_ENEMY_KILL","is_prod":false,"is_daily":false,"chose_seed":false,"campfire_upgraded":1,"win_rate":0,"timestamp":1571324827,"path_taken":["M","?","$","?","?","E","R","E","T","$","E","?","E","M"],"build_version":"2019-10-16","purchased_purges":0,"victory":false,"max_hp_per_floor":[80,80,80,80,80,80,80,80,80,80,80,80,80,80],"card_choices":[{"not_picked":["Body Slam","Perfected Strike"],"picked":"Iron Wave","floor":1},{"not_picked":["Clothesline","Infernal Blade"],"picked":"Shrug It Off","floor":5},{"not_picked":["Infernal Blade","Intimidate","Sever Soul"],"picked":"SKIP","floor":6},{"not_picked":["Second Wind","Perfected Strike"],"picked":"Power Through","floor":8},{"not_picked":["Searing Blow","Iron Wave"],"picked":"Pommel Strike","floor":11},{"not_picked":["Perfected Strike","Twin Strike","Limit Break"],"picked":"SKIP","floor":12},{"not_picked":["Perfected Strike","Power Through"],"picked":"Shrug It Off","floor":13}],"player_experience":53282,"relics_obtained":[{"floor":6,"key":"Letter Opener"},{"floor":8,"key":"InkBottle"},{"floor":9,"key":"Pantograph"},{"floor":11,"key":"Toy Ornithopter"},{"floor":13,"key":"Kunai"}],"event_choices":[{"cards_removed":["Defend_R"],"damage_healed":0,"gold_gain":0,"player_choice":"Card Removal","damage_taken":0,"max_hp_gain":0,"max_hp_loss":0,"event_name":"The Cleric","floor":2,"gold_loss":50},{"damage_healed":0,"gold_gain":0,"cards_transformed":["Strike_R"],"player_choice":"Transformed","damage_taken":0,"max_hp_gain":0,"max_hp_loss":0,"event_name":"Transmorgrifier","floor":4,"gold_loss":0,"cards_obtained":["Entrench"]}],"is_beta":true,"boss_relics":[],"items_purged_floors":[],"is_endless":false,"potions_floor_spawned":[5,6,11],"killed_by":"Gremlin Gang","ascension_level":2}