{"gold_per_floor":[114,132,142,142,152,152,183,183,183,183,201,230,250,200,200,272,272,282,297,43,43,43,43,53,53],"floor_reached":25,"playtime":1576,"items_purged":["Pain","Pain"],"score":415,"play_id":"99dcac79-853a-4090-b802-3c699490b83d","local_time":"20190504221459","is_ascension_mode":true,"campfire_choices":[{"data":"Uppercut","floor":6.0,"key":"SMITH"},{"data":"Hemokinesis","floor":8.0,"key":"SMITH"},{"floor":15.0,"key":"REST"},{"floor":23,"key":"REST"}],"neow_cost":"NONE","seed_source_timestamp":1160319411389998,"circlet_count":0,"master_deck":["AscendersBane","Strike_R+1","Strike_R+1","Strike_R+1","Strike_R+1","Strike_R+1","Defend_R+1","Defend_R+1","Defend_R+1","Defend_R+1","Bash+1","Hemokinesis+1","Uppercut+1","Fiend Fire","Dropkick","Shrug It Off","Headbutt","Bludgeon","Normality","Clumsy","Shrug It Off","Immolate","Spot Weakness","Shrug It Off"],"special_seed":0,"relics":["Burning Blood","Smiling Mask","Meat on the Bone","Strawberry","WarpedTongs","Bag of Preparation","Calling Bell","Ancient Tea Set","Mercury Hourglass","Ginger","Bag of Marbles"],"potions_floor_usage":[16,18],"damage_taken":[{"damage":21.0,"enemies":"Jaw Worm","floor":1.0,"turns":5.0},{"damage":1.0,"enemies":"2 Louse","floor":2.0,"turns":2.0},{"damage":4.0,"enemies":"Cultist","floor":3.0,"turns":3.0},{"damage":20.0,"enemies":"Large Slime","floor":5.0,"turns":5.0},{"damage":9.0,"enemies":"Gremlin Nob","floor":7.0,"turns":3.0},{"damage":15.0,"enemies":"2 Fungi Beasts","floor":11.0,"turns":3.0},{"damage":36.0,"enemies":"3 Sentries","floor":12.0,"turns":8.0},{"damage":5.0,"enemies":"Blue Slaver","floor":13.0,"turns":2.0},{"damage":51,"enemies":"Hexaghost","floor":16,"turns":9},{"damage":33,"enemies":"3 Byrds","floor":18,"turns":6},{"damage":24,"enemies":"Spheric Guardian","floor":19,"turns":4},{"damage":8,"enemies":"Centurion and Healer","floor":24,"turns":2},{"damage":71,"enemies":"Book of Stabbing","floor":25,"turns":6}],"seed_played":"4402700727600868532","potions_obtained":[{"floor":2.0,"key":"Explosive Potion"},{"floor":3.0,"key":"AttackPotion"},{"floor":5.0,"key":"BloodPotion"},{"floor":12.0,"key":"Block Potion"},{"floor":13.0,"key":"Regen Potion"},{"floor":18,"key":"Dexterity Potion"}],"is_trial":false,"path_per_floor":["M","M","M","?","M","R","E","R","T","?","M","E","M","$","R","B",null,"M","M","$","?","?","R","M","E"],"character_chosen":"IRONCLAD","items_purchased":["Bag of Marbles","Spot Weakness"],"campfire_rested":2,"item_purchase_floors":[20,20],"current_hp_per_floor":[53,58,60,55,41,41,45,45,52,52,55,37,50,50,74,56,76,49,43,43,43,43,67,65,0],"gold":53,"neow_bonus":"UPGRADE_CARD","is_prod":false,"is_daily":false,"chose_seed":false,"campfire_upgraded":2,"win_rate":0,"timestamp":1557026099,"path_taken":["M","M","M","?","M","R","E","R","T","?","M","E","M","$","R","BOSS","M","?","$","?","?","R","M","E"],"build_version":"2019-01-23","purchased_purges":2,"victory":false,"max_hp_per_floor":[75,75,75,75,75,75,75,75,82,82,82,82,82,82,82,82,82,82,82,82,82,82,82,82,82],"card_choices":[{"not_picked":["Flex","Battle Trance"],"picked":"Hemokinesis","floor":1.0},{"not_picked":["Sword Boomerang","Anger"],"picked":"Uppercut","floor":2.0},{"not_picked":["Thunderclap","Twin Strike","Feel No Pain"],"picked":"SKIP","floor":3.0},{"not_picked":["Perfected Strike","Sword Boomerang"],"picked":"Fiend Fire","floor":5.0},{"not_picked":["Anger","Rage"],"picked":"Dropkick","floor":7.0},{"not_picked":["Twin Strike","Fire Breathing","Pummel"],"picked":"SKIP","floor":11.0},{"not_picked":["Havoc","Wild Strike"],"picked":"Shrug It Off","floor":12.0},{"not_picked":["Iron Wave","Clash"],"picked":"Headbutt","floor":13.0},{"not_picked":["Juggernaut","Berserk"],"picked":"Bludgeon","floor":16},{"not_picked":["Infernal Blade","Heavy Blade"],"picked":"Shrug It Off","floor":18},{"not_picked":["Feel No Pain","Flex"],"picked":"Immolate","floor":19},{"not_picked":["Clash","Wild Strike+1"],"picked":"Shrug It Off","floor":24}],"player_experience":602143,"relics_obtained":[{"floor":7.0,"key":"Meat on the Bone"},{"floor":9.0,"key":"Strawberry"},{"floor":12.0,"key":"Bag of Preparation"},{"floor":17,"key":"Ancient Tea Set"},{"floor":17,"key":"Mercury Hourglass"},{"floor":17,"key":"Ginger"}],"event_choices":[{"damage_healed":0.0,"max_hp_gain":0.0,"max_hp_loss":0.0,"gold_gain":0.0,"event_name":"Scrap Ooze","player_choice":"Success","floor":4.0,"gold_loss":0.0,"damage_taken":5.0,"relics_obtained":["Smiling Mask"]},{"damage_healed":0.0,"max_hp_gain":0.0,"max_hp_loss":0.0,"gold_gain":0.0,"event_name":"Accursed Blacksmith","player_choice":"Rummage","floor":10.0,"gold_loss":0.0,"damage_taken":0.0,"relics_obtained":["WarpedTongs"],"cards_obtained":["Pain"]},{"damage_healed":0,"gold_gain":0,"player_choice":"Ignored","damage_taken":0,"max_hp_gain":0,"max_hp_loss":0,"event_name":"Beggar","floor":21,"gold_loss":0},{"damage_healed":0,"gold_gain":0,"player_choice":"Simplicity","damage_taken":0,"max_hp_gain":0,"max_hp_loss":0,"event_name":"Back to Basics","floor":22,"gold_loss":0,"cards_upgraded":["Strike_R","Strike_R","Strike_R","Strike_R","Strike_R","Defend_R","Defend_R","Defend_R","Defend_R"]}],"is_beta":false,"boss_relics":[{"not_picked":["Orrery","Runic Dome"],"picked":"Calling Bell"}],"items_purged_floors":[14,20],"is_endless":false,"potions_floor_spawned":[2,3,5,12,13,18],"killed_by":"Book of Stabbing","ascension_level":19}