{"gold_per_floor":[116,134,59,72,91,91,106,106,106,31,57,57,76,19,19,93,93,103,123,141,151,151],"floor_reached":22,"playtime":909,"items_purged":["Strike_B"],"score":371,"play_id":"fa131d3a-01d1-4cf8-977a-75ea85eade87","local_time":"20191017144532","is_ascension_mode":true,"campfire_choices":[{"data":"Hologram","floor":6.0,"key":"SMITH"},{"data":"Go for the Eyes","floor":8.0,"key":"SMITH"},{"floor":15.0,"key":"REST"}],"neow_cost":"NONE","seed_source_timestamp":194175220954100,"circlet_count":0,"master_deck":["AscendersBane","Strike_B","Strike_B","Defend_B","Defend_B","Defend_B","Defend_B","Zap","Dualcast","White Noise","Go for the Eyes+1","Sunder","Hologram+1","Echo Form","Coolheaded","Capacitor+1","Coolheaded","Electrodynamics+1","Cold Snap","Self Repair+1","Barrage"],"special_seed":0,"relics":["Cracked Core","Oddly Smooth Stone","Frozen Egg 2","DataDisk","Nuclear Battery"],"potions_floor_usage":[21,21],"damage_taken":[{"damage":0.0,"enemies":"Jaw Worm","floor":1.0,"turns":3.0},{"damage":4.0,"enemies":"Small Slimes","floor":2.0,"turns":3.0},{"damage":0.0,"enemies":"Cultist","floor":4.0,"turns":3.0},{"damage":0.0,"enemies":"Exordium Thugs","floor":5.0,"turns":4.0},{"damage":2.0,"enemies":"Large Slime","floor":7.0,"turns":6.0},{"damage":23.0,"enemies":"3 Sentries","floor":11.0,"turns":7.0},{"damage":10.0,"enemies":"Lots of Slimes","floor":13.0,"turns":4.0},{"damage":13.0,"enemies":"Slime Boss","floor":16.0,"turns":9.0},{"damage":27,"enemies":"Chosen","floor":18,"turns":5},{"damage":9,"enemies":"Shell Parasite","floor":19,"turns":8},{"damage":15,"enemies":"3 Cultists","floor":20,"turns":5},{"damage":6,"enemies":"Snake Plant","floor":21,"turns":5},{"damage":15,"enemies":"Shelled Parasite and Fungi","floor":22,"turns":2}],"seed_played":"5032240850282561586","potions_obtained":[{"floor":4.0,"key":"Ancient Potion"},{"floor":11.0,"key":"Weak Potion"},{"floor":16.0,"key":"FairyPotion"},{"floor":18,"key":"Strength Potion"},{"floor":20,"key":"Block Potion"}],"is_trial":false,"path_per_floor":["M","M","?","M","M","R","M","R","T","$","E","?","M","$","R","B",null,"M","M","M","M","M"],"character_chosen":"DEFECT","items_purchased":["Coolheaded"],"campfire_rested":1,"item_purchase_floors":[14],"current_hp_per_floor":[64,60,60,60,60,60,58,58,58,58,35,35,25,25,46,33,62,35,26,11,15,0],"gold":151,"neow_bonus":"RANDOM_COMMON_RELIC","is_prod":false,"is_daily":false,"chose_seed":false,"campfire_upgraded":2,"win_rate":0,"timestamp":1571348732,"path_taken":["M","M","?","M","M","R","M","R","T","$","E","?","?","?","R","BOSS","M","M","M","M","M"],"build_version":"2019-07-17","purchased_purges":1,"victory":false,"max_hp_per_floor":[71,71,71,71,71,71,71,71,71,71,71,71,71,71,71,71,71,71,71,71,71,71],"card_choices":[{"not_picked":["Beam Cell","Coolheaded"],"picked":"White Noise","floor":1.0},{"not_picked":["Stack","Sweeping Beam"],"picked":"Go for the Eyes","floor":2.0},{"not_picked":["Blizzard","Beam Cell"],"picked":"Sunder","floor":4.0},{"not_picked":["Fusion","Blizzard"],"picked":"Hologram","floor":5.0},{"not_picked":["Go for the Eyes","Beam Cell"],"picked":"Echo Form","floor":7.0},{"not_picked":["Beam Cell","Double Energy"],"picked":"Coolheaded","floor":11.0},{"not_picked":["Go for the Eyes","Turbo"],"picked":"Capacitor+1","floor":13.0},{"not_picked":["Meteor Strike","Fission"],"picked":"Electrodynamics+1","floor":16.0},{"not_picked":["Beam Cell","Reprogram"],"picked":"Cold Snap","floor":18},{"not_picked":["Stack+1","Redo","Reprogram"],"picked":"SKIP","floor":19},{"not_picked":["Leap","Gash"],"picked":"Self Repair+1","floor":20},{"not_picked":["Compile Driver","Go for the Eyes+1"],"picked":"Barrage","floor":21}],"player_experience":709611,"relics_obtained":[{"floor":9.0,"key":"Frozen Egg 2"},{"floor":11.0,"key":"DataDisk"}],"event_choices":[{"cards_removed":["Strike_B"],"damage_healed":0.0,"max_hp_gain":0.0,"max_hp_loss":0.0,"gold_gain":0.0,"event_name":"The Cleric","player_choice":"Card Removal","floor":3.0,"gold_loss":75.0,"damage_taken":0.0},{"damage_healed":0.0,"max_hp_gain":0.0,"max_hp_loss":0.0,"gold_gain":0.0,"event_name":"Scrap Ooze","player_choice":"Fled","floor":12.0,"gold_loss":0.0,"damage_taken":0.0}],"is_beta":false,"boss_relics":[{"not_picked":["Ectoplasm","Philosopher\u0027s Stone"],"picked":"Nuclear Battery"}],"items_purged_floors":[10],"is_endless":false,"potions_floor_spawned":[4,11,13,16,18,20],"killed_by":"Shelled Parasite and Fungi","ascension_level":19}