{"gold_per_floor":[115,127,127,127,4,36,36,36,36,36,36,36,53,70,70,173,173,185,196,12,111,124,153,153,4,4,4,4,4,21,53,53,158,158,172,186,186,61,61,61,61,91,91,91,91,106,106,123,123,123],"floor_reached":51,"playtime":2177,"items_purged":["Strike_B","Defend_B","Dualcast"],"score":709,"play_id":"a203a1a9-1dac-4ba7-8fe0-2e77b8c136b8","local_time":"20191008184034","is_ascension_mode":false,"campfire_choices":[{"floor":8.0,"key":"REST"},{"data":"Streamline","floor":12.0,"key":"SMITH"},{"data":"Zap","floor":15.0,"key":"SMITH"},{"floor":24.0,"key":"REST"},{"floor":27.0,"key":"REST"},{"floor":32.0,"key":"REST"},{"data":"Scrape","floor":40.0,"key":"SMITH"},{"floor":45.0,"key":"REST"},{"floor":47.0,"key":"REST"},{"data":"Chrysalis","floor":49.0,"key":"SMITH"}],"neow_cost":"NONE","seed_source_timestamp":413711848178700,"circlet_count":0,"master_deck":["Defend_B","Zap+1","Streamline+1","Gash","Beam Cell","Fission","Scrape+1","Reboot","Self Repair","Hologram","Gash+1","Buffer+1","Creative AI+1","Chrysalis+1","Steam Power+1"],"special_seed":0,"relics":["Cracked Core","Strawberry","Juzu Bracelet","Ginger","Runic Dome","Dodecahedron","MealTicket","Molten Egg 2","Frozen Egg 2","Empty Cage","Letter Opener","Bottled Lightning"],"potions_floor_usage":[50,50],"damage_taken":[{"damage":1.0,"enemies":"Jaw Worm","floor":1.0,"turns":4.0},{"damage":6.0,"enemies":"2 Louse","floor":2.0,"turns":3.0},{"damage":45.0,"enemies":"Gremlin Nob","floor":6.0,"turns":5.0},{"damage":1.0,"enemies":"Cultist","floor":13.0,"turns":4.0},{"damage":16.0,"enemies":"Lots of Slimes","floor":14.0,"turns":4.0},{"damage":26.0,"enemies":"Hexaghost","floor":16.0,"turns":7.0},{"damage":7.0,"enemies":"Shell Parasite","floor":18.0,"turns":2.0},{"damage":5.0,"enemies":"Spheric Guardian","floor":19.0,"turns":3.0},{"damage":28.0,"enemies":"3 Cultists","floor":22.0,"turns":5.0},{"damage":41.0,"enemies":"Slavers","floor":23.0,"turns":4.0},{"damage":19.0,"enemies":"Snake Plant","floor":30.0,"turns":3.0},{"damage":26.0,"enemies":"Gremlin Leader","floor":31.0,"turns":5.0},{"damage":62.0,"enemies":"Automaton","floor":33.0,"turns":7.0},{"damage":12.0,"enemies":"Orb Walker","floor":35.0,"turns":2.0},{"damage":9.0,"enemies":"3 Darklings","floor":36.0,"turns":3.0},{"damage":69.0,"enemies":"Nemesis","floor":42.0,"turns":5.0},{"damage":0.0,"enemies":"Writhing Mass","floor":46.0,"turns":3.0},{"damage":0.0,"enemies":"Sphere and 2 Shapes","floor":48.0,"turns":3.0},{"damage":81,"enemies":"Donu and Deca","floor":50,"turns":8}],"seed_played":"3718845994910481294","potions_obtained":[{"floor":2.0,"key":"SpeedPotion"},{"floor":6.0,"key":"PowerPotion"},{"floor":13.0,"key":"Swift Potion"},{"floor":23.0,"key":"Block Potion"},{"floor":30.0,"key":"SteroidPotion"},{"floor":31.0,"key":"Regen Potion"},{"floor":42.0,"key":"Energy Potion"},{"floor":46.0,"key":"FocusPotion"}],"is_trial":false,"path_per_floor":["M","M","?","?","$","E","?","R","T","$","?","R","M","M","R","B",null,"M","M","$","?","M","E","R","$","T","R","?","$","M","E","R","B",null,"M","M","?","$","?","R","?","E","T","?","R","M","R","M","R","B",null],"character_chosen":"DEFECT","items_purchased":["Beam Cell","Purity","MealTicket"],"campfire_rested":6,"item_purchase_floors":[5,20,25],"current_hp_per_floor":[74,68,61,61,61,23,16,40,40,40,67,67,66,50,50,24,82,75,77,77,77,56,15,39,39,39,63,63,78,66,47,71,31,82,77,68,68,82,82,82,82,20,20,20,44,51,75,82,82,8],"gold":123,"neow_bonus":"THREE_CARDS","is_prod":false,"is_daily":false,"chose_seed":false,"campfire_upgraded":4,"win_rate":0.0,"timestamp":1570578034,"path_taken":["M","M","?","?","$","E","?","R","T","$","?","R","M","M","R","BOSS","M","M","$","?","M","E","R","?","T","R","?","$","M","E","R","BOSS","M","M","?","$","?","R","?","E","T","?","R","M","R","M","R","BOSS"],"build_version":"2019-10-08","purchased_purges":3,"victory":true,"max_hp_per_floor":[75,75,75,75,75,82,82,82,82,82,82,82,82,82,82,82,82,82,82,82,82,82,82,82,82,82,82,82,82,82,82,82,82,82,82,82,82,82,82,82,82,82,82,82,82,82,82,82,82,82],"card_choices":[{"not_picked":["Lockon","Melter"],"picked":"White Noise","floor":0.0},{"not_picked":["Leap","Force Field"],"picked":"Streamline","floor":1.0},{"not_picked":["Sweeping Beam","Redo"],"picked":"Gash","floor":2.0},{"not_picked":["Force Field","Loop","Barrage"],"picked":"SKIP","floor":6.0},{"not_picked":["Glacier","Streamline"],"picked":"Fission","floor":13.0},{"not_picked":["Barrage","Heatsinks"],"picked":"Scrape","floor":14.0},{"not_picked":["Biased Cognition","Seek"],"picked":"Reboot","floor":16.0},{"not_picked":["Go for the Eyes","Rebound+1"],"picked":"Self Repair","floor":18.0},{"not_picked":["Melter+1","Force Field","Conserve Battery+1"],"picked":"SKIP","floor":19.0},{"not_picked":["Barrage","Double Energy+1","Consume"],"picked":"SKIP","floor":22.0},{"not_picked":["Hello World+1","Glacier"],"picked":"Hologram","floor":23.0},{"not_picked":["Compile Driver+1","Steam+1"],"picked":"Gash+1","floor":30.0},{"not_picked":["Buffer","Aggregate","Cold Snap+1"],"picked":"SKIP","floor":31.0},{"not_picked":["Aggregate","Cold Snap+1"],"picked":"Buffer","floor":31.0},{"not_picked":["Echo Form+1","Buffer+1"],"picked":"Creative AI+1","floor":33.0},{"not_picked":["Barrage+1","Aggregate+1","Stack+1"],"picked":"SKIP","floor":35.0},{"not_picked":["Tempest","Sweeping Beam+1","Steam+1"],"picked":"SKIP","floor":36.0},{"not_picked":["Defragment+1","Barrage+1","Double Energy"],"picked":"SKIP","floor":42.0},{"not_picked":["Good Instincts","Dark Shackles"],"picked":"Chrysalis","floor":44.0},{"not_picked":["Lockon+1","Steam+1","Rebound+1"],"picked":"SKIP","floor":46.0},{"not_picked":["Barrage+1","Beam Cell+1"],"picked":"Steam Power+1","floor":48.0}],"player_experience":19612,"relics_obtained":[{"floor":6.0,"key":"Strawberry"},{"floor":9.0,"key":"Ginger"},{"floor":23.0,"key":"Dodecahedron"},{"floor":26.0,"key":"Molten Egg 2"},{"floor":31.0,"key":"Frozen Egg 2"},{"floor":42.0,"key":"Letter Opener"},{"floor":43.0,"key":"Bottled Lightning"}],"event_choices":[{"cards_removed":["Strike_B"],"damage_healed":0.0,"max_hp_gain":0.0,"max_hp_loss":0.0,"gold_gain":0.0,"event_name":"Golden Wing","player_choice":"Card Removal","floor":3.0,"gold_loss":0.0,"damage_taken":7.0},{"cards_removed":["Strike_B"],"damage_healed":0.0,"max_hp_gain":0.0,"max_hp_loss":0.0,"gold_gain":0.0,"event_name":"Living Wall","player_choice":"Forget","floor":4.0,"gold_loss":0.0,"damage_taken":0.0},{"damage_healed":0.0,"max_hp_gain":0.0,"max_hp_loss":0.0,"gold_gain":0.0,"event_name":"Scrap Ooze","player_choice":"Success","floor":7.0,"gold_loss":0.0,"damage_taken":7.0,"relics_obtained":["Juzu Bracelet"]},{"damage_healed":27.0,"max_hp_gain":0.0,"max_hp_loss":0.0,"gold_gain":0.0,"event_name":"Big Fish","player_choice":"Banana","floor":11.0,"gold_loss":0.0,"damage_taken":0.0},{"damage_healed":0.0,"max_hp_gain":0.0,"max_hp_loss":0.0,"gold_gain":99.0,"event_name":"Nest","player_choice":"Stole From Cult","floor":21.0,"gold_loss":0.0,"damage_taken":0.0},{"cards_removed":["Strike_B"],"damage_healed":0.0,"max_hp_gain":0.0,"max_hp_loss":0.0,"gold_gain":0.0,"event_name":"Back to Basics","player_choice":"Elegance","floor":28.0,"gold_loss":0.0,"damage_taken":0.0},{"cards_removed":["Defend_B"],"damage_healed":0.0,"max_hp_gain":0.0,"max_hp_loss":0.0,"gold_gain":0.0,"event_name":"Falling","player_choice":"Removed Skill","floor":37.0,"gold_loss":0.0,"damage_taken":0.0},{"cards_removed":["White Noise"],"damage_healed":0.0,"max_hp_gain":0.0,"max_hp_loss":0.0,"gold_gain":0.0,"event_name":"Bonfire Elementals","player_choice":"Offered Uncommon","floor":39.0,"gold_loss":0.0,"damage_taken":0.0},{"damage_healed":0.0,"max_hp_gain":0.0,"max_hp_loss":0.0,"gold_gain":0.0,"event_name":"Wheel of Change","player_choice":"Full Heal","floor":41.0,"gold_loss":0.0,"damage_taken":0.0},{"damage_healed":0.0,"max_hp_gain":0.0,"max_hp_loss":0.0,"gold_gain":0.0,"event_name":"SensoryStone","player_choice":"Memory 1","floor":44.0,"gold_loss":0.0,"damage_taken":0.0}],"is_beta":true,"boss_relics":[{"not_picked":["Ectoplasm","Velvet Choker"],"picked":"Runic Dome"},{"not_picked":["Astrolabe","SacredBark"],"picked":"Empty Cage"}],"items_purged_floors":[5,20,38],"is_endless":false,"potions_floor_spawned":[2,6,13,23,30,31,42,46],"ascension_level":0}