{"gold_per_floor":[111,124,124,22,97,97,129,129,129,159,159,234,251,1,1,102,102,115,74,84,104,104,104,104,119,146,164,164,199,249,263,263,364,364,383,383,434,26,37,69,69,83,110,140,152,152,169,203,203,203],"floor_reached":50,"playtime":2634,"items_purged":["Strike_R"],"score":891,"play_id":"004b3e99-5808-4bd7-b87d-916cad0e9347","local_time":"20191011113301","is_ascension_mode":true,"campfire_choices":[{"data":"Corruption","floor":6,"key":"SMITH"},{"data":"Bash","floor":8,"key":"SMITH"},{"data":"Pommel Strike","floor":11,"key":"SMITH"},{"data":"Spot Weakness","floor":15,"key":"SMITH"},{"data":"Immolate","floor":23,"key":"SMITH"},{"floor":28,"key":"REST"},{"floor":32,"key":"REST"},{"data":"Barricade","floor":41,"key":"SMITH"},{"floor":46,"key":"REST"},{"data":"Demon Form","floor":49,"key":"SMITH"}],"neow_cost":"NONE","seed_source_timestamp":6043871050000,"circlet_count":0,"master_deck":["Strike_R","Strike_R","Strike_R","Strike_R","Defend_R","Defend_R","Defend_R","Defend_R","Bash+1","Spot Weakness+1","Corruption+1","Sentinel+1","Pommel Strike+1","Sentinel+1","Infernal Blade+1","Flame Barrier+1","Discovery+1","Immolate+1","Infernal Blade+1","Battle Trance+1","Ghostly Armor+1","Heavy Blade+1","Limit Break+1","Ghostly Armor+1","Shockwave+1","Cleave","Barricade+1","Disarm+1","Twin Strike","Demon Form+1","Armaments+1","Shrug It Off+1","Armaments+1","Fire Breathing","Flex+1","Thunderclap+1","Flex+1","Spot Weakness+1"],"relics":["Burning Blood","NeowsBlessing","Toxic Egg 2","Darkstone Periapt","Pear","Shuriken","Mark of Pain","Nilry\u0027s Codex","Boot","Du-Vu Doll","SlaversCollar","FossilizedHelix","Prayer Wheel","Strange Spoon","Toy Ornithopter","Strawberry","Molten Egg 2","Pantograph"],"potions_floor_usage":[7,25,25,27,37,37,40,45,48,48,48],"damage_taken":[{"damage":0,"enemies":"Cultist","floor":1,"turns":1},{"damage":0,"enemies":"Jaw Worm","floor":2,"turns":1},{"damage":1,"enemies":"3 Sentries","floor":7,"turns":1},{"damage":1,"enemies":"Small Slimes","floor":13,"turns":4},{"damage":14,"enemies":"The Guardian","floor":16,"turns":10},{"damage":7,"enemies":"3 Byrds","floor":18,"turns":4},{"damage":0,"enemies":"Chosen","floor":20,"turns":3},{"damage":27,"enemies":"3 Cultists","floor":21,"turns":6},{"damage":10,"enemies":"Snake Plant","floor":25,"turns":3},{"damage":8,"enemies":"Sentry and Sphere","floor":27,"turns":5},{"damage":30,"enemies":"Book of Stabbing","floor":29,"turns":4},{"damage":14,"enemies":"Shelled Parasite and Fungi","floor":31,"turns":6},{"damage":40,"enemies":"Champ","floor":33,"turns":10},{"damage":16,"enemies":"3 Shapes","floor":35,"turns":5},{"damage":10,"enemies":"2 Orb Walkers","floor":37,"turns":4},{"damage":10,"enemies":"Orb Walker","floor":39,"turns":4},{"damage":0,"enemies":"Reptomancer","floor":40,"turns":4},{"damage":16,"enemies":"Writhing Mass","floor":42,"turns":6},{"damage":8,"enemies":"Nemesis","floor":44,"turns":7},{"damage":27,"enemies":"Spire Growth","floor":45,"turns":5},{"damage":8,"enemies":"3 Darklings","floor":47,"turns":5},{"damage":52,"enemies":"Reptomancer","floor":48,"turns":6},{"damage":106,"enemies":"Awakened One","floor":50,"turns":10}],"seed_played":"2760833327362695566","potions_obtained":[{"floor":1,"key":"PowerPotion"},{"floor":13,"key":"SpeedPotion"},{"floor":16,"key":"Weak Potion"},{"floor":31,"key":"SteroidPotion"},{"floor":33,"key":"SteroidPotion"},{"floor":42,"key":"ElixirPotion"},{"floor":44,"key":"GamblersBrew"},{"floor":45,"key":"BloodPotion"},{"floor":47,"key":"Explosive Potion"}],"is_trial":false,"path_per_floor":["M","M","T","$","?","R","E","R","T","?","R","?","M","$","R","B",null,"M","$","M","M","?","R","?","M","T","M","R","E","?","M","R","B",null,"M","T","?","$","M","E","R","M","T","E","M","R","M","E","R","B"],"character_chosen":"IRONCLAD","items_purchased":["Sentinel+1","Pommel Strike","Flame Barrier+1","Discovery+1","AttackPotion","Battle Trance+1","Strange Spoon","Demon Form","Armaments+1","PowerPotion"],"campfire_rested":3,"item_purchase_floors":[4,4,14,14,14,19,38,38,38,38],"current_hp_per_floor":[78,80,80,80,69,69,74,74,84,84,84,75,80,80,80,72,86,85,85,90,69,69,69,53,49,49,47,74,50,50,42,69,35,76,66,66,62,62,58,64,64,54,61,59,43,72,70,58,58,0],"gold":203,"neow_bonus":"THREE_ENEMY_KILL","is_prod":false,"is_daily":false,"chose_seed":false,"campfire_upgraded":7,"win_rate":0,"timestamp":1570786381,"path_taken":["M","M","?","?","?","R","E","R","T","?","R","?","M","$","R","BOSS","M","$","M","M","?","R","?","M","T","?","R","E","?","M","R","BOSS","M","?","?","$","M","E","R","M","T","E","M","R","M","E","R","BOSS"],"build_version":"2019-10-10","purchased_purges":1,"victory":false,"max_hp_per_floor":[80,80,80,80,80,80,80,80,90,90,90,90,90,90,90,90,90,90,90,90,90,90,90,90,90,90,90,90,90,90,90,90,90,90,90,90,90,90,90,90,90,90,97,97,97,97,97,97,97,97],"card_choices":[{"not_picked":["Body Slam","Clothesline"],"picked":"Spot Weakness","floor":1},{"not_picked":["Thunderclap","Anger"],"picked":"Corruption","floor":2},{"not_picked":["True Grit+1","Warcry+1"],"picked":"Sentinel+1","floor":7},{"not_picked":["Bloodletting+1","Headbutt"],"picked":"Infernal Blade+1","floor":13},{"not_picked":["Offering+1","Bludgeon"],"picked":"Immolate","floor":16},{"not_picked":["Clothesline","Blood for Blood+1"],"picked":"Infernal Blade+1","floor":18},{"not_picked":["Cleave","Pommel Strike"],"picked":"Ghostly Armor+1","floor":20},{"not_picked":["Twin Strike","Anger"],"picked":"Heavy Blade+1","floor":21},{"not_picked":["Headbutt","Twin Strike","Juggernaut"],"picked":"SKIP","floor":25},{"not_picked":["Heavy Blade","Thunderclap"],"picked":"Ghostly Armor+1","floor":27},{"not_picked":["Iron Wave","Clothesline"],"picked":"Shockwave+1","floor":29},{"not_picked":["Burning Pact+1","Anger"],"picked":"Cleave","floor":31},{"not_picked":["Fiend Fire","Exhume+1"],"picked":"Barricade","floor":33},{"not_picked":["Twin Strike","Seeing Red+1"],"picked":"Disarm+1","floor":35},{"not_picked":["Anger+1","Battle Trance+1"],"picked":"Twin Strike","floor":37},{"not_picked":["Pummel+1","Intimidate+1"],"picked":"Shrug It Off+1","floor":39},{"not_picked":["Heavy Blade+1","Twin Strike+1"],"picked":"Armaments+1","floor":39},{"not_picked":["Bludgeon","Carnage"],"picked":"Fire Breathing","floor":40},{"not_picked":["Fire Breathing+1","Dropkick"],"picked":"Flex+1","floor":42},{"not_picked":["True Grit+1","Clash"],"picked":"Thunderclap+1","floor":42},{"not_picked":["Fire Breathing+1","Uppercut+1","Reckless Charge+1"],"picked":"SKIP","floor":44},{"not_picked":["Second Wind+1","Perfected Strike+1"],"picked":"Flex+1","floor":45},{"not_picked":["Headbutt+1","Clothesline+1","Metallicize+1"],"picked":"SKIP","floor":45},{"not_picked":["Heavy Blade+1","Armaments+1","Blood for Blood+1"],"picked":"SKIP","floor":47},{"not_picked":["True Grit+1","Fire Breathing","Sword Boomerang+1"],"picked":"SKIP","floor":47},{"not_picked":["Searing Blow+1","Seeing Red+1"],"picked":"Spot Weakness+1","floor":48}],"player_experience":498050,"relics_obtained":[{"floor":3,"key":"Toxic Egg 2"},{"floor":7,"key":"Darkstone Periapt"},{"floor":9,"key":"Pear"},{"floor":24,"key":"Nilry\u0027s Codex"},{"floor":26,"key":"Boot"},{"floor":29,"key":"Du-Vu Doll"},{"floor":36,"key":"FossilizedHelix"},{"floor":37,"key":"Prayer Wheel"},{"floor":40,"key":"Toy Ornithopter"},{"floor":43,"key":"Strawberry"},{"floor":44,"key":"Molten Egg 2"},{"floor":48,"key":"Pantograph"}],"event_choices":[{"damage_healed":0,"gold_gain":75,"player_choice":"Gather Gold","damage_taken":11,"max_hp_gain":0,"max_hp_loss":0,"event_name":"World of Goop","floor":5,"gold_loss":0},{"damage_healed":0,"gold_gain":30,"player_choice":"Searched \u00273\u0027 times","damage_taken":0,"relics_obtained":["Shuriken"],"max_hp_gain":0,"max_hp_loss":0,"event_name":"Dead Adventurer","floor":10,"gold_loss":0},{"damage_healed":0,"gold_gain":75,"player_choice":"Touch","damage_taken":9,"max_hp_gain":0,"max_hp_loss":0,"event_name":"FaceTrader","floor":12,"gold_loss":0},{"damage_healed":0,"gold_gain":0,"player_choice":"Read","damage_taken":0,"max_hp_gain":0,"max_hp_loss":0,"event_name":"The Library","floor":22,"gold_loss":0,"cards_obtained":["Limit Break"]},{"damage_healed":0,"gold_gain":0,"player_choice":"Obtained Book","damage_taken":16,"max_hp_gain":0,"max_hp_loss":0,"event_name":"Cursed Tome","floor":24,"gold_loss":0},{"damage_healed":0,"gold_gain":100,"player_choice":"Bet on Murderer","damage_taken":0,"max_hp_gain":0,"max_hp_loss":0,"event_name":"The Joust","floor":30,"gold_loss":50},{"damage_healed":0,"gold_gain":0,"player_choice":"Fight","damage_taken":0,"max_hp_gain":0,"max_hp_loss":0,"event_name":"Mysterious Sphere","floor":37,"gold_loss":0}],"is_beta":true,"boss_relics":[{"not_picked":["Tiny House","Velvet Choker"],"picked":"Mark of Pain"},{"not_picked":["Fusion Hammer","Sozu"],"picked":"SlaversCollar"}],"items_purged_floors":[14],"is_endless":false,"potions_floor_spawned":[1,13,16,21,31,33,42,44,45,47],"killed_by":"Awakened One","ascension_level":7}