{"gold_per_floor":[114,133,133,133,152,152,182,199,199,199,199,199,199,210,210,305,305,321,421,435,470,485,485,502,536,536,536,549,101,101,116,116,212,212,230,452,42,52,52,52,86,99,122,122,122,155,166,184,184,184],"floor_reached":51,"playtime":2393,"items_purged":["Parasite","Strike_R"],"score":802,"play_id":"029992a6-344d-42f6-a648-accc723e557d","local_time":"20191018114359","is_ascension_mode":false,"campfire_choices":[{"data":"Flash of Steel","floor":6,"key":"SMITH"},{"floor":13,"key":"REST"},{"data":"Whirlwind","floor":15,"key":"SMITH"},{"floor":23,"key":"REST"},{"data":"1","floor":27,"key":"LIFT"},{"floor":32,"key":"RECALL"},{"data":"True Grit","floor":40,"key":"SMITH"},{"floor":45,"key":"REST"},{"floor":49,"key":"REST"}],"neow_cost":"NONE","seed_source_timestamp":580650358365600,"circlet_count":0,"master_deck":["Strike_R","Strike_R+1","Strike_R","Strike_R","Defend_R","Defend_R","Defend_R","Defend_R","Bash+1","Flash of Steel+1","Shrug It Off","Heavy Blade","Shrug It Off","Uppercut","Spot Weakness","Inflame","Whirlwind+1","Double Tap","CurseOfTheBell","Havoc","Intimidate+1","Clash","Shockwave","Inflame+1","Inflame+1","Cleave","Brutality","Heavy Blade","Barricade","True Grit+1","Flex+1","Corruption+1","Dual Wield","Berserk+1","Entrench+1","Combust+1","Shrug It Off","Immolate+1","Metallicize+1","Limit Break","Sword Boomerang+1","Impervious","Shockwave+1","Sword Boomerang+1","Juggernaut+1","Sever Soul+1","Second Wind","Shrug It Off"],"relics":["Burning Blood","CultistMask","Mummified Hand","Prayer Wheel","Girya","Calling Bell","Anchor","Letter Opener","Charon\u0027s Ashes","Red Mask","White Beast Statue","Molten Egg 2","Frozen Egg 2","Snecko Eye","Pantograph","Dream Catcher","Vajra","Oddly Smooth Stone"],"potions_floor_usage":[7,7,16,31,33,33,35,41,50,50],"damage_taken":[{"damage":0,"enemies":"Cultist","floor":1,"turns":2},{"damage":1,"enemies":"2 Louse","floor":2,"turns":3},{"damage":2,"enemies":"Small Slimes","floor":5,"turns":4},{"damage":47,"enemies":"Gremlin Nob","floor":7,"turns":5},{"damage":11,"enemies":"2 Fungi Beasts","floor":8,"turns":4},{"damage":0,"enemies":"3 Louse","floor":14,"turns":4},{"damage":40,"enemies":"The Guardian","floor":16,"turns":10},{"damage":26,"enemies":"Shell Parasite","floor":18,"turns":5},{"damage":2,"enemies":"Chosen","floor":20,"turns":4},{"damage":26,"enemies":"Masked Bandits","floor":21,"turns":5},{"damage":5,"enemies":"Centurion and Healer","floor":22,"turns":5},{"damage":12,"enemies":"3 Cultists","floor":24,"turns":4},{"damage":0,"enemies":"Gremlin Leader","floor":25,"turns":6},{"damage":8,"enemies":"Shelled Parasite and Fungi","floor":28,"turns":3},{"damage":10,"enemies":"Snecko","floor":31,"turns":3},{"damage":53,"enemies":"Champ","floor":33,"turns":8},{"damage":19,"enemies":"3 Shapes","floor":35,"turns":4},{"damage":5,"enemies":"3 Darklings","floor":38,"turns":4},{"damage":33,"enemies":"Reptomancer","floor":41,"turns":5},{"damage":11,"enemies":"Jaw Worm Horde","floor":42,"turns":3},{"damage":11,"enemies":"Giant Head","floor":46,"turns":6},{"damage":4,"enemies":"Maw","floor":47,"turns":5},{"damage":3,"enemies":"Transient","floor":48,"turns":5},{"damage":21,"enemies":"Donu and Deca","floor":50,"turns":6}],"seed_played":"6502390703148078756","potions_obtained":[{"floor":2,"key":"ElixirPotion"},{"floor":5,"key":"DistilledChaos"},{"floor":14,"key":"GamblersBrew"},{"floor":24,"key":"Weak Potion"},{"floor":25,"key":"Regen Potion"},{"floor":28,"key":"BloodPotion"},{"floor":31,"key":"Fruit Juice"},{"floor":33,"key":"Explosive Potion"},{"floor":35,"key":"SpeedPotion"},{"floor":38,"key":"Ancient Potion"},{"floor":41,"key":"FearPotion"},{"floor":42,"key":"GamblersBrew"},{"floor":46,"key":"Energy Potion"}],"is_trial":false,"path_per_floor":["M","M","$","?","M","R","E","M","T","?","?","?","R","M","R","B",null,"M","?","M","?","M","R","M","E","T","R","M","$","?","M","R","B",null,"M","?","$","M","?","R","E","M","T","?","R","E","M","M","R","B",null],"character_chosen":"IRONCLAD","items_purchased":["Frozen Egg 2","Corruption+1","Dual Wield","Shrug It Off","Pantograph"],"campfire_rested":4,"item_purchase_floors":[29,29,29,37,37],"current_hp_per_floor":[80,80,80,80,80,80,39,34,34,16,36,20,44,50,50,16,80,60,60,64,44,45,69,63,69,69,69,67,67,67,68,68,37,82,69,69,69,70,70,70,43,38,38,38,62,57,59,62,82,67],"gold":184,"neow_bonus":"RANDOM_COLORLESS","is_prod":false,"is_daily":false,"chose_seed":false,"campfire_upgraded":3,"win_rate":0,"timestamp":1571388239,"path_taken":["M","M","?","?","M","R","E","?","T","?","?","?","R","M","R","BOSS","M","?","?","?","M","R","M","E","T","R","M","$","?","M","R","BOSS","M","?","$","M","?","R","E","M","T","?","R","E","M","M","R","BOSS"],"build_version":"2019-10-17","purchased_purges":2,"victory":true,"max_hp_per_floor":[80,80,80,80,80,80,80,80,80,80,80,80,80,80,80,80,80,80,80,80,80,80,80,80,80,80,80,80,77,77,82,82,82,82,82,82,82,82,82,82,82,82,82,82,82,82,82,82,82,82],"card_choices":[{"not_picked":["Purity","Mind Blast"],"picked":"Flash of Steel","floor":0},{"not_picked":["Clash","Perfected Strike"],"picked":"Shrug It Off","floor":1},{"not_picked":["Havoc","Perfected Strike"],"picked":"Heavy Blade","floor":2},{"not_picked":["Fire Breathing","Reckless Charge"],"picked":"Shrug It Off","floor":5},{"not_picked":["Wild Strike","Seeing Red"],"picked":"Uppercut","floor":7},{"not_picked":["Rampage","True Grit"],"picked":"Spot Weakness","floor":8},{"not_picked":["Shrug It Off","Battle Trance"],"picked":"Inflame","floor":14},{"not_picked":["Uppercut","Thunderclap"],"picked":"Whirlwind","floor":14},{"not_picked":["Barricade","Fiend Fire"],"picked":"Double Tap","floor":16},{"not_picked":["Iron Wave","Twin Strike"],"picked":"Havoc","floor":18},{"not_picked":["Sword Boomerang","Spot Weakness+1"],"picked":"Intimidate+1","floor":18},{"not_picked":["True Grit","Thunderclap"],"picked":"Clash","floor":20},{"not_picked":["Iron Wave","Corruption"],"picked":"Shockwave","floor":20},{"not_picked":["Heavy Blade","Pommel Strike"],"picked":"Inflame+1","floor":21},{"not_picked":["Pommel Strike+1","Second Wind"],"picked":"Inflame+1","floor":22},{"not_picked":["Headbutt","Shockwave+1"],"picked":"Cleave","floor":22},{"not_picked":["Armaments","Cleave+1"],"picked":"Brutality","floor":24},{"not_picked":["Spot Weakness+1","Hemokinesis"],"picked":"Heavy Blade","floor":24},{"not_picked":["Havoc","Headbutt"],"picked":"Barricade","floor":25},{"not_picked":["Warcry","Wild Strike+1"],"picked":"True Grit","floor":28},{"not_picked":["Hemokinesis+1","Sever Soul+1"],"picked":"Flex+1","floor":28},{"not_picked":["True Grit","Warcry+1"],"picked":"Entrench+1","floor":31},{"not_picked":["Infernal Blade","Cleave+1"],"picked":"Combust+1","floor":31},{"not_picked":["Double Tap","Barricade+1"],"picked":"Exhume","floor":33},{"not_picked":["Flex+1","Perfected Strike+1","Thunderclap+1"],"picked":"SKIP","floor":35},{"not_picked":["Power Through","Twin Strike+1","Whirlwind+1"],"picked":"SKIP","floor":35},{"not_picked":["Thunderclap+1","Flex+1"],"picked":"Immolate+1","floor":38},{"not_picked":["Clothesline+1","Fire Breathing+1"],"picked":"Metallicize+1","floor":38},{"not_picked":["Body Slam+1","Cleave+1"],"picked":"Limit Break","floor":41},{"not_picked":["Clothesline+1","Combust+1"],"picked":"Sword Boomerang+1","floor":42},{"not_picked":["Combust+1","Evolve+1","Wild Strike+1"],"picked":"SKIP","floor":42},{"not_picked":["Flex","Pummel+1"],"picked":"Impervious","floor":45},{"not_picked":["Wild Strike+1","Corruption+1"],"picked":"Shockwave+1","floor":46},{"not_picked":["Clash+1","Clothesline+1"],"picked":"Sword Boomerang+1","floor":47},{"not_picked":["Iron Wave+1","Havoc+1"],"picked":"Juggernaut+1","floor":47},{"not_picked":["Disarm+1","Anger+1"],"picked":"Sever Soul+1","floor":48},{"not_picked":["Clothesline+1","Pommel Strike+1"],"picked":"Second Wind","floor":48},{"not_picked":["Bloodletting","Inflame+1"],"picked":"Shrug It Off","floor":49}],"player_experience":497771,"relics_obtained":[{"floor":7,"key":"Mummified Hand"},{"floor":9,"key":"Prayer Wheel"},{"floor":17,"key":"Anchor"},{"floor":17,"key":"Letter Opener"},{"floor":17,"key":"Charon\u0027s Ashes"},{"floor":21,"key":"Red Mask"},{"floor":25,"key":"White Beast Statue"},{"floor":26,"key":"Molten Egg 2"},{"floor":41,"key":"Dream Catcher"},{"floor":43,"key":"Vajra"},{"floor":46,"key":"Oddly Smooth Stone"}],"event_choices":[{"damage_healed":0,"gold_gain":0,"player_choice":"Trade","damage_taken":0,"relics_obtained":["CultistMask"],"max_hp_gain":0,"max_hp_loss":0,"event_name":"FaceTrader","floor":4,"gold_loss":0},{"damage_healed":0,"gold_gain":0,"player_choice":"Success","damage_taken":18,"relics_obtained":["Girya"],"max_hp_gain":0,"max_hp_loss":0,"event_name":"Scrap Ooze","floor":10,"gold_loss":0},{"damage_healed":20,"gold_gain":0,"player_choice":"Healed and dodged fight","damage_taken":0,"max_hp_gain":0,"max_hp_loss":0,"event_name":"Mushrooms","floor":11,"gold_loss":0,"cards_obtained":["Parasite"]},{"damage_healed":0,"gold_gain":0,"player_choice":"Entered Light","damage_taken":16,"max_hp_gain":0,"max_hp_loss":0,"event_name":"Shining Light","floor":12,"gold_loss":0,"cards_upgraded":["Strike_R","Bash"]},{"damage_healed":0,"gold_gain":100,"player_choice":"Pray","damage_taken":0,"max_hp_gain":0,"max_hp_loss":0,"event_name":"Golden Shrine","floor":19,"gold_loss":0},{"damage_healed":0,"gold_gain":0,"player_choice":"Fought Bandits","damage_taken":0,"max_hp_gain":0,"max_hp_loss":0,"event_name":"Masked Bandits","floor":21,"gold_loss":0},{"damage_healed":0,"gold_gain":0,"player_choice":"Read","damage_taken":0,"max_hp_gain":0,"max_hp_loss":0,"event_name":"The Library","floor":30,"gold_loss":0,"cards_obtained":["Berserk"]},{"damage_healed":0,"gold_gain":222,"player_choice":"Wore Mask","damage_taken":0,"max_hp_gain":0,"max_hp_loss":0,"event_name":"Tomb of Lord Red Mask","floor":36,"gold_loss":0},{"damage_healed":0,"gold_gain":0,"player_choice":"Ignored","damage_taken":0,"max_hp_gain":0,"max_hp_loss":0,"event_name":"Mysterious Sphere","floor":39,"gold_loss":0},{"cards_removed":["Exhume"],"damage_healed":0,"gold_gain":0,"player_choice":"Removed Skill","damage_taken":0,"max_hp_gain":0,"max_hp_loss":0,"event_name":"Falling","floor":44,"gold_loss":0}],"is_beta":true,"boss_relics":[{"not_picked":["Runic Pyramid","Busted Crown"],"picked":"Calling Bell"},{"not_picked":["Astrolabe","Runic Dome"],"picked":"Snecko Eye"}],"items_purged_floors":[29,37],"is_endless":false,"potions_floor_spawned":[2,5,14,24,25,28,31,33,35,38,41,42,46,47,48],"ascension_level":0}