{"gold_per_floor":[119,138,156,156,169,169,169,169,216,216,216,91,107,118,118,219,219,235,41,41,41,41,41,41,41,67,67,67,67,67,78,78,176,176,186,186,186,286,137,137,137,137,137,167,167,178,178,28,28,28],"floor_reached":50,"playtime":1696,"items_purged":["Strike_B+1"],"score":650,"play_id":"2a651a94-1444-436c-877e-0a4d992ee8e2","local_time":"20190613094546","daily_mods":["Heirloom","Time Dilation","Flight"],"is_ascension_mode":false,"campfire_choices":[{"data":"Zap","floor":6,"key":"SMITH"},{"data":"Genetic Algorithm","floor":7,"key":"SMITH"},{"data":"Dualcast","floor":10,"key":"SMITH"},{"data":"Go for the Eyes","floor":15,"key":"SMITH"},{"data":"Hyperbeam","floor":23,"key":"SMITH"},{"data":"Capacitor","floor":24,"key":"SMITH"},{"data":"Core Surge","floor":25,"key":"SMITH"},{"data":"Ball Lightning","floor":27,"key":"SMITH"},{"data":"Leap","floor":29,"key":"SMITH"},{"data":"Cold Snap","floor":32,"key":"SMITH"},{"data":"Biased Cognition","floor":40,"key":"SMITH"},{"data":"Buffer","floor":41,"key":"SMITH"},{"data":"BootSequence","floor":42,"key":"SMITH"},{"floor":45,"key":"REST"},{"data":"Amplify","floor":47,"key":"SMITH"},{"floor":49,"key":"REST"}],"neow_cost":"","seed_source_timestamp":0,"circlet_count":0,"master_deck":["Strike_B+1","Defend_B+1","Defend_B+1","Defend_B+1","Zap+1","Dualcast+1","Cold Snap+1","Genetic Algorithm+1","Blizzard+1","Leap+1","Capacitor+1","Go for the Eyes+1","Ball Lightning+1","Core Surge+1","Hyperbeam+1","Conserve Battery+1","Shame","Coolheaded+1","Buffer+1","Meteor Strike+1","Chaos+1","Lockon+1","Compile Driver+1","Biased Cognition+1","Writhe","Hologram+1","BootSequence+1","Sweeping Beam+1","Amplify+1"],"relics":["Cracked Core","Du-Vu Doll","DataDisk","Ancient Tea Set","Nuclear Battery","ClockworkSouvenir","Boot","Juzu Bracelet","Strawberry","Astrolabe","Ginger","Symbiotic Virus","Blue Candle","Bronze Scales"],"potions_floor_usage":[16,18,33,35,50],"damage_taken":[{"damage":0,"enemies":"Cultist","floor":1,"turns":3},{"damage":4,"enemies":"Jaw Worm","floor":2,"turns":3},{"damage":2,"enemies":"2 Louse","floor":3,"turns":3},{"damage":7,"enemies":"Large Slime","floor":5,"turns":5},{"damage":0,"enemies":"Exordium Wildlife","floor":13,"turns":4},{"damage":4,"enemies":"Red Slaver","floor":14,"turns":2},{"damage":17,"enemies":"The Guardian","floor":16,"turns":11},{"damage":0,"enemies":"Spheric Guardian","floor":18,"turns":3},{"damage":0,"enemies":"Shell Parasite","floor":31,"turns":4},{"damage":8,"enemies":"Champ","floor":33,"turns":11},{"damage":14,"enemies":"3 Darklings","floor":35,"turns":6},{"damage":28,"enemies":"Mind Bloom Boss Battle","floor":38,"turns":6},{"damage":0,"enemies":"Giant Head","floor":44,"turns":8},{"damage":1,"enemies":"Orb Walker","floor":46,"turns":4},{"damage":40,"enemies":"Donu and Deca","floor":50,"turns":6}],"seed_played":"-3137474573197531354","potions_obtained":[{"floor":2,"key":"FearPotion"},{"floor":3,"key":"SpeedPotion"},{"floor":5,"key":"SteroidPotion"},{"floor":18,"key":"FocusPotion"},{"floor":33,"key":"SpeedPotion"},{"floor":44,"key":"Swift Potion"}],"is_trial":true,"path_per_floor":["M","M","M","?","M","R","R","?","T","R","?","$","M","M","R","B",null,"M","$","?","?","T","R","R","R","T","R","?","R","?","M","R","B",null,"M","?","?","?","$","R","R","R","T","E","R","M","R","$","R","B"],"character_chosen":"DEFECT","items_purchased":["Capacitor","Go for the Eyes","ClockworkSouvenir","BootSequence","Bronze Scales"],"campfire_rested":2,"item_purchase_floors":[12,12,19,39,48],"current_hp_per_floor":[75,71,69,62,55,55,55,55,55,55,55,55,55,51,51,34,75,75,75,75,75,75,75,75,75,82,82,82,82,82,82,82,74,82,68,68,82,54,54,54,54,54,54,54,78,77,77,77,82,42],"gold":28,"neow_bonus":"","is_prod":false,"is_daily":false,"chose_seed":false,"campfire_upgraded":14,"win_rate":0,"timestamp":1560408346,"path_taken":["M","M","?","?","?","R","R","?","T","R","?","?","M","?","R","BOSS","M","$","?","?","?","R","R","R","T","R","?","R","?","M","R","BOSS","M","?","?","?","$","R","R","R","T","E","R","M","R","?","R","BOSS"],"build_version":"2019-01-23","purchased_purges":1,"victory":false,"max_hp_per_floor":[75,75,75,75,75,75,75,75,75,75,75,75,75,75,75,75,75,75,75,75,75,75,75,75,75,82,82,82,82,82,82,82,82,82,82,82,82,82,82,82,82,82,82,82,82,82,82,82,82,82],"card_choices":[{"not_picked":["Compile Driver","Storm"],"picked":"Cold Snap","floor":1},{"not_picked":["Undo","Glacier"],"picked":"Genetic Algorithm","floor":2},{"not_picked":["Coolheaded","Sweeping Beam"],"picked":"Blizzard","floor":3},{"not_picked":["Undo","Double Energy"],"picked":"Leap","floor":5},{"not_picked":["Recycle","Capacitor"],"picked":"Ball Lightning","floor":13},{"not_picked":["Steam","Go for the Eyes"],"picked":"Core Surge","floor":14},{"not_picked":["Seek","Creative AI"],"picked":"Hyperbeam","floor":16},{"not_picked":["Beam Cell","Compile Driver"],"picked":"Conserve Battery+1","floor":18},{"not_picked":["Sweeping Beam","Beam Cell"],"picked":"Coolheaded+1","floor":31},{"not_picked":["Creative AI","Multi-Cast"],"picked":"Buffer","floor":33},{"not_picked":["Chill","Aggregate"],"picked":"Compile Driver+1","floor":35},{"not_picked":["Turbo+1","Sweeping Beam+1"],"picked":"Hologram+1","floor":38},{"not_picked":["Ball Lightning","Conserve Battery"],"picked":"Sweeping Beam+1","floor":44},{"not_picked":["Cold Snap","Reinforced Body+1"],"picked":"Amplify","floor":46}],"player_experience":433535,"relics_obtained":[{"floor":9,"key":"DataDisk"},{"floor":22,"key":"Juzu Bracelet"},{"floor":26,"key":"Strawberry"},{"floor":38,"key":"Ginger"},{"floor":43,"key":"Symbiotic Virus"},{"floor":44,"key":"Blue Candle"}],"event_choices":[{"damage_healed":0,"gold_gain":0,"player_choice":"Damaged","damage_taken":7,"max_hp_gain":0,"max_hp_loss":0,"event_name":"Wheel of Change","floor":4,"gold_loss":0},{"damage_healed":0,"gold_gain":0,"player_choice":"Grow","damage_taken":0,"max_hp_gain":0,"max_hp_loss":0,"event_name":"Living Wall","floor":8,"gold_loss":0,"cards_upgraded":["Blizzard"]},{"damage_healed":0,"gold_gain":0,"player_choice":"Searched \u00271\u0027 times","damage_taken":0,"relics_obtained":["Ancient Tea Set"],"max_hp_gain":0,"max_hp_loss":0,"event_name":"Dead Adventurer","floor":11,"gold_loss":0},{"damage_healed":0,"gold_gain":0,"player_choice":"Searched \u00271\u0027 times","damage_taken":0,"relics_obtained":["Ancient Tea Set"],"max_hp_gain":0,"max_hp_loss":0,"event_name":"Dead Adventurer","floor":11,"gold_loss":0},{"damage_healed":0,"gold_gain":0,"player_choice":"Stole Relic","damage_taken":0,"relics_obtained":["Boot"],"max_hp_gain":0,"max_hp_loss":0,"event_name":"Addict","floor":20,"gold_loss":0,"cards_obtained":["Shame"]},{"damage_healed":0,"gold_gain":0,"player_choice":"Ignored","damage_taken":0,"max_hp_gain":0,"max_hp_loss":0,"event_name":"Beggar","floor":21,"gold_loss":0},{"damage_healed":0,"gold_gain":0,"player_choice":"Simplicity","damage_taken":0,"max_hp_gain":0,"max_hp_loss":0,"event_name":"Back to Basics","floor":28,"gold_loss":0,"cards_upgraded":["Strike_B","Strike_B","Strike_B","Strike_B","Defend_B","Defend_B","Defend_B","Defend_B"]},{"damage_healed":0,"gold_gain":0,"player_choice":"Ignored","damage_taken":0,"max_hp_gain":0,"max_hp_loss":0,"event_name":"Vampires","floor":30,"gold_loss":0},{"damage_healed":0,"gold_gain":0,"player_choice":"1 cards matched","damage_taken":0,"max_hp_gain":0,"max_hp_loss":0,"event_name":"Match and Keep!","floor":36,"gold_loss":0,"cards_obtained":["Biased Cognition"]},{"damage_healed":21,"gold_gain":0,"player_choice":"Writhe","damage_taken":0,"max_hp_gain":0,"max_hp_loss":0,"event_name":"Winding Halls","floor":37,"gold_loss":0,"cards_obtained":["Writhe"]},{"damage_healed":0,"gold_gain":0,"player_choice":"Fight","damage_taken":0,"max_hp_gain":0,"max_hp_loss":0,"event_name":"MindBloom","floor":38,"gold_loss":0}],"is_beta":false,"boss_relics":[{"not_picked":["Black Star","Lizard Tail"],"picked":"Nuclear Battery"},{"not_picked":["Runic Pyramid","Empty Cage"],"picked":"Astrolabe"}],"items_purged_floors":[39],"is_endless":true,"potions_floor_spawned":[2,3,5,14,18,33,44],"killed_by":"Donu and Deca","ascension_level":0}