{"gold_per_floor":[116,16,16,36,36,70,70,88,88,109,91,91],"floor_reached":12,"playtime":513,"items_purged":["Writhe"],"score":98,"play_id":"3e053297-f9ea-4b23-b2d6-5d7de618e8c4","local_time":"20191009161453","is_ascension_mode":true,"campfire_choices":[{"data":"Chrysalis","floor":7,"key":"SMITH"}],"neow_cost":"CURSE","seed_source_timestamp":195520334201900,"circlet_count":0,"master_deck":["Strike_B","Strike_B","Strike_B","Strike_B","Defend_B","Defend_B","Defend_B+1","Defend_B","Zap","Dualcast","Chrysalis+1","Genetic Algorithm+1","Go for the Eyes","Leap","Regret","Double Energy","Auto Shields","Rebound","Streamline"],"relics":["Cracked Core","CaptainsWheel","Bag of Marbles","War Paint","HornCleat","Odd Mushroom"],"potions_floor_usage":[10,11,11],"damage_taken":[{"damage":3,"enemies":"2 Louse","floor":1,"turns":3},{"damage":9,"enemies":"Jaw Worm","floor":4,"turns":4},{"damage":28,"enemies":"Gremlin Nob","floor":6,"turns":5},{"damage":2,"enemies":"Cultist","floor":8,"turns":5},{"damage":26,"enemies":"The Mushroom Lair","floor":10,"turns":5},{"damage":2,"enemies":"Exordium Thugs","floor":11,"turns":5},{"damage":12,"enemies":"Exordium Wildlife","floor":12,"turns":1}],"seed_played":"9162017832868666002","potions_obtained":[{"floor":1,"key":"Weak Potion"},{"floor":6,"key":"AttackPotion"},{"floor":8,"key":"Weak Potion"},{"floor":11,"key":"FocusPotion"}],"is_trial":false,"path_per_floor":["M","$","?","M","?","E","R","M","T","?","M","M"],"character_chosen":"DEFECT","items_purchased":["Go for the Eyes"],"campfire_rested":0,"item_purchase_floors":[2],"current_hp_per_floor":[72,72,69,60,60,32,32,30,30,4,2,0],"gold":91,"neow_bonus":"RANDOM_COLORLESS_2","is_prod":false,"is_daily":false,"chose_seed":false,"campfire_upgraded":1,"win_rate":0,"timestamp":1570630493,"path_taken":["M","$","?","M","?","E","R","M","T","?","?","M"],"build_version":"2019-10-08","purchased_purges":1,"victory":false,"max_hp_per_floor":[75,75,75,75,75,75,75,75,75,75,75,75],"card_choices":[{"not_picked":["HandOfGreed","Panache"],"picked":"Chrysalis","floor":0},{"not_picked":["Fusion","Leap"],"picked":"Genetic Algorithm","floor":1},{"not_picked":["Force Field","Heatsinks"],"picked":"Leap","floor":4},{"not_picked":["Redo","Reinforced Body"],"picked":"Double Energy","floor":6},{"not_picked":["Leap","FTL"],"picked":"Auto Shields","floor":8},{"not_picked":["Redo","Steam"],"picked":"Rebound","floor":10},{"not_picked":["All For One","Leap"],"picked":"Streamline","floor":11}],"player_experience":483574,"relics_obtained":[{"floor":6,"key":"War Paint"},{"floor":9,"key":"HornCleat"},{"floor":10,"key":"Odd Mushroom"}],"event_choices":[{"damage_healed":0,"gold_gain":0,"player_choice":"Success","damage_taken":3,"relics_obtained":["CaptainsWheel"],"max_hp_gain":0,"max_hp_loss":0,"event_name":"Scrap Ooze","floor":3,"gold_loss":0},{"damage_healed":0,"gold_gain":0,"player_choice":"Box","damage_taken":0,"relics_obtained":["Bag of Marbles"],"max_hp_gain":0,"max_hp_loss":0,"event_name":"Big Fish","floor":5,"gold_loss":0,"cards_obtained":["Regret"]},{"damage_healed":0,"gold_gain":0,"player_choice":"Fought Mushrooms","damage_taken":0,"max_hp_gain":0,"max_hp_loss":0,"event_name":"Mushrooms","floor":10,"gold_loss":0}],"is_beta":true,"boss_relics":[],"items_purged_floors":[2],"is_endless":false,"potions_floor_spawned":[1,6,8,11],"killed_by":"Exordium Wildlife","ascension_level":5}