{"gold_per_floor":[419,419,291,303,320,320,346,346,346,365,398,398,398,398,398,474,474,487,318,332,2,22,54,54,54,54,54,71,71,71,81,81,155,155,172,186,36,36,49,49,79,79,79,79,79,94,94,94,94,94],"floor_reached":50,"playtime":3172,"items_purged":["Defend_R","Barricade+1","Strike_R","Strike_R"],"score":868,"play_id":"7724d574-aab6-4546-8c5e-dd98cf2b2f03","local_time":"20190423194326","is_ascension_mode":true,"campfire_choices":[{"data":"Bash","floor":6.0,"key":"SMITH"},{"data":"Pommel Strike","floor":8.0,"key":"SMITH"},{"data":"Clash","floor":15.0,"key":"SMITH"},{"floor":25.0,"key":"REST"},{"data":"Dual Wield","floor":29.0,"key":"SMITH"},{"floor":32.0,"key":"REST"},{"data":"Shrug It Off","floor":40.0,"key":"SMITH"},{"floor":42.0,"key":"REST"},{"floor":45.0,"key":"REST"},{"data":"Metallicize","floor":47.0,"key":"SMITH"},{"data":"Clash","floor":49.0,"key":"SMITH"}],"neow_cost":"PERCENT_DAMAGE","seed_source_timestamp":198688305620727,"circlet_count":0,"master_deck":["AscendersBane","Defend_R+1","Defend_R+1","Bash+1","Pommel Strike+1","Clash+1","Sever Soul","Spot Weakness","Fire Breathing+1","Ghostly Armor+1","Metallicize+1","Dual Wield+1","Clash+1","Shrug It Off+1","Clash","Panacea"],"special_seed":0,"relics":["Burning Blood","Old Coin","Self Forming Clay","Blue Candle","War Paint","Astrolabe","Lantern","Mercury Hourglass","Gremlin Horn","Busted Crown","Orichalcum","Ginger"],"potions_floor_usage":[50],"damage_taken":[{"damage":0.0,"enemies":"Small Slimes","floor":1.0,"turns":3.0},{"damage":0.0,"enemies":"2 Louse","floor":4.0,"turns":1.0},{"damage":0.0,"enemies":"Cultist","floor":5.0,"turns":2.0},{"damage":10.0,"enemies":"3 Sentries","floor":7.0,"turns":3.0},{"damage":9.0,"enemies":"Large Slime","floor":10.0,"turns":5.0},{"damage":19.0,"enemies":"Gremlin Nob","floor":11.0,"turns":3.0},{"damage":33.0,"enemies":"Slime Boss","floor":16.0,"turns":9.0},{"damage":19.0,"enemies":"3 Byrds","floor":18.0,"turns":6.0},{"damage":11.0,"enemies":"Shell Parasite","floor":20.0,"turns":5.0},{"damage":12.0,"enemies":"Centurion and Healer","floor":22.0,"turns":4.0},{"damage":27.0,"enemies":"Slavers","floor":23.0,"turns":5.0},{"damage":18.0,"enemies":"Snecko","floor":28.0,"turns":3.0},{"damage":7.0,"enemies":"Shelled Parasite and Fungi","floor":31.0,"turns":3.0},{"damage":31.0,"enemies":"Champ","floor":33.0,"turns":10.0},{"damage":0.0,"enemies":"3 Shapes","floor":35.0,"turns":4.0},{"damage":16.0,"enemies":"3 Darklings","floor":36.0,"turns":3.0},{"damage":22.0,"enemies":"Maw","floor":39.0,"turns":5.0},{"damage":34.0,"enemies":"Nemesis","floor":41.0,"turns":5.0},{"damage":0.0,"enemies":"Sphere and 2 Shapes","floor":46.0,"turns":4.0},{"damage":78,"enemies":"Time Eater","floor":50,"turns":9}],"seed_played":"5866759913113031172","potions_obtained":[{"floor":4.0,"key":"AttackPotion"},{"floor":7.0,"key":"SteroidPotion"},{"floor":10.0,"key":"Ancient Potion"},{"floor":16.0,"key":"GamblersBrew"},{"floor":28.0,"key":"Energy Potion"},{"floor":31.0,"key":"Fruit Juice"},{"floor":36.0,"key":"LiquidBronze"},{"floor":41.0,"key":"FearPotion"}],"is_trial":false,"path_per_floor":["M","?","$","M","M","R","E","R","T","M","E","?","?","?","R","B",null,"M","$","M","$","M","E","?","R","T","?","M","R","?","M","R","B",null,"M","M","$","?","M","R","E","R","T","?","R","M","R","?","R","B"],"character_chosen":"IRONCLAD","items_purchased":["Clash","Dual Wield","Lantern","Clash"],"campfire_rested":4,"item_purchase_floors":[3,19,21,21],"current_hp_per_floor":[56,49,49,55,61,61,57,57,57,54,41,66,66,66,66,39,66,53,53,48,48,42,21,21,43,43,58,46,46,46,50,74,49,72,78,68,68,68,52,52,24,48,48,48,72,78,78,78,78,0],"gold":94,"neow_bonus":"ONE_RARE_RELIC","is_prod":false,"is_daily":false,"chose_seed":false,"campfire_upgraded":7,"win_rate":0,"timestamp":1556066606,"path_taken":["M","?","$","M","M","R","E","R","T","M","E","?","?","?","R","BOSS","M","$","M","$","M","E","?","R","T","?","?","R","?","M","R","BOSS","M","M","$","?","?","R","E","R","T","?","R","M","R","?","R","BOSS"],"build_version":"2019-01-23","purchased_purges":4,"victory":false,"max_hp_per_floor":[75,75,75,75,75,75,75,75,75,75,75,75,75,75,75,75,75,75,75,75,75,75,75,75,75,75,75,75,75,75,80,80,80,80,80,80,80,80,80,80,80,80,80,80,80,80,80,80,80,80],"card_choices":[{"not_picked":["True Grit","Clothesline"],"picked":"Pommel Strike","floor":1.0},{"not_picked":["Thunderclap","Blood for Blood"],"picked":"Sever Soul","floor":4.0},{"not_picked":["Wild Strike","Rupture","Searing Blow"],"picked":"SKIP","floor":5.0},{"not_picked":["Feel No Pain","Disarm","Intimidate"],"picked":"SKIP","floor":7.0},{"not_picked":["Wild Strike","Flex"],"picked":"Spot Weakness","floor":10.0},{"not_picked":["Thunderclap","Dark Embrace","Rampage"],"picked":"SKIP","floor":11.0},{"not_picked":["Clothesline","Rage"],"picked":"Metallicize","floor":18.0},{"not_picked":["Wild Strike","Havoc","Rampage"],"picked":"SKIP","floor":20.0},{"not_picked":["Wild Strike","Havoc","Rampage"],"picked":"SKIP","floor":20.0},{"not_picked":["Havoc","Disarm"],"picked":"Shrug It Off","floor":22.0},{"not_picked":["Heavy Blade","Body Slam","Rupture"],"picked":"SKIP","floor":23.0},{"not_picked":["Metallicize","Warcry","Burning Pact"],"picked":"SKIP","floor":28.0},{"not_picked":["Perfected Strike","Immolate"],"picked":"Clash","floor":31.0},{"not_picked":["Sever Soul"],"picked":"SKIP","floor":35.0},{"not_picked":["Headbutt"],"picked":"SKIP","floor":36.0},{"not_picked":["Combust"],"picked":"SKIP","floor":39.0},{"not_picked":["Spot Weakness"],"picked":"SKIP","floor":41.0},{"not_picked":[],"picked":"Panacea","floor":44.0},{"not_picked":["Heavy Blade+1"],"picked":"SKIP","floor":46.0}],"player_experience":510388,"relics_obtained":[{"floor":7.0,"key":"Self Forming Clay"},{"floor":9.0,"key":"Blue Candle"},{"floor":11.0,"key":"War Paint"},{"floor":23.0,"key":"Mercury Hourglass"},{"floor":26.0,"key":"Gremlin Horn"},{"floor":41.0,"key":"Orichalcum"},{"floor":43.0,"key":"Ginger"}],"event_choices":[{"cards_removed":["Defend_R"],"damage_healed":0.0,"max_hp_gain":0.0,"max_hp_loss":0.0,"gold_gain":0.0,"event_name":"Golden Wing","player_choice":"Card Removal","floor":2.0,"gold_loss":0.0,"damage_taken":7.0},{"damage_healed":25.0,"max_hp_gain":0.0,"max_hp_loss":0.0,"gold_gain":0.0,"event_name":"Big Fish","player_choice":"Banana","floor":12.0,"gold_loss":0.0,"damage_taken":0.0},{"damage_healed":0.0,"max_hp_gain":0.0,"max_hp_loss":0.0,"gold_gain":0.0,"event_name":"Shining Light","player_choice":"Ignored","floor":13.0,"gold_loss":0.0,"damage_taken":0.0},{"damage_healed":0.0,"max_hp_gain":0.0,"max_hp_loss":0.0,"gold_gain":0.0,"event_name":"Match and Keep!","player_choice":"0 cards matched","floor":14.0,"gold_loss":0.0,"damage_taken":0.0,"cards_obtained":[]},{"damage_healed":0.0,"max_hp_gain":0.0,"max_hp_loss":0.0,"gold_gain":0.0,"event_name":"Match and Keep!","player_choice":"0 cards matched","floor":14.0,"gold_loss":0.0,"damage_taken":0.0,"cards_obtained":[]},{"damage_healed":0.0,"max_hp_gain":0.0,"max_hp_loss":0.0,"gold_gain":0.0,"event_name":"The Mausoleum","player_choice":"Ignored","floor":24.0,"gold_loss":0.0,"damage_taken":0.0},{"damage_healed":15.0,"max_hp_gain":0.0,"max_hp_loss":0.0,"gold_gain":0.0,"event_name":"The Library","player_choice":"Heal","floor":27.0,"gold_loss":0.0,"damage_taken":0.0},{"damage_healed":0.0,"max_hp_gain":0.0,"max_hp_loss":0.0,"gold_gain":0.0,"event_name":"Cursed Tome","player_choice":"Ignored","floor":30.0,"gold_loss":0.0,"damage_taken":0.0},{"damage_healed":0.0,"max_hp_gain":0.0,"max_hp_loss":0.0,"gold_gain":0.0,"event_name":"SecretPortal","player_choice":"Ignored","floor":38.0,"gold_loss":0.0,"damage_taken":0.0},{"damage_healed":0.0,"max_hp_gain":0.0,"max_hp_loss":0.0,"gold_gain":0.0,"event_name":"SensoryStone","player_choice":"Memory 1","floor":44.0,"gold_loss":0.0,"damage_taken":0.0},{"damage_healed":0.0,"max_hp_gain":0.0,"max_hp_loss":0.0,"gold_gain":0.0,"event_name":"Mysterious Sphere","player_choice":"Ignored","floor":48.0,"gold_loss":0.0,"damage_taken":0.0}],"is_beta":false,"boss_relics":[{"not_picked":["Calling Bell","Snecko Eye"],"picked":"Astrolabe"},{"not_picked":["Runic Pyramid","Velvet Choker"],"picked":"Busted Crown"}],"items_purged_floors":[3,19,21,37],"is_endless":false,"potions_floor_spawned":[4,7,10,16,18,28,31,36,41],"killed_by":"Time Eater","ascension_level":15}