{"gold_per_floor":[110,124,199,218,231,231,260,277,347,14,33,33],"floor_reached":12,"playtime":1755,"items_purged":[],"score":148,"play_id":"033ba3e9-f797-4083-b082-7250cb5c3219","local_time":"20190427185118","is_ascension_mode":true,"campfire_choices":[{"floor":6,"key":"REST"}],"neow_cost":"NONE","seed_source_timestamp":543117251479722,"circlet_count":0,"master_deck":["AscendersBane","Strike_R","Strike_R","Strike_R","Strike_R","Strike_R","Defend_R","Defend_R","Defend_R","Bash","Shrug It Off","Metallicize","Sever Soul","Whirlwind","Demon Form","Heavy Blade","Shrug It Off","Flame Barrier"],"relics":["Burning Blood","Ancient Tea Set","Question Card","Bottled Tornado"],"potions_floor_usage":[5,7],"damage_taken":[{"damage":7,"enemies":"Small Slimes","floor":1,"turns":3},{"damage":13,"enemies":"Jaw Worm","floor":2,"turns":4},{"damage":0,"enemies":"Cultist","floor":4,"turns":4},{"damage":24,"enemies":"Lots of Slimes","floor":5,"turns":4},{"damage":53,"enemies":"Lagavulin","floor":7,"turns":8},{"damage":8,"enemies":"Red Slaver","floor":8,"turns":6},{"damage":3,"enemies":"2 Fungi Beasts","floor":11,"turns":4},{"damage":22,"enemies":"3 Sentries","floor":12,"turns":2}],"seed_played":"-5520369500109722449","potions_obtained":[{"floor":1,"key":"Fire Potion"},{"floor":4,"key":"BloodPotion"},{"floor":8,"key":"Swift Potion"}],"is_trial":false,"path_per_floor":["M","M","?","M","M","R","E","M","T","$","M","E"],"character_chosen":"IRONCLAD","items_purchased":["Bottled Tornado","Shrug It Off"],"campfire_rested":1,"item_purchase_floors":[10,10],"current_hp_per_floor":[67,60,49,55,37,59,19,17,17,17,20,0],"gold":33,"neow_bonus":"REMOVE_CARD","is_prod":false,"is_daily":false,"chose_seed":false,"campfire_upgraded":0,"win_rate":0,"timestamp":1556409078,"path_taken":["M","M","?","M","M","R","E","M","T","$","M","E"],"build_version":"2019-01-23","purchased_purges":0,"victory":false,"max_hp_per_floor":[75,75,75,75,75,75,75,75,75,75,75,75],"card_choices":[{"not_picked":["Dual Wield","Reckless Charge"],"picked":"Shrug It Off","floor":1},{"not_picked":["Heavy Blade","True Grit"],"picked":"Metallicize","floor":2},{"not_picked":["Evolve","Hemokinesis"],"picked":"Sever Soul","floor":4},{"not_picked":["Seeing Red","Whirlwind","Anger"],"picked":"SKIP","floor":5},{"not_picked":["Seeing Red","Anger"],"picked":"Whirlwind","floor":5},{"not_picked":["Sever Soul","Flame Barrier"],"picked":"Demon Form","floor":7},{"not_picked":["Anger","Body Slam"],"picked":"Heavy Blade","floor":8},{"not_picked":["Pommel Strike","Power Through","Inflame"],"picked":"Flame Barrier","floor":11}],"player_experience":555705,"relics_obtained":[{"floor":7,"key":"Ancient Tea Set"},{"floor":9,"key":"Question Card"}],"event_choices":[{"damage_healed":0,"gold_gain":75,"player_choice":"Gather Gold","damage_taken":11,"max_hp_gain":0,"max_hp_loss":0,"event_name":"World of Goop","floor":3,"gold_loss":0}],"is_beta":false,"boss_relics":[],"items_purged_floors":[],"is_endless":false,"potions_floor_spawned":[1,4,8],"killed_by":"3 Sentries","ascension_level":16}