{"gold_per_floor":[114,289,289,95,45,72,82,108,108,134,147,72,86,98,98,195,195,210,131,131,142,52,52,70,80,80,80,108,122,151,51,51,152,152,164,181,181,199,2,2,15,47,94,114,114,144,162,174,174,174],"floor_reached":51,"playtime":2663,"items_purged":["Strike_R","Strike_R"],"score":910,"play_id":"de3b8460-e874-46a3-ba92-0d5d0f4050ec","local_time":"20190927192314","is_ascension_mode":true,"campfire_choices":[{"data":"Heavy Blade","floor":15.0,"key":"SMITH"},{"data":"Demon Form","floor":23.0,"key":"SMITH"},{"data":"Clothesline","floor":32,"key":"SMITH"},{"floor":40,"key":"RECALL"},{"data":"Pummel","floor":49,"key":"SMITH"}],"neow_cost":"NONE","seed_source_timestamp":32053225049800,"circlet_count":0,"master_deck":["Defend_R","Defend_R","Defend_R","Bash","Demon Form+1","Shrug It Off","Immolate","Pummel","Seeing Red","Heavy Blade+1","Pummel+1","Limit Break+1","Corruption","Clothesline+1","Shrug It Off","Dual Wield+1","Sentinel+1","Fiend Fire","Exhume","Bludgeon","Shrug It Off+1","Pommel Strike+1","Impervious"],"special_seed":0,"relics":["Burning Blood","Tiny Chest","FossilizedHelix","Centennial Puzzle","Sundial","Question Card","Snecko Eye","Ice Cream","PreservedInsect","Happy Flower","Busted Crown","HandDrill","Potion Belt","Ancient Tea Set","Dream Catcher"],"potions_floor_usage":[30,33,33],"damage_taken":[{"damage":13.0,"enemies":"Jaw Worm","floor":1.0,"turns":4.0},{"damage":9.0,"enemies":"3 Sentries","floor":6.0,"turns":3.0},{"damage":6.0,"enemies":"2 Louse","floor":7.0,"turns":2.0},{"damage":0.0,"enemies":"Lagavulin","floor":8.0,"turns":6.0},{"damage":6.0,"enemies":"3 Sentries","floor":10.0,"turns":4.0},{"damage":0.0,"enemies":"Small Slimes","floor":11.0,"turns":2.0},{"damage":0.0,"enemies":"2 Fungi Beasts","floor":13.0,"turns":2.0},{"damage":0.0,"enemies":"3 Louse","floor":14.0,"turns":2.0},{"damage":39.0,"enemies":"Hexaghost","floor":16.0,"turns":7.0},{"damage":0.0,"enemies":"Spheric Guardian","floor":18.0,"turns":3.0},{"damage":10.0,"enemies":"2 Thieves","floor":21.0,"turns":3.0},{"damage":0.0,"enemies":"Centurion and Healer","floor":24.0,"turns":3.0},{"damage":0.0,"enemies":"Snecko","floor":25.0,"turns":3.0},{"damage":20.0,"enemies":"Slavers","floor":28.0,"turns":2.0},{"damage":14,"enemies":"Snake Plant","floor":29,"turns":3},{"damage":6,"enemies":"Gremlin Leader","floor":30,"turns":2},{"damage":9,"enemies":"Champ","floor":33,"turns":4},{"damage":0,"enemies":"Orb Walker","floor":35,"turns":2},{"damage":0,"enemies":"3 Darklings","floor":36,"turns":3},{"damage":16,"enemies":"Spire Growth","floor":38,"turns":3},{"damage":0,"enemies":"Maw","floor":41,"turns":4},{"damage":0,"enemies":"Giant Head","floor":42,"turns":5},{"damage":0,"enemies":"Jaw Worm Horde","floor":44,"turns":2},{"damage":0,"enemies":"Reptomancer","floor":46,"turns":3},{"damage":0,"enemies":"Spire Growth","floor":47,"turns":3},{"damage":0,"enemies":"Transient","floor":48,"turns":5},{"damage":36,"enemies":"Donu and Deca","floor":50,"turns":5}],"seed_played":"-1965495410885208741","potions_obtained":[{"floor":6.0,"key":"Fire Potion"},{"floor":11.0,"key":"Poison Potion"},{"floor":13.0,"key":"PowerPotion"},{"floor":14.0,"key":"Ancient Potion"},{"floor":16.0,"key":"Block Potion"},{"floor":25.0,"key":"SteroidPotion"},{"floor":28.0,"key":"SteroidPotion"},{"floor":33,"key":"Dexterity Potion"},{"floor":38,"key":"PowerPotion"},{"floor":44,"key":"SkillPotion"},{"floor":46,"key":"Fire Potion"},{"floor":48,"key":"Block Potion"}],"is_trial":false,"path_per_floor":["M","?","?","$","?","E","M","E","T","E","M","$","M","M","R","B",null,"M","$","?","M","?","R","M","M","T","$","E","M","E","$","R","B",null,"M","M","$","M","$","R","M","E","T","M","?","E","M","M","R","B",null],"character_chosen":"IRONCLAD","items_purchased":["Immolate","Tiny Chest","Corruption","HandDrill"],"campfire_rested":0,"item_purchase_floors":[4,4,19,39],"current_hp_per_floor":[73,73,66,66,66,63,63,69,69,69,75,75,80,80,80,47,80,80,80,80,76,76,76,80,80,80,80,66,58,58,58,58,55,80,80,80,80,70,70,70,76,80,80,80,80,80,80,80,80,50],"gold":174,"neow_bonus":"TRANSFORM_CARD","is_prod":false,"is_daily":false,"chose_seed":false,"campfire_upgraded":4,"win_rate":0,"timestamp":1569630194,"path_taken":["M","?","?","$","?","E","M","E","T","E","M","$","M","M","R","BOSS","M","$","?","M","?","R","M","M","T","$","E","?","E","?","R","BOSS","M","M","$","M","$","R","M","E","T","M","?","E","?","?","R","BOSS"],"build_version":"2019-07-17","purchased_purges":2,"victory":true,"max_hp_per_floor":[80,80,80,80,80,80,80,80,80,80,80,80,80,80,80,80,80,80,80,80,80,80,80,80,80,80,80,80,80,80,80,80,80,80,80,80,80,80,80,80,80,80,80,80,80,80,80,80,80,80],"card_choices":[{"not_picked":["Flex","Corruption"],"picked":"Shrug It Off","floor":1.0},{"not_picked":["Clash","Barricade","Sever Soul"],"picked":"SKIP","floor":6.0},{"not_picked":["Armaments","Flex"],"picked":"Pummel","floor":7.0},{"not_picked":["Infernal Blade","Sentinel"],"picked":"Seeing Red","floor":8.0},{"not_picked":["Cleave","Shockwave","Flex"],"picked":"SKIP","floor":10.0},{"not_picked":["True Grit","Perfected Strike","Evolve"],"picked":"Heavy Blade","floor":11.0},{"not_picked":["Thunderclap","Warcry","Twin Strike","Anger"],"picked":"SKIP","floor":13.0},{"not_picked":["Wild Strike","Warcry","Second Wind"],"picked":"Pummel","floor":14.0},{"not_picked":["Reaper","Fiend Fire","Double Tap"],"picked":"Limit Break","floor":16.0},{"not_picked":["Headbutt","Clash","Hemokinesis","Rampage+1"],"picked":"SKIP","floor":18.0},{"not_picked":["Pummel+1","Perfected Strike","Fire Breathing"],"picked":"Shrug It Off","floor":21.0},{"not_picked":["Havoc","Flex","Anger"],"picked":"Dual Wield+1","floor":24.0},{"not_picked":["Body Slam+1","Heavy Blade","Burning Pact"],"picked":"Sentinel+1","floor":25.0},{"not_picked":["Flex+1","True Grit","Twin Strike","Evolve"],"picked":"SKIP","floor":28.0},{"not_picked":["Pommel Strike","Wild Strike","Corruption+1"],"picked":"Fiend Fire","floor":29},{"not_picked":["Double Tap","Dual Wield","Flex"],"picked":"Exhume","floor":30},{"not_picked":["Impervious","Barricade","Exhume"],"picked":"Bludgeon","floor":33},{"not_picked":["Blood for Blood","Headbutt"],"picked":"SKIP","floor":35},{"not_picked":["Headbutt","Heavy Blade"],"picked":"SKIP","floor":36},{"not_picked":["Wild Strike+1"],"picked":"Shrug It Off+1","floor":38},{"not_picked":["Body Slam+1","Heavy Blade"],"picked":"SKIP","floor":41},{"not_picked":["Anger","Headbutt+1"],"picked":"SKIP","floor":42},{"not_picked":["Feel No Pain+1"],"picked":"Pommel Strike+1","floor":44},{"not_picked":["Pommel Strike","Rampage+1"],"picked":"SKIP","floor":46},{"not_picked":["Flame Barrier","Cleave"],"picked":"SKIP","floor":47},{"not_picked":["Intimidate","Wild Strike+1"],"picked":"SKIP","floor":48}],"player_experience":377823,"relics_obtained":[{"floor":6.0,"key":"FossilizedHelix"},{"floor":8.0,"key":"Centennial Puzzle"},{"floor":9.0,"key":"Sundial"},{"floor":10.0,"key":"Question Card"},{"floor":26.0,"key":"Ice Cream"},{"floor":28.0,"key":"PreservedInsect"},{"floor":30,"key":"Happy Flower"},{"floor":42,"key":"Potion Belt"},{"floor":43,"key":"Ancient Tea Set"},{"floor":46,"key":"Dream Catcher"}],"event_choices":[{"damage_healed":0.0,"max_hp_gain":0.0,"max_hp_loss":0.0,"gold_gain":175.0,"event_name":"Liars Game","player_choice":"AGREE","floor":2.0,"gold_loss":0.0,"damage_taken":0.0,"cards_obtained":["Doubt"]},{"cards_removed":["Doubt"],"damage_healed":0.0,"max_hp_gain":0.0,"max_hp_loss":0.0,"gold_gain":0.0,"event_name":"Golden Wing","player_choice":"Card Removal","floor":3.0,"gold_loss":0.0,"damage_taken":7.0},{"cards_removed":["Strike_R"],"damage_healed":0.0,"max_hp_gain":0.0,"max_hp_loss":0.0,"gold_gain":0.0,"event_name":"The Cleric","player_choice":"Card Removal","floor":5.0,"gold_loss":50.0,"damage_taken":0.0},{"damage_healed":0.0,"max_hp_gain":0.0,"max_hp_loss":0.0,"gold_gain":0.0,"event_name":"The Library","player_choice":"Read","floor":20.0,"gold_loss":0.0,"damage_taken":0.0,"cards_obtained":["Clothesline"]},{"cards_removed":["Strike_R"],"damage_healed":0.0,"max_hp_gain":0.0,"max_hp_loss":0.0,"gold_gain":0.0,"event_name":"Designer","player_choice":"Upgrade and Remove","floor":22.0,"gold_loss":90.0,"damage_taken":0.0,"cards_upgraded":["Limit Break"]},{"damage_healed":0,"gold_gain":0,"cards_transformed":["Strike_R"],"player_choice":"Transformed","damage_taken":0,"max_hp_gain":0,"max_hp_loss":0,"event_name":"Transmorgrifier","floor":45,"gold_loss":0,"cards_obtained":["Impervious"]}],"is_beta":false,"boss_relics":[{"not_picked":["Mark of Pain","Orrery"],"picked":"Snecko Eye"},{"not_picked":["Black Blood","Lizard Tail"],"picked":"Busted Crown"}],"items_purged_floors":[12,31],"is_endless":false,"potions_floor_spawned":[6,11,13,14,16,24,25,28,33,38,44,46,48],"ascension_level":1}