{"gold_per_floor":[118,132,145,95,106,106,137,137,187,187,38,38],"floor_reached":12,"playtime":352,"items_purged":["Strike_B"],"score":117,"play_id":"b3849553-9247-41b3-a22f-ce99b08c3ac0","local_time":"20190424224822","is_ascension_mode":true,"campfire_choices":[{"data":"Zap","floor":6,"key":"SMITH"},{"floor":8,"key":"REST"},{"data":"Hologram","floor":10,"key":"SMITH"}],"neow_cost":"NONE","seed_source_timestamp":299538624091137,"circlet_count":0,"master_deck":["AscendersBane","Strike_B","Strike_B","Strike_B","Defend_B","Defend_B","Defend_B","Zap+1","Dualcast","Gash","Chill","Conserve Battery","Hologram+1","Sunder","Self Repair","Leap+1"],"relics":["Cracked Core","NeowsBlessing","Toxic Egg 2","Smiling Mask"],"potions_floor_usage":[7],"damage_taken":[{"damage":0,"enemies":"2 Louse","floor":1,"turns":1},{"damage":0,"enemies":"Small Slimes","floor":2,"turns":1},{"damage":0,"enemies":"Jaw Worm","floor":3,"turns":1},{"damage":7,"enemies":"Blue Slaver","floor":5,"turns":4},{"damage":37,"enemies":"Lagavulin","floor":7,"turns":6},{"damage":49,"enemies":"Gremlin Nob","floor":12,"turns":4}],"seed_played":"1065427285164203132","potions_obtained":[{"floor":1,"key":"Poison Potion"},{"floor":5,"key":"GamblersBrew"}],"is_trial":false,"path_per_floor":["M","M","M","?","M","R","E","R","T","R","$","E"],"character_chosen":"DEFECT","items_purchased":["Self Repair","Leap+1"],"campfire_rested":1,"item_purchase_floors":[11,11],"current_hp_per_floor":[68,68,68,68,61,61,24,46,46,46,46,0],"gold":38,"neow_bonus":"THREE_ENEMY_KILL","is_prod":false,"is_daily":false,"chose_seed":false,"campfire_upgraded":2,"win_rate":0,"timestamp":1556164102,"path_taken":["M","M","M","?","M","R","E","R","T","R","$","E"],"build_version":"2019-01-23","purchased_purges":1,"victory":false,"max_hp_per_floor":[75,75,75,75,75,75,75,75,75,75,75,75],"card_choices":[{"not_picked":["Fusion","Cold Snap"],"picked":"Gash","floor":1},{"not_picked":["Rebound","Steam"],"picked":"Chill","floor":2},{"not_picked":["Turbo","Capacitor"],"picked":"Conserve Battery","floor":3},{"not_picked":["Sweeping Beam","Undo"],"picked":"Hologram","floor":5},{"not_picked":["Buffer","Thunder Strike"],"picked":"Sunder","floor":7}],"player_experience":532581,"relics_obtained":[{"floor":7,"key":"Toxic Egg 2"},{"floor":9,"key":"Smiling Mask"}],"event_choices":[{"cards_removed":["Defend_B"],"damage_healed":0,"gold_gain":0,"player_choice":"Card Removal","damage_taken":0,"max_hp_gain":0,"max_hp_loss":0,"event_name":"The Cleric","floor":4,"gold_loss":50}],"is_beta":false,"boss_relics":[],"items_purged_floors":[11],"is_endless":false,"potions_floor_spawned":[1,5],"killed_by":"Gremlin Nob","ascension_level":10}