{"gold_per_floor":[362,380,18,28,58,58,84,84,159,159,174,193,193,216,228,240],"floor_reached":16,"playtime":601,"items_purged":["Parasite"],"score":170,"play_id":"3b55c1b6-4452-4967-a8d2-cd9210dd4bdc","local_time":"20190423023648","is_ascension_mode":true,"campfire_choices":[{"data":"Carnage","floor":6,"key":"SMITH"},{"floor":10,"key":"REST"},{"floor":13,"key":"REST"},{"floor":15,"key":"REST"}],"neow_cost":"CURSE","seed_source_timestamp":140180024107559,"circlet_count":0,"master_deck":["AscendersBane","Strike_R","Strike_R","Strike_R","Strike_R","Strike_R","Defend_R","Defend_R","Defend_R","Defend_R+1","Bash","Battle Trance","Carnage+1","Shrug It Off+1"],"relics":["Burning Blood","Membership Card","PreservedInsect","Tiny Chest","Kunai","Self Forming Clay","MawBank"],"potions_floor_usage":[12],"damage_taken":[{"damage":4,"enemies":"2 Louse","floor":1,"turns":3},{"damage":15,"enemies":"Small Slimes","floor":2,"turns":4},{"damage":14,"enemies":"Jaw Worm","floor":4,"turns":3},{"damage":30,"enemies":"3 Sentries","floor":7,"turns":6},{"damage":23,"enemies":"Gremlin Gang","floor":11,"turns":6},{"damage":12,"enemies":"Exordium Wildlife","floor":12,"turns":3},{"damage":70,"enemies":"The Guardian","floor":16,"turns":11}],"seed_played":"-5880239438436271782","potions_obtained":[{"floor":2,"key":"Energy Potion"}],"is_trial":false,"path_per_floor":["M","M","$","M","?","R","E","?","T","R","M","M","R","T","R","B"],"character_chosen":"IRONCLAD","items_purchased":["Membership Card","PreservedInsect","Battle Trance","Strength Potion"],"campfire_rested":3,"item_purchase_floors":[3,3,3,3],"current_hp_per_floor":[70,61,61,53,50,50,26,12,12,33,16,10,31,31,52,0],"gold":240,"neow_bonus":"TWO_FIFTY_GOLD","is_prod":false,"is_daily":false,"chose_seed":false,"campfire_upgraded":1,"win_rate":0,"timestamp":1556005008,"path_taken":["M","M","$","M","?","R","E","?","T","R","M","M","R","?","R","BOSS"],"build_version":"2019-01-23","purchased_purges":1,"victory":false,"max_hp_per_floor":[75,75,72,72,72,72,72,72,72,72,72,72,72,72,72,72],"card_choices":[{"not_picked":["Uppercut","Clothesline","Sentinel"],"picked":"SKIP","floor":1},{"not_picked":["Disarm","Headbutt","Combust"],"picked":"SKIP","floor":2},{"not_picked":["Heavy Blade","Headbutt"],"picked":"Carnage","floor":4},{"not_picked":["Cleave","Burning Pact"],"picked":"Shrug It Off","floor":7},{"not_picked":["Body Slam","Hemokinesis","Anger"],"picked":"SKIP","floor":11},{"not_picked":["Flex","Power Through","True Grit"],"picked":"SKIP","floor":12}],"player_experience":500495,"relics_obtained":[{"floor":7,"key":"Kunai"},{"floor":9,"key":"Self Forming Clay"},{"floor":14,"key":"MawBank"}],"event_choices":[{"damage_healed":0,"gold_gain":0,"player_choice":"Success","damage_taken":3,"relics_obtained":["Tiny Chest"],"max_hp_gain":0,"max_hp_loss":0,"event_name":"Scrap Ooze","floor":5,"gold_loss":0},{"damage_healed":0,"gold_gain":0,"player_choice":"Entered Light","damage_taken":14,"max_hp_gain":0,"max_hp_loss":0,"event_name":"Shining Light","floor":8,"gold_loss":0,"cards_upgraded":["Defend_R","Shrug It Off"]}],"is_beta":false,"boss_relics":[],"items_purged_floors":[3],"is_endless":false,"potions_floor_spawned":[2,7],"killed_by":"The Guardian","ascension_level":14}