{"gold_per_floor":[112,112,123,123,123,155,155,175,175,175,201,219,219,234,234,337,337,348,348,364,384,52,52,67,67],"floor_reached":25,"playtime":1421,"items_purged":[],"score":334,"play_id":"6b675d8c-bd9e-415b-97a2-7b0c81109e84","local_time":"20190422231119","is_ascension_mode":true,"campfire_choices":[{"floor":7.0,"key":"REST"},{"data":"Neutralize","floor":10.0,"key":"SMITH"},{"floor":13.0,"key":"REST"},{"data":"Noxious Fumes","floor":15.0,"key":"SMITH"},{"floor":23.0,"key":"DIG"}],"neow_cost":"NONE","seed_source_timestamp":0,"circlet_count":0,"master_deck":["Defend_G","Defend_G","Defend_G","Defend_G","Defend_G","Strike_G","Strike_G","Strike_G","Strike_G","Strike_G","Survivor+1","Neutralize+1","Cloak And Dagger","Cloak And Dagger+1","Noxious Fumes+1","Leg Sweep","Blur","Normality","Parasite","Decay","Caltrops","Caltrops"],"special_seed":0,"relics":["Eternal Feather","Potion Belt","Happy Flower","Singing Bowl","Blue Candle","Calling Bell","Orichalcum","The Courier","Shovel","Prayer Wheel","War Paint"],"potions_floor_usage":[24,24],"damage_taken":[{"damage":0.0,"enemies":"Small Slimes","floor":1.0,"turns":4.0},{"damage":5.0,"enemies":"Jaw Worm","floor":3.0,"turns":5.0},{"damage":23.0,"enemies":"3 Sentries","floor":6.0,"turns":13.0},{"damage":0.0,"enemies":"Cultist","floor":8.0,"turns":4.0},{"damage":37.0,"enemies":"Gremlin Nob","floor":11.0,"turns":6.0},{"damage":6.0,"enemies":"Looter","floor":12.0,"turns":4.0},{"damage":1.0,"enemies":"Red Slaver","floor":14.0,"turns":4.0},{"damage":51.0,"enemies":"Hexaghost","floor":16.0,"turns":13.0},{"damage":8.0,"enemies":"Shell Parasite","floor":18.0,"turns":8.0},{"damage":7.0,"enemies":"Chosen","floor":20.0,"turns":8.0},{"damage":50.0,"enemies":"Snecko","floor":21.0,"turns":12.0},{"damage":31,"enemies":"Centurion and Healer","floor":24,"turns":13},{"damage":17,"enemies":"Shelled Parasite and Fungi","floor":25,"turns":5}],"seed_played":"-163905454495908508","potions_obtained":[{"floor":3.0,"key":"Energy Potion"},{"floor":6.0,"key":"Weak Potion"},{"floor":8.0,"key":"Explosive Potion"},{"floor":16.0,"key":"Fire Potion"}],"is_trial":false,"path_per_floor":["M","?","M","?","?","E","R","M","T","R","E","M","R","M","R","B",null,"M","?","M","M","$","R","M","M"],"character_chosen":"THE_SILENT","items_purchased":["Caltrops","Prayer Wheel","PowerPotion"],"campfire_rested":2,"item_purchase_floors":[22,22,22],"current_hp_per_floor":[63,56,51,51,51,28,55,55,55,64,27,23,53,52,61,10,57,51,84,79,31,31,43,14,0],"gold":67,"neow_bonus":"BOSS_RELIC","is_prod":false,"is_daily":false,"chose_seed":false,"campfire_upgraded":2,"win_rate":0,"timestamp":1555992679,"path_taken":["M","?","M","?","?","E","R","?","T","R","E","M","R","?","R","BOSS","M","?","M","M","$","R","?","M"],"build_version":"2019-01-23","purchased_purges":0,"victory":false,"max_hp_per_floor":[70,70,70,70,70,70,70,70,70,70,70,72,72,72,72,72,72,74,84,86,88,88,88,90,90],"card_choices":[{"not_picked":["Prepared","Riddle With Holes"],"picked":"Cloak And Dagger","floor":1.0},{"not_picked":["Heel Hook","Backflip"],"picked":"Cloak And Dagger","floor":3.0},{"not_picked":["Flying Knee","Prepared","Slice"],"picked":"SKIP","floor":6.0},{"not_picked":["PiercingWail","Dagger Throw"],"picked":"Noxious Fumes","floor":8.0},{"not_picked":["Slice","Flechettes"],"picked":"Leg Sweep","floor":11.0},{"not_picked":["Cloak And Dagger","Acrobatics","Outmaneuver"],"picked":"Singing Bowl","floor":12.0},{"not_picked":["Eviscerate","Dash"],"picked":"Blur","floor":14.0},{"not_picked":["Grand Finale","Doppelganger"],"picked":"Die Die Die","floor":16.0},{"not_picked":["Acrobatics+1","Crippling Poison","Quick Slash+1"],"picked":"Singing Bowl","floor":18.0},{"not_picked":["Flying Knee","Eviscerate","Quick Slash"],"picked":"Singing Bowl","floor":20.0},{"not_picked":["Deflect","Flying Knee","Outmaneuver+1"],"picked":"Singing Bowl","floor":21.0},{"not_picked":["Dodge and Roll+1","Flechettes"],"picked":"Caltrops","floor":24},{"not_picked":["Leg Sweep","All Out Attack","Flying Knee"],"picked":"Singing Bowl","floor":24}],"player_experience":488841,"relics_obtained":[{"floor":6.0,"key":"Happy Flower"},{"floor":9.0,"key":"Singing Bowl"},{"floor":11.0,"key":"Blue Candle"},{"floor":17.0,"key":"Orichalcum"},{"floor":17.0,"key":"The Courier"},{"floor":17.0,"key":"Shovel"},{"floor":23.0,"key":"War Paint"}],"event_choices":[{"damage_healed":0.0,"max_hp_gain":0.0,"max_hp_loss":0.0,"gold_gain":0.0,"event_name":"Scrap Ooze","player_choice":"Success","floor":2.0,"gold_loss":0.0,"damage_taken":7.0,"relics_obtained":["Potion Belt"]},{"damage_healed":0.0,"max_hp_gain":0.0,"max_hp_loss":0.0,"gold_gain":0.0,"event_name":"Shining Light","player_choice":"Ignored","floor":4.0,"gold_loss":0.0,"damage_taken":0.0},{"damage_healed":0.0,"max_hp_gain":0.0,"max_hp_loss":0.0,"gold_gain":0.0,"event_name":"Golden Wing","player_choice":"Ignored","floor":5.0,"gold_loss":0.0,"damage_taken":0.0},{"cards_removed":["Die Die Die"],"damage_healed":23.0,"max_hp_gain":10.0,"max_hp_loss":0.0,"gold_gain":0.0,"event_name":"Bonfire Elementals","player_choice":"Offered Rare","floor":19.0,"gold_loss":0.0,"damage_taken":0.0}],"is_beta":false,"boss_relics":[{"not_picked":["HoveringKite","Sozu"],"picked":"Calling Bell"}],"items_purged_floors":[],"is_endless":false,"potions_floor_spawned":[3,6,8,16],"killed_by":"Shelled Parasite and Fungi","ascension_level":9}