{"gold_per_floor":[116,131,131,5,22,22,47,47,74,52,96,96,45,70,70,193,193,211,211,111,131,131],"floor_reached":22,"playtime":1291,"items_purged":["Pain","Injury"],"score":288,"play_id":"0b7a6c19-9974-4960-9d9a-7e4148d103dd","local_time":"20190425140008","is_ascension_mode":true,"campfire_choices":[{"data":"Gash","floor":6.0,"key":"SMITH"},{"floor":12.0,"key":"REST"},{"data":"Gash","floor":15.0,"key":"SMITH"}],"neow_cost":"NONE","seed_source_timestamp":353117827343610,"circlet_count":0,"master_deck":["AscendersBane","Strike_B","Strike_B","Strike_B","Defend_B","Defend_B","Zap","Dualcast","Leap","Conserve Battery","Gash+1","Genetic Algorithm","Rebound","Gash+1","Echo Form+1","Static Discharge+1","Force Field+1","FTL"],"special_seed":0,"relics":["Cracked Core","NeowsBlessing","WarpedTongs","Centennial Puzzle","Golden Idol","Potion Belt","PreservedInsect","Astrolabe","Nilry\u0027s Codex"],"potions_floor_usage":[22],"damage_taken":[{"damage":0.0,"enemies":"Cultist","floor":1.0,"turns":1.0},{"damage":0.0,"enemies":"2 Louse","floor":2.0,"turns":1.0},{"damage":0.0,"enemies":"Jaw Worm","floor":5.0,"turns":1.0},{"damage":28.0,"enemies":"Gremlin Nob","floor":7.0,"turns":5.0},{"damage":3.0,"enemies":"3 Sentries","floor":11.0,"turns":9.0},{"damage":1.0,"enemies":"3 Louse","floor":14.0,"turns":2.0},{"damage":12.0,"enemies":"Slime Boss","floor":16.0,"turns":7.0},{"damage":13.0,"enemies":"Spheric Guardian","floor":18.0,"turns":5.0},{"damage":28.0,"enemies":"3 Byrds","floor":21.0,"turns":4.0},{"damage":12,"enemies":"Shelled Parasite and Fungi","floor":22,"turns":4}],"seed_played":"-3173667103849531482","potions_obtained":[{"floor":2.0,"key":"SpeedPotion"},{"floor":5.0,"key":"Weak Potion"},{"floor":11.0,"key":"Fire Potion"},{"floor":14.0,"key":"AttackPotion"},{"floor":16.0,"key":"Strength Potion"}],"is_trial":false,"path_per_floor":["M","M","?","$","M","R","E","?","T","$","E","R","$","M","R","B",null,"M","?","$","M","M"],"character_chosen":"DEFECT","items_purchased":["Gash","Rebound","Strength Potion"],"campfire_rested":1,"item_purchase_floors":[4,10,13],"current_hp_per_floor":[68,68,68,68,68,68,40,40,40,40,37,59,59,58,58,46,68,55,39,39,11,0],"gold":131,"neow_bonus":"THREE_ENEMY_KILL","is_prod":false,"is_daily":false,"chose_seed":false,"campfire_upgraded":2,"win_rate":0,"timestamp":1556218808,"path_taken":["M","?","?","?","M","R","E","?","T","$","E","R","$","M","R","BOSS","M","?","$","M","M"],"build_version":"2019-01-23","purchased_purges":2,"victory":false,"max_hp_per_floor":[75,75,75,75,75,75,75,75,75,75,75,75,75,75,75,75,75,75,75,75,75,75],"card_choices":[{"not_picked":["Stack","Recycle"],"picked":"Leap","floor":1.0},{"not_picked":["Lockon","Turbo"],"picked":"Conserve Battery","floor":2.0},{"not_picked":["Storm","Sweeping Beam"],"picked":"Genetic Algorithm","floor":5.0},{"not_picked":["Hyperbeam","Consume","Recycle"],"picked":"SKIP","floor":7.0},{"not_picked":["Turbo","Steam"],"picked":"Gash","floor":11.0},{"not_picked":["Beam Cell","Static Discharge","Rebound"],"picked":"SKIP","floor":14.0},{"not_picked":["Stack+1","Hologram","Rebound"],"picked":"SKIP","floor":18.0},{"not_picked":["Stack+1","Hologram","Rebound"],"picked":"SKIP","floor":18.0},{"not_picked":["Ball Lightning","Barrage"],"picked":"FTL","floor":21.0}],"player_experience":540478,"relics_obtained":[{"floor":7.0,"key":"Centennial Puzzle"},{"floor":9.0,"key":"Potion Belt"},{"floor":11.0,"key":"PreservedInsect"},{"floor":19.0,"key":"Nilry\u0027s Codex"}],"event_choices":[{"damage_healed":0.0,"max_hp_gain":0.0,"max_hp_loss":0.0,"gold_gain":0.0,"event_name":"Accursed Blacksmith","player_choice":"Rummage","floor":3.0,"gold_loss":0.0,"damage_taken":0.0,"relics_obtained":["WarpedTongs"],"cards_obtained":["Pain"]},{"damage_healed":0.0,"max_hp_gain":0.0,"max_hp_loss":0.0,"gold_gain":0.0,"event_name":"Golden Idol","player_choice":"Take Wound","floor":8.0,"gold_loss":0.0,"damage_taken":0.0,"relics_obtained":["Golden Idol"],"cards_obtained":["Injury"]},{"damage_healed":0.0,"max_hp_gain":0.0,"max_hp_loss":0.0,"gold_gain":0.0,"event_name":"Cursed Tome","player_choice":"Obtained Book","floor":19.0,"gold_loss":0.0,"damage_taken":16.0}],"is_beta":false,"boss_relics":[{"not_picked":["Velvet Choker","Lizard Tail"],"picked":"Astrolabe"}],"items_purged_floors":[4,20],"is_endless":false,"potions_floor_spawned":[2,5,11,14,16],"killed_by":"Shelled Parasite and Fungi","ascension_level":10}