{"gold_per_floor":[115,65,83,100,117,117,147,167,167,52,52,91,91,119,119,225,225,246,12,36,63,162,205,205,205],"floor_reached":25,"playtime":1016,"items_purged":[],"score":315,"play_id":"4a555eb3-7693-4a60-b99b-cf59e34d8d4d","local_time":"20191014164445","is_ascension_mode":true,"campfire_choices":[{"data":"Shrug It Off","floor":6.0,"key":"SMITH"},{"data":"Body Slam","floor":11.0,"key":"SMITH"},{"data":"Armaments","floor":13.0,"key":"SMITH"},{"floor":15.0,"key":"REST"},{"floor":24.0,"key":"REST"}],"neow_cost":"NONE","seed_source_timestamp":0,"circlet_count":0,"master_deck":["Strike_R","Strike_R","Strike_R","Strike_R","Strike_R","Defend_R","Defend_R","Defend_R","Defend_R","Bash","Iron Wave","Thunderclap","Shrug It Off+1","Flex","Spot Weakness","Heavy Blade","Armaments+1","Entrench+1","Body Slam+1","Power Through+1","Berserk","Limit Break+1","Flex+1","Pummel","Cleave","Heavy Blade+1","Double Tap+1"],"special_seed":0,"relics":["Philosopher\u0027s Stone","Matryoshka","CeramicFish","Toxic Egg 2","Pocketwatch","SlaversCollar","PreservedInsect","Dodecahedron"],"potions_floor_usage":[],"damage_taken":[{"damage":2.0,"enemies":"Cultist","floor":1.0,"turns":3.0},{"damage":0.0,"enemies":"2 Louse","floor":3.0,"turns":3.0},{"damage":4.0,"enemies":"Small Slimes","floor":4.0,"turns":3.0},{"damage":1.0,"enemies":"Exordium Thugs","floor":5.0,"turns":4.0},{"damage":45.0,"enemies":"Gremlin Nob","floor":7.0,"turns":5.0},{"damage":10.0,"enemies":"2 Fungi Beasts","floor":8.0,"turns":3.0},{"damage":5.0,"enemies":"3 Sentries","floor":12.0,"turns":4.0},{"damage":0.0,"enemies":"Large Slime","floor":14.0,"turns":6.0},{"damage":22.0,"enemies":"Slime Boss","floor":16.0,"turns":7.0},{"damage":6.0,"enemies":"Shell Parasite","floor":18.0,"turns":5.0},{"damage":20.0,"enemies":"3 Byrds","floor":20.0,"turns":6.0},{"damage":36.0,"enemies":"Shelled Parasite and Fungi","floor":21.0,"turns":5.0},{"damage":3.0,"enemies":"Slavers","floor":23.0,"turns":3.0},{"damage":30,"enemies":"Gremlin Leader","floor":25,"turns":4}],"seed_played":"8840679563065702932","potions_obtained":[{"floor":1.0,"key":"BloodPotion"},{"floor":7.0,"key":"SpeedPotion"},{"floor":8.0,"key":"SkillPotion"},{"floor":12.0,"key":"SkillPotion"},{"floor":14.0,"key":"EssenceOfSteel"},{"floor":18.0,"key":"SteroidPotion"},{"floor":21.0,"key":"Strength Potion"}],"is_trial":false,"path_per_floor":["M","$","M","M","M","R","E","M","T","$","R","E","R","M","R","B",null,"M","$","M","M","?","E","R","E"],"character_chosen":"IRONCLAD","items_purchased":["Thunderclap","Entrench+1","Body Slam","PowerPotion","PreservedInsect","Pummel","SteroidPotion"],"campfire_rested":2,"item_purchase_floors":[2,10,10,10,19,19,19],"current_hp_per_floor":[70,70,70,66,65,65,36,26,26,26,26,21,21,21,45,23,66,60,60,40,4,4,1,25,0],"gold":205,"neow_bonus":"BOSS_RELIC","is_prod":false,"is_daily":false,"chose_seed":false,"campfire_upgraded":3,"win_rate":0,"timestamp":1571064285,"path_taken":["M","$","M","M","M","R","E","?","T","$","R","E","R","M","R","BOSS","M","$","M","M","?","E","R","E"],"build_version":"2019-10-11","purchased_purges":0,"victory":false,"max_hp_per_floor":[80,80,80,80,80,80,80,80,80,80,80,80,80,80,80,80,80,80,80,80,80,80,80,80,80],"card_choices":[{"not_picked":["Intimidate","Carnage"],"picked":"Iron Wave","floor":1.0},{"not_picked":["Iron Wave","Blood for Blood"],"picked":"Shrug It Off","floor":3.0},{"not_picked":["Anger","Havoc"],"picked":"Flex","floor":4.0},{"not_picked":["Dual Wield","Fire Breathing"],"picked":"Spot Weakness","floor":5.0},{"not_picked":["Ghostly Armor","Anger"],"picked":"Heavy Blade","floor":7.0},{"not_picked":["Body Slam","Thunderclap"],"picked":"Armaments","floor":8.0},{"not_picked":["Body Slam","Flex+1"],"picked":"Power Through+1","floor":12.0},{"not_picked":["Uppercut","Twin Strike"],"picked":"Berserk","floor":14.0},{"not_picked":["Brutality","Demon Form"],"picked":"Limit Break+1","floor":16.0},{"not_picked":["Wild Strike","Armaments+1"],"picked":"Flex+1","floor":18.0},{"not_picked":["Anger","True Grit+1"],"picked":"Cleave","floor":20.0},{"not_picked":["Hemokinesis+1","Metallicize"],"picked":"Heavy Blade+1","floor":21.0},{"not_picked":["Blood for Blood","Clash"],"picked":"Double Tap+1","floor":23.0}],"player_experience":507268,"relics_obtained":[{"floor":7.0,"key":"Matryoshka"},{"floor":9.0,"key":"CeramicFish"},{"floor":9.0,"key":"Toxic Egg 2"},{"floor":12.0,"key":"Pocketwatch"},{"floor":23.0,"key":"Dodecahedron"}],"event_choices":[{"damage_healed":0.0,"max_hp_gain":0.0,"max_hp_loss":0.0,"gold_gain":99.0,"event_name":"Nest","player_choice":"Stole From Cult","floor":22.0,"gold_loss":0.0,"damage_taken":0.0}],"is_beta":true,"boss_relics":[{"not_picked":["Tiny House","Snecko Eye"],"picked":"SlaversCollar"}],"items_purged_floors":[],"is_endless":false,"potions_floor_spawned":[1,7,8,12,14,18,21],"killed_by":"Gremlin Leader","ascension_level":7}