{"gold_per_floor":[113,29,29,40,40,40,65,65,65,65,96,109,123,153,153,229,229,243,257,277,277,277,277,295,295],"floor_reached":25,"playtime":1069,"items_purged":[],"score":411,"play_id":"ba59fa96-77ca-49ee-99c9-230588ad9bbf","local_time":"20191017125136","is_ascension_mode":true,"campfire_choices":[{"data":"Defragment","floor":6.0,"key":"SMITH"},{"floor":8.0,"key":"REST"},{"data":"Dualcast","floor":10.0,"key":"SMITH"},{"floor":15.0,"key":"REST"},{"floor":23,"key":"REST"}],"neow_cost":"NONE","seed_source_timestamp":0,"circlet_count":0,"master_deck":["AscendersBane","Strike_B","Strike_B","Defend_B","Defend_B","Defend_B","Defend_B","Zap","Dualcast+1","Cold Snap","Defragment+1","Fission","Zap","Conserve Battery","Sunder","Hologram","White Noise","Leap","Barrage","Biased Cognition","Go for the Eyes+1","Hyperbeam","Reinforced Body","BootSequence"],"special_seed":0,"relics":["Cracked Core","PreservedInsect","Bottled Lightning","Pocketwatch","Odd Mushroom","Eternal Feather"],"potions_floor_usage":[],"damage_taken":[{"damage":1.0,"enemies":"Cultist","floor":1.0,"turns":3.0},{"damage":1.0,"enemies":"2 Louse","floor":4.0,"turns":3.0},{"damage":30.0,"enemies":"Lagavulin","floor":7.0,"turns":7.0},{"damage":6.0,"enemies":"3 Sentries","floor":11.0,"turns":4.0},{"damage":0.0,"enemies":"Small Slimes","floor":12.0,"turns":2.0},{"damage":5.0,"enemies":"Looter","floor":13.0,"turns":3.0},{"damage":18.0,"enemies":"The Mushroom Lair","floor":14.0,"turns":5.0},{"damage":48.0,"enemies":"Hexaghost","floor":16.0,"turns":10.0},{"damage":27.0,"enemies":"3 Byrds","floor":18.0,"turns":4.0},{"damage":18.0,"enemies":"Spheric Guardian","floor":19.0,"turns":4.0},{"damage":11.0,"enemies":"Snecko","floor":20.0,"turns":8.0},{"damage":7,"enemies":"Centurion and Healer","floor":24,"turns":10},{"damage":39,"enemies":"Sentry and Sphere","floor":25,"turns":5}],"seed_played":"5459157715421249334","potions_obtained":[{"floor":7.0,"key":"GamblersBrew"},{"floor":11.0,"key":"GamblersBrew"},{"floor":13.0,"key":"Fire Potion"},{"floor":18.0,"key":"AttackPotion"}],"is_trial":false,"path_per_floor":["M","$","?","M","$","R","E","R","T","R","E","M","M","?","R","B",null,"M","M","M","?","?","R","M","M"],"character_chosen":"DEFECT","items_purchased":["Defragment"],"campfire_rested":3,"item_purchase_floors":[2],"current_hp_per_floor":[70,70,70,69,69,69,39,62,62,62,56,56,51,33,56,8,61,34,16,5,5,5,40,33,0],"gold":295,"neow_bonus":"TEN_PERCENT_HP_BONUS","is_prod":false,"is_daily":false,"chose_seed":false,"campfire_upgraded":2,"win_rate":0,"timestamp":1571341896,"path_taken":["M","$","?","M","?","R","E","R","T","R","E","M","M","?","R","BOSS","M","M","M","?","?","R","?","M"],"build_version":"2019-07-17","purchased_purges":0,"victory":false,"max_hp_per_floor":[78,78,78,78,78,78,78,78,78,78,78,78,78,78,78,78,78,78,78,78,78,78,78,78,78],"card_choices":[{"not_picked":["Gash","Compile Driver"],"picked":"Cold Snap","floor":1.0},{"not_picked":["Leap","Beam Cell"],"picked":"Conserve Battery","floor":4.0},{"not_picked":["Sweeping Beam","Cold Snap"],"picked":"Sunder","floor":7.0},{"not_picked":["Undo","Hello World"],"picked":"Hologram","floor":11.0},{"not_picked":["Hyperbeam","Ball Lightning"],"picked":"White Noise","floor":12.0},{"not_picked":["Static Discharge","Rebound"],"picked":"Leap","floor":13.0},{"not_picked":["Compile Driver","Redo"],"picked":"Barrage","floor":14.0},{"not_picked":["Machine Learning","Core Surge"],"picked":"Biased Cognition","floor":16.0},{"not_picked":["Sweeping Beam","Ball Lightning","Turbo"],"picked":"SKIP","floor":18.0},{"not_picked":["Sweeping Beam+1","Defragment","Doom and Gloom"],"picked":"SKIP","floor":19.0},{"not_picked":["Tempest","Conserve Battery"],"picked":"Go for the Eyes+1","floor":20.0},{"not_picked":["Turbo","Consume"],"picked":"BootSequence","floor":24}],"player_experience":708049,"relics_obtained":[{"floor":7.0,"key":"PreservedInsect"},{"floor":9.0,"key":"Bottled Lightning"},{"floor":11.0,"key":"Pocketwatch"},{"floor":14.0,"key":"Odd Mushroom"}],"event_choices":[{"damage_healed":0.0,"max_hp_gain":0.0,"max_hp_loss":0.0,"gold_gain":0.0,"event_name":"Match and Keep!","player_choice":"2 cards matched","floor":3.0,"gold_loss":0.0,"damage_taken":0.0,"cards_obtained":["Fission","Zap"]},{"damage_healed":0.0,"max_hp_gain":0.0,"max_hp_loss":0.0,"gold_gain":0.0,"event_name":"Mushrooms","player_choice":"Fought Mushrooms","floor":14.0,"gold_loss":0.0,"damage_taken":0.0},{"damage_healed":0.0,"max_hp_gain":0.0,"max_hp_loss":0.0,"gold_gain":0.0,"cards_transformed":["Strike_B","Strike_B"],"event_name":"Drug Dealer","player_choice":"Became Test Subject","floor":21.0,"gold_loss":0.0,"damage_taken":0.0,"cards_obtained":["Hyperbeam","Reinforced Body"]},{"damage_healed":0,"gold_gain":0,"player_choice":"Leave","damage_taken":0,"max_hp_gain":0,"max_hp_loss":0,"event_name":"FaceTrader","floor":22,"gold_loss":0}],"is_beta":false,"boss_relics":[{"not_picked":["Tiny House","Cursed Key"],"picked":"Eternal Feather"}],"items_purged_floors":[],"is_endless":false,"potions_floor_spawned":[7,11,12,13,18],"killed_by":"Sentry and Sphere","ascension_level":19}