{"gold_per_floor":[111,130,130,305,305,305,331,342,342,315,329,345,345,361,361,464,464,478,154,137,20,40,40],"floor_reached":23,"playtime":1375,"items_purged":["Pain"],"score":365,"play_id":"8e9cb4b5-d228-4cf2-99e5-de892a333a5c","local_time":"20190425133514","is_ascension_mode":true,"campfire_choices":[{"data":"Coolheaded","floor":6.0,"key":"SMITH"},{"floor":13.0,"key":"DIG"},{"floor":15.0,"key":"DIG"}],"neow_cost":"PERCENT_DAMAGE","seed_source_timestamp":351642157063500,"circlet_count":0,"master_deck":["AscendersBane","Strike_B","Strike_B","Strike_B","Strike_B","Defend_B+1","Defend_B+1","Defend_B","Defend_B","Zap","Dualcast+1","Coolheaded+1","Ball Lightning","Echo Form","Chill","Self Repair","Sunder","Core Surge","Writhe","Parasite","Capacitor+1","Doom and Gloom"],"special_seed":0,"relics":["Cracked Core","Shovel","Unceasing Top","Oddly Smooth Stone","The Courier","Calling Bell","Ancient Tea Set","Kunai","Incense Burner","Orichalcum","War Paint","Omamori"],"potions_floor_usage":[23],"damage_taken":[{"damage":0.0,"enemies":"2 Louse","floor":1.0,"turns":3.0},{"damage":1.0,"enemies":"Small Slimes","floor":2.0,"turns":3.0},{"damage":11.0,"enemies":"Lagavulin","floor":7.0,"turns":6.0},{"damage":0.0,"enemies":"Cultist","floor":8.0,"turns":3.0},{"damage":3.0,"enemies":"3 Louse","floor":11.0,"turns":3.0},{"damage":7.0,"enemies":"Blue Slaver","floor":12.0,"turns":4.0},{"damage":8.0,"enemies":"Exordium Thugs","floor":14.0,"turns":4.0},{"damage":0.0,"enemies":"The Guardian","floor":16.0,"turns":14.0},{"damage":29.0,"enemies":"Spheric Guardian","floor":18.0,"turns":5.0},{"damage":0.0,"enemies":"2 Thieves","floor":20.0,"turns":4.0},{"damage":18.0,"enemies":"Chosen and Byrds","floor":22.0,"turns":7.0},{"damage":55,"enemies":"Book of Stabbing","floor":23,"turns":5}],"seed_played":"3852154682190795226","potions_obtained":[{"floor":2.0,"key":"Weak Potion"},{"floor":8.0,"key":"SteroidPotion"},{"floor":11.0,"key":"Regen Potion"},{"floor":20.0,"key":"Poison Potion"}],"is_trial":false,"path_per_floor":["M","M","?","?","?","R","E","M","T","?","M","M","R","M","R","B",null,"M","$","M","$","M","E"],"character_chosen":"DEFECT","items_purchased":["Orichalcum","War Paint","Doom and Gloom","Omamori"],"campfire_rested":0,"item_purchase_floors":[19,19,19,21],"current_hp_per_floor":[64,63,63,63,63,63,52,52,52,52,49,49,49,41,41,63,83,61,61,61,61,50,0],"gold":40,"neow_bonus":"TWENTY_PERCENT_HP_BONUS","is_prod":false,"is_daily":false,"chose_seed":false,"campfire_upgraded":1,"win_rate":0,"timestamp":1556217314,"path_taken":["M","M","?","?","?","R","E","?","T","?","M","M","R","M","R","BOSS","M","$","M","$","M","E"],"build_version":"2019-01-23","purchased_purges":1,"victory":false,"max_hp_per_floor":[89,89,89,89,89,89,89,89,89,89,89,89,89,89,89,89,89,89,89,89,89,89,89],"card_choices":[{"not_picked":["Rebound","Barrage"],"picked":"Coolheaded","floor":1.0},{"not_picked":["Gash","Leap"],"picked":"Ball Lightning","floor":2.0},{"not_picked":["Fusion","Multi-Cast"],"picked":"Echo Form","floor":7.0},{"not_picked":["Barrage","Redo"],"picked":"Chill","floor":8.0},{"not_picked":["Force Field","Heatsinks"],"picked":"Self Repair","floor":11.0},{"not_picked":["Redo","Steam Power"],"picked":"Sunder","floor":12.0},{"not_picked":["Recycle","Rebound","Streamline"],"picked":"SKIP","floor":14.0},{"not_picked":["Buffer","Amplify"],"picked":"Core Surge","floor":16.0},{"not_picked":["Conserve Battery","Loop"],"picked":"Capacitor+1","floor":18.0},{"not_picked":["Lockon+1","Cold Snap","Ball Lightning"],"picked":"SKIP","floor":20.0},{"not_picked":["Hologram","Melter","Beam Cell"],"picked":"SKIP","floor":22.0}],"player_experience":539103,"relics_obtained":[{"floor":7.0,"key":"Shovel"},{"floor":9.0,"key":"Unceasing Top"},{"floor":13.0,"key":"Oddly Smooth Stone"},{"floor":15.0,"key":"The Courier"},{"floor":17.0,"key":"Ancient Tea Set"},{"floor":17.0,"key":"Kunai"},{"floor":17.0,"key":"Incense Burner"}],"event_choices":[{"damage_healed":0.0,"max_hp_gain":0.0,"max_hp_loss":0.0,"gold_gain":0.0,"event_name":"Living Wall","player_choice":"Grow","floor":3.0,"gold_loss":0.0,"damage_taken":0.0,"cards_upgraded":["Dualcast"]},{"damage_healed":0.0,"max_hp_gain":0.0,"max_hp_loss":0.0,"gold_gain":175.0,"event_name":"Liars Game","player_choice":"AGREE","floor":4.0,"gold_loss":0.0,"damage_taken":0.0,"cards_obtained":["Doubt"]},{"cards_removed":["Doubt"],"damage_healed":0.0,"max_hp_gain":0.0,"max_hp_loss":0.0,"gold_gain":0.0,"event_name":"Fountain of Cleansing","player_choice":"Removed Curses","floor":5.0,"gold_loss":0.0,"damage_taken":0.0},{"damage_healed":0.0,"max_hp_gain":0.0,"max_hp_loss":0.0,"gold_gain":0.0,"event_name":"World of Goop","player_choice":"Left Gold","floor":10.0,"gold_loss":27.0,"damage_taken":0.0}],"is_beta":false,"boss_relics":[{"not_picked":["FrozenCore","Pandora\u0027s Box"],"picked":"Calling Bell"}],"items_purged_floors":[19],"is_endless":false,"potions_floor_spawned":[2,8,11,20],"killed_by":"Book of Stabbing","ascension_level":10}