{"gold_per_floor":[112,131,56,56,68,80,117,150,185,197,248,274,286,312,324,336],"floor_reached":16,"playtime":1528,"items_purged":["Strike_R"],"score":160,"play_id":"4aca50b6-4f36-4cbc-ae88-c672ea7f19c8","local_time":"20190927183730","is_ascension_mode":true,"campfire_choices":[{"data":"Pommel Strike","floor":6.0,"key":"SMITH"},{"data":"Bash","floor":10.0,"key":"SMITH"},{"floor":15,"key":"REST"}],"neow_cost":"PERCENT_DAMAGE","seed_source_timestamp":0,"circlet_count":0,"master_deck":["Strike_R","Strike_R","Strike_R","Strike_R","Defend_R","Defend_R","Defend_R","Defend_R","Bash+1","Pommel Strike+1","Corruption","Regret","True Grit","Evolve","Pummel"],"special_seed":0,"relics":["Burning Blood","Incense Burner","MawBank","Golden Idol","Red Skull","Du-Vu Doll"],"potions_floor_usage":[16,16],"damage_taken":[{"damage":1.0,"enemies":"Cultist","floor":1.0,"turns":3.0},{"damage":2.0,"enemies":"2 Louse","floor":2.0,"turns":3.0},{"damage":4.0,"enemies":"Small Slimes","floor":7.0,"turns":3.0},{"damage":13.0,"enemies":"Looter","floor":8.0,"turns":3.0},{"damage":41.0,"enemies":"Lagavulin","floor":11.0,"turns":8.0},{"damage":3.0,"enemies":"Large Slime","floor":12.0,"turns":4.0},{"damage":6,"enemies":"3 Louse","floor":14,"turns":2},{"damage":50,"enemies":"Slime Boss","floor":16,"turns":8}],"seed_played":"1543620816418712402","potions_obtained":[{"floor":2.0,"key":"Swift Potion"},{"floor":11.0,"key":"FearPotion"}],"is_trial":false,"path_per_floor":["M","M","$","?","?","R","M","M","T","R","E","M","$","M","R","B"],"character_chosen":"IRONCLAD","items_purchased":[],"campfire_rested":1,"item_purchase_floors":[],"current_hp_per_floor":[61,65,65,65,65,65,67,60,60,60,25,28,28,28,50,0],"gold":336,"neow_bonus":"ONE_RARE_RELIC","is_prod":false,"is_daily":false,"chose_seed":false,"campfire_upgraded":2,"win_rate":0,"timestamp":1569627450,"path_taken":["M","?","$","?","?","R","M","M","T","R","E","M","$","M","R","BOSS"],"build_version":"2019-07-17","purchased_purges":1,"victory":false,"max_hp_per_floor":[80,80,80,80,74,74,74,74,74,74,74,74,74,74,74,74],"card_choices":[{"not_picked":["Second Wind","Thunderclap"],"picked":"Pommel Strike","floor":1.0},{"not_picked":["Sentinel","Thunderclap"],"picked":"Corruption","floor":2.0},{"not_picked":["Bloodletting","Infernal Blade"],"picked":"True Grit","floor":7.0},{"not_picked":["Pummel","Intimidate"],"picked":"Evolve","floor":8.0},{"not_picked":["Iron Wave","Flex"],"picked":"Pummel","floor":11.0},{"not_picked":["Perfected Strike","Flex","Body Slam"],"picked":"SKIP","floor":12.0},{"not_picked":["Twin Strike","Clothesline","Combust"],"picked":"SKIP","floor":14}],"player_experience":376295,"relics_obtained":[{"floor":9.0,"key":"Red Skull"},{"floor":11.0,"key":"Du-Vu Doll"}],"event_choices":[{"damage_healed":0.0,"max_hp_gain":0.0,"max_hp_loss":0.0,"gold_gain":0.0,"event_name":"Big Fish","player_choice":"Box","floor":4.0,"gold_loss":0.0,"damage_taken":0.0,"relics_obtained":["MawBank"],"cards_obtained":["Regret"]},{"damage_healed":0.0,"max_hp_gain":0.0,"max_hp_loss":6.0,"gold_gain":0.0,"event_name":"Golden Idol","player_choice":"Lose Max HP","floor":5.0,"gold_loss":0.0,"damage_taken":0.0,"relics_obtained":["Golden Idol"]}],"is_beta":false,"boss_relics":[],"items_purged_floors":[3],"is_endless":false,"potions_floor_spawned":[2,11],"killed_by":"Slime Boss","ascension_level":1}