{"gold_per_floor":[164,239,24,83,93,93,125,125,150,200,200,218,244,260,260,260],"floor_reached":16,"playtime":565,"items_purged":[],"score":205,"play_id":"dad8c580-9458-4590-a981-bd2291339a4e","local_time":"20190429185529","is_ascension_mode":true,"campfire_choices":[{"data":"Searing Blow","floor":6,"key":"SMITH"},{"data":"Searing Blow+1","floor":8,"key":"SMITH"},{"floor":11,"key":"REST"},{"data":"Searing Blow+2","floor":15,"key":"SMITH"}],"neow_cost":"NONE","seed_source_timestamp":717369589223024,"circlet_count":0,"master_deck":["AscendersBane","Strike_R+1","Strike_R","Strike_R","Strike_R","Strike_R","Defend_R","Defend_R","Defend_R","Defend_R","Bash","Shockwave","Searing Blow+3","Shrug It Off","Shrug It Off","Headbutt","Shockwave"],"relics":["Tiny House","Sling","Centennial Puzzle","Regal Pillow","Ancient Tea Set"],"potions_floor_usage":[7,7,7,7,16],"damage_taken":[{"damage":13,"enemies":"Jaw Worm","floor":1,"turns":5},{"damage":10,"enemies":"2 Louse","floor":5,"turns":4},{"damage":6,"enemies":"Gremlin Nob","floor":7,"turns":3},{"damage":0,"enemies":"Cultist","floor":12,"turns":2},{"damage":22,"enemies":"Lagavulin","floor":13,"turns":6},{"damage":3,"enemies":"Looter","floor":14,"turns":4},{"damage":50,"enemies":"Hexaghost","floor":16,"turns":11}],"seed_played":"6173914914043472090","potions_obtained":[{"floor":0,"key":"EntropicBrew"},{"floor":1,"key":"Poison Potion"},{"floor":13,"key":"Weak Potion"}],"is_trial":false,"path_per_floor":["M","?","$","?","M","R","E","R","T","?","R","M","E","M","R","B"],"character_chosen":"IRONCLAD","items_purchased":["Sling"],"campfire_rested":1,"item_purchase_floors":[3],"current_hp_per_floor":[60,49,49,49,39,39,33,33,33,33,72,72,50,47,47,0],"gold":260,"neow_bonus":"BOSS_RELIC","is_prod":false,"is_daily":false,"chose_seed":false,"campfire_upgraded":3,"win_rate":0,"timestamp":1556582129,"path_taken":["M","?","?","?","M","R","E","R","T","?","R","?","E","M","R","BOSS"],"build_version":"2019-01-23","purchased_purges":0,"victory":false,"max_hp_per_floor":[80,80,80,80,80,80,80,80,80,80,80,80,80,80,80,80],"card_choices":[{"not_picked":["Second Wind","Clash"],"picked":"Shockwave","floor":0},{"not_picked":["Heavy Blade","Disarm"],"picked":"Searing Blow","floor":1},{"not_picked":["Infernal Blade","Searing Blow"],"picked":"Shrug It Off","floor":5},{"not_picked":["Feed","Carnage"],"picked":"Shrug It Off","floor":7},{"not_picked":["Wild Strike","Heavy Blade","Clash"],"picked":"SKIP","floor":12},{"not_picked":["Reckless Charge","Armaments"],"picked":"Headbutt","floor":13},{"not_picked":["Corruption","Perfected Strike"],"picked":"Shockwave","floor":14}],"player_experience":571100,"relics_obtained":[{"floor":7,"key":"Centennial Puzzle"},{"floor":9,"key":"Regal Pillow"},{"floor":13,"key":"Ancient Tea Set"}],"event_choices":[{"damage_healed":0,"gold_gain":75,"player_choice":"Gather Gold","damage_taken":11,"max_hp_gain":0,"max_hp_loss":0,"event_name":"World of Goop","floor":2,"gold_loss":0},{"damage_healed":0,"gold_gain":59,"player_choice":"Gained Gold","damage_taken":0,"max_hp_gain":0,"max_hp_loss":0,"event_name":"Golden Wing","floor":4,"gold_loss":0},{"damage_healed":0,"gold_gain":50,"player_choice":"Pray","damage_taken":0,"max_hp_gain":0,"max_hp_loss":0,"event_name":"Golden Shrine","floor":10,"gold_loss":0}],"is_beta":false,"boss_relics":[],"items_purged_floors":[],"is_endless":false,"potions_floor_spawned":[1,13],"killed_by":"Hexaghost","ascension_level":18}