{"gold_per_floor":[366,70,82,17,36,71,71,43,43,43,53,73,88,103,103,103],"floor_reached":16,"playtime":569,"items_purged":["Clumsy"],"score":203,"play_id":"d996611e-f542-4aee-81b4-0652a2e88f17","local_time":"20191014203340","is_ascension_mode":true,"campfire_choices":[{"floor":7.0,"key":"REST"},{"floor":15.0,"key":"REST"}],"neow_cost":"CURSE","seed_source_timestamp":3069277864100,"circlet_count":0,"master_deck":["AscendersBane","Strike_B","Strike_B","Strike_B","Strike_B","Defend_B","Defend_B","Defend_B","Defend_B","Zap","Dualcast","Cold Snap","Hologram","Leap","Capacitor","Compile Driver","Loop","Go for the Eyes","Stack"],"special_seed":0,"relics":["Cracked Core","ClockworkSouvenir","Mercury Hourglass","Bottled Lightning","Pear"],"potions_floor_usage":[16],"damage_taken":[{"damage":15.0,"enemies":"2 Louse","floor":1.0,"turns":3.0},{"damage":0.0,"enemies":"Cultist","floor":3.0,"turns":3.0},{"damage":9.0,"enemies":"Jaw Worm","floor":5.0,"turns":3.0},{"damage":39.0,"enemies":"Gremlin Nob","floor":6.0,"turns":5.0},{"damage":1.0,"enemies":"2 Fungi Beasts","floor":11.0,"turns":3.0},{"damage":5.0,"enemies":"Blue Slaver","floor":12.0,"turns":3.0},{"damage":5.0,"enemies":"Large Slime","floor":13.0,"turns":5.0},{"damage":0.0,"enemies":"2 Fungi Beasts","floor":14.0,"turns":3.0},{"damage":63,"enemies":"Hexaghost","floor":16,"turns":14}],"seed_played":"-8978680983625612271","potions_obtained":[{"floor":11.0,"key":"Ancient Potion"},{"floor":13.0,"key":"Regen Potion"}],"is_trial":false,"path_per_floor":["M","$","M","?","M","E","R","$","T","?","M","M","M","M","R","B"],"character_chosen":"DEFECT","items_purchased":["ClockworkSouvenir","Compile Driver"],"campfire_rested":2,"item_purchase_floors":[2,8],"current_hp_per_floor":[49,49,49,49,40,1,22,22,32,32,31,26,21,21,45,0],"gold":103,"neow_bonus":"TWO_FIFTY_GOLD","is_prod":false,"is_daily":false,"chose_seed":false,"campfire_upgraded":0,"win_rate":0,"timestamp":1571110420,"path_taken":["M","$","M","?","M","E","R","?","T","?","M","M","?","M","R","BOSS"],"build_version":"2019-07-17","purchased_purges":1,"victory":false,"max_hp_per_floor":[71,71,71,71,71,71,71,71,81,81,81,81,81,81,81,81],"card_choices":[{"not_picked":["Conserve Battery","Gash"],"picked":"Cold Snap","floor":1.0},{"not_picked":["Streamline","Ball Lightning"],"picked":"Hologram","floor":3.0},{"not_picked":["Compile Driver","Turbo"],"picked":"Leap","floor":5.0},{"not_picked":["Consume","Scrape"],"picked":"Capacitor","floor":6.0},{"not_picked":["Conserve Battery","Hologram"],"picked":"Loop","floor":11.0},{"not_picked":["Cold Snap","Redo"],"picked":"Go for the Eyes","floor":12.0},{"not_picked":["Compile Driver","Doom and Gloom"],"picked":"Stack","floor":13.0},{"not_picked":["Beam Cell","Turbo","Auto Shields"],"picked":"SKIP","floor":14.0}],"player_experience":698830,"relics_obtained":[{"floor":6.0,"key":"Bottled Lightning"},{"floor":9.0,"key":"Pear"}],"event_choices":[{"damage_healed":0.0,"max_hp_gain":0.0,"max_hp_loss":0.0,"gold_gain":0.0,"event_name":"WeMeetAgain","player_choice":"Paid Gold","floor":4.0,"gold_loss":65.0,"damage_taken":0.0,"relics_obtained":["Mercury Hourglass"]},{"damage_healed":0.0,"max_hp_gain":0.0,"max_hp_loss":0.0,"gold_gain":0.0,"event_name":"Shining Light","player_choice":"Ignored","floor":10.0,"gold_loss":0.0,"damage_taken":0.0}],"is_beta":false,"boss_relics":[],"items_purged_floors":[2],"is_endless":false,"potions_floor_spawned":[11,13],"killed_by":"Hexaghost","ascension_level":19}