{"gold_per_floor":[117,131,109,129,129,129,158,158,158,193,193,18,18,32,32,128,128,114,129,129,149,36,36,63,63,63,92,109,109,129,162,162,257,257,269,269,279,75,85,85,95,109,134,134,134,169,269,280,280,280,280,280,2,28,28],"floor_reached":56,"playtime":4213,"items_purged":["Strike_B"],"score":1655,"play_id":"1b67740e-54d8-4dfd-ad4a-5761cd84e717","local_time":"20190425154524","is_ascension_mode":true,"campfire_choices":[{"data":"Zap","floor":6.0,"key":"SMITH"},{"floor":8.0,"key":"REST"},{"floor":11.0,"key":"REST"},{"data":"1","floor":15.0,"key":"LIFT"},{"floor":23.0,"key":"REST"},{"data":"2","floor":25.0,"key":"LIFT"},{"data":"3","floor":29.0,"key":"LIFT"},{"data":"Dualcast","floor":32.0,"key":"SMITH"},{"floor":40.0,"key":"RECALL"},{"data":"Cold Snap","floor":49.0,"key":"SMITH"},{"data":"Blizzard","floor":52.0,"key":"SMITH"}],"neow_cost":"NONE","seed_source_timestamp":356106620036510,"circlet_count":0,"master_deck":["AscendersBane","Strike_B","Strike_B","Strike_B","Defend_B","Defend_B","Defend_B","Defend_B","Zap+1","Dualcast+1","Cold Snap+1","Blizzard+1","Ball Lightning","Cold Snap+1","Self Repair+1","Conserve Battery+1","Blizzard+1","Reinforced Body+1","Electrodynamics+1","Leap+1","Cold Snap+1","Self Repair+1","Auto Shields+1","Consume+1","Electrodynamics+1","Ball Lightning+1","Defragment+1","Echo Form+1","Doom and Gloom+1","Coolheaded+1","Coolheaded+1","Loop+1","Madness+1","Madness+1","Static Discharge+1","Capacitor+1","Biased Cognition+1"],"special_seed":0,"relics":["Philosopher\u0027s Stone","Potion Belt","Girya","Frozen Egg 2","Toxic Egg 2","Velvet Choker","Bird Faced Urn","Darkstone Periapt","Orichalcum","Bag of Preparation","Nuclear Battery","Symbiotic Virus","Runic Capacitor","Pocketwatch","Centennial Puzzle","Torii","Bronze Scales","Whetstone"],"potions_floor_usage":[55,55,55],"damage_taken":[{"damage":1.0,"enemies":"Cultist","floor":1.0,"turns":4.0},{"damage":1.0,"enemies":"2 Louse","floor":2.0,"turns":3.0},{"damage":4.0,"enemies":"Jaw Worm","floor":4.0,"turns":4.0},{"damage":31.0,"enemies":"3 Sentries","floor":7.0,"turns":7.0},{"damage":21.0,"enemies":"Gremlin Nob","floor":10.0,"turns":4.0},{"damage":7.0,"enemies":"2 Fungi Beasts","floor":14.0,"turns":4.0},{"damage":4.0,"enemies":"Slime Boss","floor":16.0,"turns":10.0},{"damage":26.0,"enemies":"2 Thieves","floor":18.0,"turns":4.0},{"damage":19.0,"enemies":"3 Byrds","floor":19.0,"turns":4.0},{"damage":12.0,"enemies":"Centurion and Healer","floor":21.0,"turns":6.0},{"damage":26.0,"enemies":"Slavers","floor":24.0,"turns":5.0},{"damage":23.0,"enemies":"Book of Stabbing","floor":27.0,"turns":5.0},{"damage":0.0,"enemies":"Sentry and Sphere","floor":28.0,"turns":4.0},{"damage":1.0,"enemies":"Chosen and Byrds","floor":30.0,"turns":6.0},{"damage":28.0,"enemies":"Gremlin Leader","floor":31.0,"turns":6.0},{"damage":19.0,"enemies":"Automaton","floor":33.0,"turns":9.0},{"damage":0.0,"enemies":"Orb Walker","floor":35.0,"turns":3.0},{"damage":7.0,"enemies":"3 Shapes","floor":37.0,"turns":3.0},{"damage":0.0,"enemies":"Jaw Worm Horde","floor":39.0,"turns":2.0},{"damage":0.0,"enemies":"Maw","floor":41.0,"turns":6.0},{"damage":4.0,"enemies":"4 Shapes","floor":42.0,"turns":4.0},{"damage":16.0,"enemies":"Nemesis","floor":46.0,"turns":7.0},{"damage":33.0,"enemies":"Mind Bloom Boss Battle","floor":47.0,"turns":6.0},{"damage":37.0,"enemies":"Spire Growth","floor":48.0,"turns":5.0},{"damage":12.0,"enemies":"Awakened One","floor":50.0,"turns":13.0},{"damage":66.0,"enemies":"Shield and Spear","floor":54.0,"turns":7.0},{"damage":34,"enemies":"The Heart","floor":55,"turns":8}],"seed_played":"2317545502951047343","potions_obtained":[{"floor":2.0,"key":"SteroidPotion"},{"floor":14.0,"key":"Fire Potion"},{"floor":19.0,"key":"AttackPotion"},{"floor":21.0,"key":"Energy Potion"},{"floor":28.0,"key":"Poison Potion"},{"floor":30.0,"key":"SteroidPotion"},{"floor":37.0,"key":"Dexterity Potion"},{"floor":39.0,"key":"Block Potion"},{"floor":46.0,"key":"Ancient Potion"},{"floor":54.0,"key":"AttackPotion"}],"is_trial":false,"path_per_floor":["M","M","$","M","?","R","E","R","T","E","R","$","?","M","R","B",null,"M","M","?","M","$","R","E","R","T","E","M","R","M","E","R","B",null,"M","T","M","$","M","R","M","M","T","T","?","E","?","M","R","B",null,"R","$","E","B",null],"character_chosen":"DEFECT","items_purchased":["Ball Lightning","Self Repair+1","Conserve Battery+1","Blizzard","Consume+1","Runic Capacitor","Bronze Scales","Capacitor+1","Weak Potion"],"campfire_rested":3,"item_purchase_floors":[3,12,12,12,22,38,53,53,53],"current_hp_per_floor":[67,66,66,62,59,59,28,50,50,29,51,51,51,54,54,60,71,55,46,46,54,54,75,59,59,59,52,75,75,75,67,67,75,75,75,75,75,75,75,75,75,73,73,73,64,75,74,66,66,75,75,75,75,38,46],"gold":28,"neow_bonus":"BOSS_RELIC","is_prod":false,"is_daily":false,"chose_seed":false,"campfire_upgraded":4,"win_rate":0,"timestamp":1556225124,"path_taken":["M","M","$","?","?","R","E","R","T","E","R","$","?","M","R","BOSS","M","M","?","M","$","R","E","R","T","E","M","R","?","E","R","BOSS","M","?","M","$","M","R","?","M","T","?","?","E","?","M","R","BOSS","R","$","E","BOSS"],"build_version":"2019-01-23","purchased_purges":1,"victory":true,"max_hp_per_floor":[75,75,75,75,75,75,75,75,75,75,75,75,75,75,75,75,75,75,75,75,75,75,75,75,75,75,75,75,75,75,75,75,75,75,75,75,75,75,75,75,75,75,75,75,75,75,75,75,75,75,75,75,75,75,75],"card_choices":[{"not_picked":["Streamline","Stack"],"picked":"Cold Snap","floor":1.0},{"not_picked":["Doom and Gloom","Rebound"],"picked":"Blizzard","floor":2.0},{"not_picked":["Genetic Algorithm","Reinforced Body"],"picked":"Cold Snap","floor":4.0},{"not_picked":["Rebound","Gash","Fusion"],"picked":"SKIP","floor":7.0},{"not_picked":["Rebound","Gash","Fusion"],"picked":"SKIP","floor":7.0},{"not_picked":["Beam Cell","Steam","Go for the Eyes"],"picked":"SKIP","floor":10.0},{"not_picked":["Go for the Eyes","Sweeping Beam"],"picked":"Reinforced Body+1","floor":14.0},{"not_picked":["Buffer+1","Thunder Strike"],"picked":"Electrodynamics+1","floor":16.0},{"not_picked":["Ball Lightning","Steam+1"],"picked":"Leap+1","floor":18.0},{"not_picked":["Double Energy+1","Rebound+1"],"picked":"Cold Snap+1","floor":19.0},{"not_picked":["Coolheaded+1","FTL"],"picked":"Auto Shields+1","floor":21.0},{"not_picked":["Cold Snap+1","Recycle+1"],"picked":"Electrodynamics+1","floor":24.0},{"not_picked":["Steam+1","Compile Driver","Biased Cognition+1"],"picked":"SKIP","floor":27.0},{"not_picked":["Stack+1","Compile Driver+1"],"picked":"Ball Lightning+1","floor":28.0},{"not_picked":["Hello World+1","Stack+1"],"picked":"Defragment+1","floor":30.0},{"not_picked":["Cold Snap","Rip and Tear","Conserve Battery+1"],"picked":"SKIP","floor":31.0},{"not_picked":["Core Surge","Thunder Strike"],"picked":"Echo Form+1","floor":33.0},{"not_picked":["Skim+1","Conserve Battery+1"],"picked":"Doom and Gloom+1","floor":35.0},{"not_picked":["Genetic Algorithm+1","Cold Snap","Leap+1"],"picked":"SKIP","floor":37.0},{"not_picked":["Sweeping Beam","Fusion+1"],"picked":"Coolheaded+1","floor":39.0},{"not_picked":["Auto Shields+1","Recycle+1"],"picked":"Coolheaded+1","floor":41.0},{"not_picked":["Genetic Algorithm+1","Hologram+1"],"picked":"Loop+1","floor":42.0},{"not_picked":["Go for the Eyes+1","Cold Snap"],"picked":"Static Discharge+1","floor":46.0},{"not_picked":["Leap+1","FTL","Sweeping Beam"],"picked":"SKIP","floor":48.0},{"not_picked":["Gash","Core Surge"],"picked":"Biased Cognition+1","floor":54.0}],"player_experience":543138,"relics_obtained":[{"floor":7.0,"key":"Girya"},{"floor":9.0,"key":"Frozen Egg 2"},{"floor":10.0,"key":"Toxic Egg 2"},{"floor":24.0,"key":"Bird Faced Urn"},{"floor":26.0,"key":"Darkstone Periapt"},{"floor":27.0,"key":"Orichalcum"},{"floor":31.0,"key":"Bag of Preparation"},{"floor":36.0,"key":"Symbiotic Virus"},{"floor":44.0,"key":"Pocketwatch"},{"floor":46.0,"key":"Centennial Puzzle"},{"floor":47.0,"key":"Torii"},{"floor":54.0,"key":"Whetstone"}],"event_choices":[{"damage_healed":0.0,"max_hp_gain":0.0,"max_hp_loss":0.0,"gold_gain":0.0,"event_name":"Scrap Ooze","player_choice":"Success","floor":5.0,"gold_loss":0.0,"damage_taken":3.0,"relics_obtained":["Potion Belt"]},{"damage_healed":0.0,"max_hp_gain":0.0,"max_hp_loss":0.0,"gold_gain":0.0,"event_name":"The Cleric","player_choice":"Leave","floor":13.0,"gold_loss":0.0,"damage_taken":0.0},{"damage_healed":0.0,"max_hp_gain":0.0,"max_hp_loss":0.0,"gold_gain":0.0,"event_name":"Duplicator","player_choice":"Copied","floor":20.0,"gold_loss":0.0,"damage_taken":0.0,"cards_obtained":["Self Repair"]},{"damage_healed":0.0,"max_hp_gain":0.0,"max_hp_loss":0.0,"gold_gain":0.0,"event_name":"Winding Halls","player_choice":"Embrace Madness","floor":45.0,"gold_loss":0.0,"damage_taken":9.0,"cards_obtained":["Madness","Madness"]},{"damage_healed":0.0,"max_hp_gain":0.0,"max_hp_loss":0.0,"gold_gain":0.0,"event_name":"MindBloom","player_choice":"Fight","floor":47.0,"gold_loss":0.0,"damage_taken":0.0}],"is_beta":false,"boss_relics":[{"not_picked":["Calling Bell","Inserter"],"picked":"Velvet Choker"},{"not_picked":["Tiny House","Orrery"],"picked":"Nuclear Battery"}],"items_purged_floors":[22],"is_endless":false,"potions_floor_spawned":[2,14,19,21,28,30,37,39,46,54],"ascension_level":10}