{"gold_per_floor":[112,62,62,79,4,4,30,30,330,330,360,360,384,403,403,403],"floor_reached":16,"playtime":474,"items_purged":["Strike_B"],"score":108,"play_id":"8af6fdbf-05a1-4d58-b2cf-bedefea3843a","local_time":"20190602095053","is_ascension_mode":false,"campfire_choices":[{"data":"Zap","floor":6,"key":"SMITH"},{"floor":8,"key":"REST"},{"floor":10,"key":"REST"},{"floor":15,"key":"REST"}],"neow_cost":"NONE","seed_source_timestamp":773102340346300,"circlet_count":0,"master_deck":["Strike_B","Strike_B","Defend_B","Defend_B","Defend_B","Zap+1","Dualcast"],"relics":["Cracked Core","Gremlin Horn","Old Coin","PreservedInsect","Golden Idol"],"potions_floor_usage":[11,14,16],"damage_taken":[{"damage":7,"enemies":"Small Slimes","floor":1,"turns":4},{"damage":0,"enemies":"2 Louse","floor":4,"turns":2},{"damage":26,"enemies":"Lagavulin","floor":7,"turns":8},{"damage":58,"enemies":"3 Sentries","floor":11,"turns":8},{"damage":1,"enemies":"Jaw Worm","floor":13,"turns":3},{"damage":10,"enemies":"Lots of Slimes","floor":14,"turns":3},{"damage":32,"enemies":"The Guardian","floor":16,"turns":9}],"seed_played":"-1598467901181643587","potions_obtained":[{"floor":4,"key":"Swift Potion"},{"floor":11,"key":"PowerPotion"},{"floor":14,"key":"Poison Potion"}],"is_trial":false,"path_per_floor":["M","?","?","M","$","R","E","R","T","R","E","?","M","M","R","B"],"character_chosen":"DEFECT","items_purchased":[],"campfire_rested":3,"item_purchase_floors":[],"current_hp_per_floor":[75,75,68,68,68,68,42,66,66,82,24,24,23,13,35,3],"gold":403,"neow_bonus":"TEN_PERCENT_HP_BONUS","is_prod":false,"is_daily":false,"chose_seed":false,"campfire_upgraded":1,"win_rate":0,"timestamp":1559458253,"path_taken":["M","?","?","M","$","R","E","R","T","R","E","?","M","M","R","BOSS"],"build_version":"2019-06-01","purchased_purges":1,"victory":false,"max_hp_per_floor":[82,82,82,82,82,82,82,82,82,82,82,76,76,76,76,76],"card_choices":[{"not_picked":["Conserve Battery","Sweeping Beam","Cold Snap"],"picked":"SKIP","floor":1},{"not_picked":["Storm","White Noise","Beam Cell"],"picked":"SKIP","floor":4},{"not_picked":["Steam","Reboot","Conserve Battery"],"picked":"SKIP","floor":7},{"not_picked":["White Noise","Compile Driver","Cold Snap"],"picked":"SKIP","floor":11},{"not_picked":["BootSequence","Ball Lightning","Conserve Battery"],"picked":"SKIP","floor":13},{"not_picked":["Cold Snap","Conserve Battery","Barrage"],"picked":"SKIP","floor":14}],"player_experience":426031,"relics_obtained":[{"floor":7,"key":"Gremlin Horn"},{"floor":9,"key":"Old Coin"},{"floor":11,"key":"PreservedInsect"}],"event_choices":[{"cards_removed":["Defend_B"],"damage_healed":0,"gold_gain":0,"player_choice":"Card Removal","damage_taken":0,"max_hp_gain":0,"max_hp_loss":0,"event_name":"The Cleric","floor":2,"gold_loss":50},{"cards_removed":["Strike_B"],"damage_healed":0,"gold_gain":0,"player_choice":"Card Removal","damage_taken":7,"max_hp_gain":0,"max_hp_loss":0,"event_name":"Golden Wing","floor":3,"gold_loss":0},{"damage_healed":0,"gold_gain":0,"player_choice":"Lose Max HP","damage_taken":0,"relics_obtained":["Golden Idol"],"max_hp_gain":0,"max_hp_loss":6,"event_name":"Golden Idol","floor":12,"gold_loss":0}],"is_beta":true,"boss_relics":[],"items_purged_floors":[5],"is_endless":false,"potions_floor_spawned":[4,11,14],"killed_by":"The Guardian","ascension_level":0}