{"gold_per_floor":[115,134,56,21,21,21,21,21,47,47,62,62,77,109,109,187,187,201,41,41,41,41,41,341,355,423,433,39,39,39,39],"floor_reached":31,"playtime":1112,"items_purged":["Strike_R","Shame"],"score":404,"play_id":"826f5116-8092-4e2d-8fdb-d8cde2de0277","local_time":"20190424201443","is_ascension_mode":true,"campfire_choices":[{"data":"Searing Blow","floor":6.0,"key":"SMITH"},{"data":"Searing Blow+1","floor":8.0,"key":"SMITH"},{"data":"Searing Blow+2","floor":10.0,"key":"SMITH"},{"floor":15.0,"key":"REST"},{"data":"Searing Blow+3","floor":23,"key":"SMITH"},{"data":"Searing Blow+4","floor":29,"key":"SMITH"}],"neow_cost":"NONE","seed_source_timestamp":289418217267085,"circlet_count":0,"master_deck":["AscendersBane","Strike_R","Strike_R","Strike_R","Strike_R","Defend_R","Defend_R","Defend_R","Defend_R","Bash","Shrug It Off","Searing Blow+5","Evolve","Double Tap","Feed","Blind","Searing Blow+3","Decay"],"special_seed":0,"relics":["Runic Cube","Darkstone Periapt","Vajra","Ice Cream","Velvet Choker","Old Coin","Matryoshka","Anchor","Happy Flower"],"potions_floor_usage":[16,20,31],"damage_taken":[{"damage":8.0,"enemies":"Small Slimes","floor":1.0,"turns":4.0},{"damage":7.0,"enemies":"Jaw Worm","floor":2.0,"turns":3.0},{"damage":0.0,"enemies":"Cultist","floor":11.0,"turns":3.0},{"damage":7.0,"enemies":"Large Slime","floor":13.0,"turns":5.0},{"damage":35.0,"enemies":"Gremlin Nob","floor":14.0,"turns":5.0},{"damage":32,"enemies":"Slime Boss","floor":16,"turns":9},{"damage":16,"enemies":"Spheric Guardian","floor":18,"turns":4},{"damage":0,"enemies":"2 Thieves","floor":20,"turns":1},{"damage":12,"enemies":"3 Cultists","floor":25,"turns":4},{"damage":17,"enemies":"Snecko","floor":27,"turns":4},{"damage":32,"enemies":"Gremlin Leader","floor":31,"turns":2}],"seed_played":"-2349719484361078083","potions_obtained":[{"floor":2.0,"key":"Dexterity Potion"},{"floor":11.0,"key":"SpeedPotion"},{"floor":16,"key":"SmokeBomb"},{"floor":27,"key":"Dexterity Potion"}],"is_trial":false,"path_per_floor":["M","M","$","?","$","R","?","R","T","R","M","$","M","E","R","B",null,"M","$","M","?","$","R","?","M","T","M","$","R","?","E"],"character_chosen":"IRONCLAD","items_purchased":["Searing Blow","Blind","Anchor","Happy Flower"],"campfire_rested":1,"item_purchase_floors":[3,19,28,28],"current_hp_per_floor":[60,53,53,71,71,71,53,53,53,53,53,53,46,11,33,1,57,44,44,44,44,44,44,50,38,38,21,21,21,27,0],"gold":39,"neow_bonus":"BOSS_RELIC","is_prod":false,"is_daily":false,"chose_seed":false,"campfire_upgraded":5,"win_rate":0,"timestamp":1556154883,"path_taken":["M","M","$","?","$","R","?","R","T","R","M","?","M","E","R","BOSS","M","$","?","?","?","R","?","M","T","M","$","R","?","E"],"build_version":"2019-01-23","purchased_purges":2,"victory":false,"max_hp_per_floor":[75,75,75,75,75,75,75,75,75,75,75,75,75,75,75,75,75,78,78,78,78,78,78,84,84,84,84,84,84,90,90],"card_choices":[{"not_picked":["Heavy Blade","Fire Breathing","Wild Strike"],"picked":"SKIP","floor":1.0},{"not_picked":["Warcry","Cleave"],"picked":"Shrug It Off","floor":2.0},{"not_picked":["Body Slam","Twin Strike"],"picked":"Evolve","floor":11.0},{"not_picked":["Juggernaut","Body Slam","Bloodletting"],"picked":"SKIP","floor":13.0},{"not_picked":["Intimidate","Sword Boomerang"],"picked":"Double Tap","floor":14.0},{"not_picked":["Dark Embrace","Offering"],"picked":"Feed","floor":16},{"not_picked":["Corruption+1","Infernal Blade","Clothesline"],"picked":"SKIP","floor":18},{"not_picked":["Clothesline","Armaments","Perfected Strike"],"picked":"SKIP","floor":25},{"not_picked":["Infernal Blade","Rupture","Anger"],"picked":"SKIP","floor":27}],"player_experience":523442,"relics_obtained":[{"floor":9.0,"key":"Vajra"},{"floor":14.0,"key":"Ice Cream"},{"floor":26,"key":"Matryoshka"}],"event_choices":[{"damage_healed":18.0,"max_hp_gain":0.0,"max_hp_loss":0.0,"gold_gain":0.0,"event_name":"The Cleric","player_choice":"Healed","floor":4.0,"gold_loss":35.0,"damage_taken":0.0},{"damage_healed":0.0,"max_hp_gain":0.0,"max_hp_loss":0.0,"gold_gain":0.0,"event_name":"Scrap Ooze","player_choice":"Success","floor":7.0,"gold_loss":0.0,"damage_taken":18.0,"relics_obtained":["Darkstone Periapt"]},{"damage_healed":0,"gold_gain":0,"player_choice":"Copied","damage_taken":0,"max_hp_gain":0,"max_hp_loss":0,"event_name":"Duplicator","floor":21,"gold_loss":0,"cards_obtained":["Searing Blow"]},{"damage_healed":0,"gold_gain":0,"player_choice":"Stole Relic","damage_taken":0,"relics_obtained":["Old Coin"],"max_hp_gain":0,"max_hp_loss":0,"event_name":"Addict","floor":24,"gold_loss":0,"cards_obtained":["Shame"]},{"damage_healed":0,"gold_gain":0,"player_choice":"Smashed Altar","damage_taken":0,"max_hp_gain":0,"max_hp_loss":0,"event_name":"Forgotten Altar","floor":30,"gold_loss":0,"cards_obtained":["Decay"]}],"is_beta":false,"boss_relics":[{"not_picked":["White Beast Statue","Snecko Eye"],"picked":"Velvet Choker"}],"items_purged_floors":[19,28],"is_endless":false,"potions_floor_spawned":[2,11,16,27],"killed_by":"Gremlin Leader","ascension_level":15}