{"gold_per_floor":[119,135,148,158,169,202,202,212,212,237,237,237,108,127,127,202,202,202,202,142,142,92,92,92,92,92,92,92,92,92,92,92,92,92,92,68,0,0,0,0,0,0,0,0,0,0,0,0,0,0],"floor_reached":51,"playtime":4591,"items_purged":["Regret"],"score":1238,"play_id":"ec618421-13ea-4223-ac81-e3bd6ea36171","local_time":"20191018020430","is_ascension_mode":true,"campfire_choices":[{"data":"Iron Wave","floor":7.0,"key":"SMITH"},{"data":"Metallicize","floor":12.0,"key":"SMITH"},{"data":"Clothesline","floor":15.0,"key":"SMITH"},{"data":"Shockwave","floor":23.0,"key":"SMITH"},{"data":"Flame Barrier","floor":25.0,"key":"SMITH"},{"data":"Flame Barrier","floor":28.0,"key":"SMITH"},{"data":"Perfected Strike","floor":32.0,"key":"SMITH"},{"data":"Perfected Strike","floor":40.0,"key":"SMITH"},{"data":"Perfected Strike","floor":44.0,"key":"SMITH"},{"data":"Perfected Strike","floor":46,"key":"SMITH"},{"data":"Shrug It Off","floor":49,"key":"SMITH"}],"neow_cost":"NONE","seed_source_timestamp":80420435766800,"circlet_count":0,"master_deck":["AscendersBane","Strike_R","Strike_R","Strike_R","Strike_R+1","Strike_R","Defend_R","Defend_R","Defend_R","Defend_R","Bash","Perfected Strike+1","Metallicize+1","Flame Barrier+1","Perfected Strike+1","Iron Wave+1","Shockwave+1","Clothesline+1","Impervious","Perfected Strike+1","Perfected Strike+1","Flame Barrier+1","Perfected Strike+1","Feed","Shrug It Off+1","Madness","Madness","Warcry+1","Shrug It Off+1"],"special_seed":0,"relics":["Burning Blood","Ice Cream","PreservedInsect","Orichalcum","Boot","Ectoplasm","MutagenicStrength","Dodecahedron","Vajra","Coffee Dripper","Red Mask","Self Forming Clay"],"potions_floor_usage":[50,50],"damage_taken":[{"damage":1.0,"enemies":"Cultist","floor":1.0,"turns":4.0},{"damage":9.0,"enemies":"Jaw Worm","floor":2.0,"turns":4.0},{"damage":5.0,"enemies":"Small Slimes","floor":3.0,"turns":4.0},{"damage":9.0,"enemies":"Exordium Wildlife","floor":4.0,"turns":6.0},{"damage":4.0,"enemies":"Large Slime","floor":5.0,"turns":7.0},{"damage":12.0,"enemies":"Lagavulin","floor":6.0,"turns":7.0},{"damage":6.0,"enemies":"Looter","floor":8.0,"turns":4.0},{"damage":14.0,"enemies":"3 Sentries","floor":10.0,"turns":7.0},{"damage":4.0,"enemies":"Red Slaver","floor":14.0,"turns":3.0},{"damage":14.0,"enemies":"The Guardian","floor":16.0,"turns":15.0},{"damage":4.0,"enemies":"Chosen","floor":18.0,"turns":5.0},{"damage":18.0,"enemies":"2 Thieves","floor":20.0,"turns":4.0},{"damage":4.0,"enemies":"Centurion and Healer","floor":21.0,"turns":6.0},{"damage":9.0,"enemies":"Book of Stabbing","floor":24.0,"turns":4.0},{"damage":2.0,"enemies":"Snake Plant","floor":27.0,"turns":3.0},{"damage":0.0,"enemies":"Gremlin Leader","floor":29.0,"turns":5.0},{"damage":0.0,"enemies":"Sentry and Sphere","floor":30.0,"turns":3.0},{"damage":0.0,"enemies":"Centurion and Healer","floor":31.0,"turns":5.0},{"damage":17.0,"enemies":"Collector","floor":33.0,"turns":11.0},{"damage":18.0,"enemies":"3 Darklings","floor":35.0,"turns":19.0},{"damage":0.0,"enemies":"3 Shapes","floor":39.0,"turns":11.0},{"damage":5,"enemies":"3 Darklings","floor":45,"turns":9},{"damage":3,"enemies":"4 Shapes","floor":47,"turns":17},{"damage":41,"enemies":"Time Eater","floor":50,"turns":9}],"seed_played":"-8684426677632144484","potions_obtained":[{"floor":1.0,"key":"Strength Potion"},{"floor":4.0,"key":"Swift Potion"},{"floor":8.0,"key":"Swift Potion"},{"floor":20.0,"key":"BloodPotion"},{"floor":24.0,"key":"SpeedPotion"},{"floor":29.0,"key":"SpeedPotion"},{"floor":35.0,"key":"Strength Potion"},{"floor":39.0,"key":"BloodPotion"},{"floor":48,"key":"Dexterity Potion"}],"is_trial":false,"path_per_floor":["M","M","M","M","M","E","R","M","T","E","?","R","$","M","R","B",null,"M","?","M","M","?","R","E","R","T","M","R","E","M","M","R","B",null,"M","$","?","?","M","R","$","?","T","R","M","R","M","?","R","B",null],"character_chosen":"IRONCLAD","items_purchased":["Clothesline","Shrug It Off"],"campfire_rested":0,"item_purchase_floors":[13,36],"current_hp_per_floor":[73,70,71,68,70,64,64,64,64,56,56,56,56,58,58,50,69,71,71,59,61,61,61,58,58,58,62,62,68,74,75,75,64,72,63,63,63,49,77,77,77,77,77,77,81,81,87,87,87,73],"gold":0,"neow_bonus":"THREE_CARDS","is_prod":false,"is_daily":false,"chose_seed":false,"campfire_upgraded":11,"win_rate":0,"timestamp":1571378670,"path_taken":["M","M","?","M","M","E","R","M","T","E","?","R","$","M","R","BOSS","M","?","M","M","?","R","E","R","T","M","R","E","?","M","R","BOSS","M","?","?","?","M","R","$","?","T","R","?","R","M","?","R","BOSS"],"build_version":"2019-07-17","purchased_purges":1,"victory":true,"max_hp_per_floor":[75,75,75,75,75,75,75,75,75,75,75,75,75,75,75,75,75,75,75,75,75,75,75,75,75,75,75,75,75,75,75,75,75,75,78,78,78,78,81,81,81,81,81,81,84,84,87,87,87,87],"card_choices":[{"not_picked":["Rampage","Pummel"],"picked":"Perfected Strike","floor":0.0},{"not_picked":["Searing Blow","Sword Boomerang"],"picked":"Metallicize","floor":1.0},{"not_picked":["Pummel","Anger"],"picked":"Flame Barrier","floor":2.0},{"not_picked":["Inflame","Heavy Blade"],"picked":"Perfected Strike","floor":3.0},{"not_picked":["Dropkick","Wild Strike"],"picked":"Iron Wave","floor":4.0},{"not_picked":["Body Slam","Anger","Armaments"],"picked":"SKIP","floor":5.0},{"not_picked":["Power Through","Armaments"],"picked":"Shockwave","floor":6.0},{"not_picked":["Body Slam","Heavy Blade","Warcry"],"picked":"SKIP","floor":8.0},{"not_picked":["Carnage","Clash","Burning Pact"],"picked":"SKIP","floor":10.0},{"not_picked":["Clash","Carnage","Warcry"],"picked":"SKIP","floor":14.0},{"not_picked":["Limit Break","Exhume"],"picked":"Impervious","floor":16.0},{"not_picked":["Headbutt","Thunderclap","Anger"],"picked":"SKIP","floor":18.0},{"not_picked":["Sword Boomerang","Fire Breathing"],"picked":"Perfected Strike","floor":20.0},{"not_picked":["Sword Boomerang+1","True Grit"],"picked":"Perfected Strike","floor":21.0},{"not_picked":["Sever Soul","Feel No Pain"],"picked":"Flame Barrier","floor":24.0},{"not_picked":["Sword Boomerang","Clash"],"picked":"Perfected Strike","floor":27.0},{"not_picked":["Inflame","Sword Boomerang","Clash"],"picked":"SKIP","floor":29.0},{"not_picked":["Clash","Burning Pact","Body Slam"],"picked":"SKIP","floor":30.0},{"not_picked":["Sever Soul","Clothesline+1","Havoc"],"picked":"SKIP","floor":31.0},{"not_picked":["Immolate","Fiend Fire"],"picked":"Feed","floor":33.0},{"not_picked":["Iron Wave","Warcry","Sword Boomerang"],"picked":"SKIP","floor":35.0},{"not_picked":["Infernal Blade+1","Evolve+1"],"picked":"Warcry+1","floor":39.0},{"not_picked":["Sword Boomerang+1","Reckless Charge","Headbutt"],"picked":"SKIP","floor":45},{"not_picked":["Body Slam","Sword Boomerang"],"picked":"Shrug It Off","floor":47}],"player_experience":833092,"relics_obtained":[{"floor":6.0,"key":"Ice Cream"},{"floor":9.0,"key":"PreservedInsect"},{"floor":10.0,"key":"Orichalcum"},{"floor":24.0,"key":"Dodecahedron"},{"floor":29.0,"key":"Vajra"},{"floor":43.0,"key":"Self Forming Clay"}],"event_choices":[{"damage_healed":0.0,"max_hp_gain":0.0,"max_hp_loss":0.0,"gold_gain":0.0,"event_name":"Big Fish","player_choice":"Box","floor":11.0,"gold_loss":0.0,"damage_taken":0.0,"relics_obtained":["Boot"],"cards_obtained":["Regret"]},{"damage_healed":0.0,"max_hp_gain":0.0,"max_hp_loss":0.0,"gold_gain":0.0,"event_name":"Drug Dealer","player_choice":"Inject Mutagens","floor":19.0,"gold_loss":0.0,"damage_taken":0.0,"relics_obtained":["MutagenicStrength"]},{"damage_healed":0.0,"max_hp_gain":0.0,"max_hp_loss":0.0,"gold_gain":0.0,"event_name":"Designer","player_choice":"Upgraded Two","floor":22.0,"gold_loss":50.0,"damage_taken":0.0,"cards_upgraded":["Perfected Strike","Strike_R"]},{"damage_healed":0.0,"max_hp_gain":0.0,"max_hp_loss":0.0,"gold_gain":0.0,"event_name":"Tomb of Lord Red Mask","player_choice":"Paid","floor":37.0,"gold_loss":68.0,"damage_taken":0.0,"relics_obtained":["Red Mask"]},{"damage_healed":0.0,"max_hp_gain":0.0,"max_hp_loss":0.0,"gold_gain":0.0,"event_name":"Winding Halls","player_choice":"Embrace Madness","floor":38.0,"gold_loss":0.0,"damage_taken":14.0,"cards_obtained":["Madness","Madness"]},{"damage_healed":0.0,"max_hp_gain":0.0,"max_hp_loss":0.0,"gold_gain":0.0,"event_name":"Accursed Blacksmith","player_choice":"Forge","floor":42.0,"gold_loss":0.0,"damage_taken":0.0,"cards_upgraded":["Shrug It Off"]},{"damage_healed":0,"gold_gain":0,"player_choice":"Got Potions","damage_taken":0,"max_hp_gain":0,"max_hp_loss":0,"event_name":"Lab","floor":48,"gold_loss":0}],"is_beta":false,"boss_relics":[{"not_picked":["Black Star","Runic Pyramid"],"picked":"Ectoplasm"},{"not_picked":["Astrolabe","Eternal Feather"],"picked":"Coffee Dripper"}],"items_purged_floors":[13],"is_endless":false,"potions_floor_spawned":[1,4,5,8,20,21,24,29,35,39],"ascension_level":16}