{"gold_per_floor":[109,109,109,123,137,168,168,168,168,184,213,213,233,249,249,354,354,365,80,91,91,91,123,123,141,141,151,171,171,32,32,32,137,137,156,166,166,466,10,10,26,26,26,39,73,73,93,105,105,105],"floor_reached":50,"playtime":2458,"items_purged":["Strike_B","Writhe"],"score":579,"play_id":"3143ee43-7cb9-4285-93b0-2e5ee7077e06","local_time":"20191017135310","is_ascension_mode":false,"campfire_choices":[{"data":"Streamline","floor":8,"key":"SMITH"},{"floor":12,"key":"REST"},{"floor":15,"key":"REST"},{"data":"Buffer","floor":24,"key":"SMITH"},{"data":"Hologram","floor":29,"key":"SMITH"},{"data":"Defragment","floor":32,"key":"SMITH"},{"data":"Loop","floor":40,"key":"SMITH"},{"data":"Machine Learning","floor":42,"key":"SMITH"},{"floor":46,"key":"RECALL"},{"data":"Sunder","floor":49,"key":"SMITH"}],"neow_cost":"NONE","seed_source_timestamp":501968671290100,"circlet_count":0,"master_deck":["Strike_B","Strike_B","Strike_B","Defend_B","Defend_B","Defend_B","Defend_B","Zap+1","Dualcast","Consume+1","Cold Snap","Streamline+1","Conserve Battery","Capacitor","White Noise","Buffer+1","Static Discharge","Machine Learning+1","Tempest+1","Barrage","Hologram+1","Sunder+1","Leap","Ball Lightning","Turbo","Sweeping Beam","Defragment+1","RitualDagger","All For One","Self Repair+1","Beam Cell+1","Loop+1","Master of Strategy","BootSequence","Pain","Beam Cell+1","Steam+1","Melter"],"relics":["Cracked Core","HornCleat","MealTicket","Ornamental Fan","Bag of Marbles","Cursed Key","Sling","MutagenicStrength","StrikeDummy","PreservedInsect","Nuclear Battery","ClockworkSouvenir","Meat on the Bone"],"potions_floor_usage":[11,16,20,33,33,36,45,47,50],"damage_taken":[{"damage":0,"enemies":"Small Slimes","floor":1,"turns":2},{"damage":1,"enemies":"2 Louse","floor":4,"turns":2},{"damage":0,"enemies":"Jaw Worm","floor":5,"turns":4},{"damage":9,"enemies":"3 Sentries","floor":6,"turns":7},{"damage":4,"enemies":"Large Slime","floor":10,"turns":4},{"damage":22,"enemies":"Gremlin Nob","floor":11,"turns":5},{"damage":17,"enemies":"Exordium Thugs","floor":13,"turns":4},{"damage":0,"enemies":"Red Slaver","floor":14,"turns":3},{"damage":0,"enemies":"Slime Boss","floor":16,"turns":12},{"damage":0,"enemies":"Chosen","floor":18,"turns":5},{"damage":0,"enemies":"3 Byrds","floor":20,"turns":4},{"damage":14,"enemies":"Slavers","floor":23,"turns":5},{"damage":0,"enemies":"Snecko","floor":25,"turns":4},{"damage":0,"enemies":"Snake Plant","floor":27,"turns":4},{"damage":17,"enemies":"Sentry and Sphere","floor":28,"turns":4},{"damage":8,"enemies":"Champ","floor":33,"turns":8},{"damage":0,"enemies":"3 Shapes","floor":35,"turns":5},{"damage":19,"enemies":"3 Darklings","floor":36,"turns":4},{"damage":0,"enemies":"Sphere and 2 Shapes","floor":41,"turns":3},{"damage":2,"enemies":"Maw","floor":44,"turns":6},{"damage":27,"enemies":"Nemesis","floor":45,"turns":5},{"damage":8,"enemies":"Writhing Mass","floor":47,"turns":5},{"damage":23,"enemies":"Jaw Worm Horde","floor":48,"turns":4},{"damage":49,"enemies":"Time Eater","floor":50,"turns":5}],"seed_played":"6112285373147755444","potions_obtained":[{"floor":5,"key":"FocusPotion"},{"floor":10,"key":"FocusPotion"},{"floor":14,"key":"DuplicationPotion"},{"floor":18,"key":"PowerPotion"},{"floor":20,"key":"Dexterity Potion"},{"floor":33,"key":"Explosive Potion"},{"floor":41,"key":"SpeedPotion"},{"floor":48,"key":"EssenceOfSteel"}],"is_trial":false,"path_per_floor":["M","$","?","M","M","E","?","R","T","M","E","R","M","M","R","B",null,"M","$","M","?","?","E","R","M","T","M","M","R","$","?","R","B",null,"M","M","?","?","$","R","M","R","T","M","E","R","M","M","R","B"],"character_chosen":"DEFECT","items_purchased":["Sling","Barrage","Defragment","ClockworkSouvenir","Loop","Master of Strategy","Block Potion"],"campfire_rested":2,"item_purchase_floors":[19,19,30,39,39,39,39],"current_hp_per_floor":[75,75,57,56,56,47,47,47,47,43,21,43,26,26,48,48,75,75,75,75,75,75,61,61,61,61,61,44,44,59,53,53,45,75,75,66,66,66,75,75,75,75,75,75,58,58,60,49,49,0],"gold":105,"neow_bonus":"UPGRADE_CARD","is_prod":false,"is_daily":false,"chose_seed":false,"campfire_upgraded":7,"win_rate":0,"timestamp":1571309590,"path_taken":["M","$","?","M","M","E","?","R","T","M","E","R","M","M","R","BOSS","M","$","M","?","?","E","R","?","T","M","M","R","?","?","R","BOSS","M","M","?","?","$","R","?","R","T","M","E","R","M","M","R","BOSS"],"build_version":"2019-10-16","purchased_purges":2,"victory":false,"max_hp_per_floor":[75,75,75,75,75,75,75,75,75,75,75,75,75,75,75,75,75,75,75,75,75,75,75,75,75,75,75,75,75,75,75,75,75,75,75,75,75,75,75,75,75,75,75,75,75,75,75,75,75,75],"card_choices":[{"not_picked":["Go for the Eyes","Sweeping Beam"],"picked":"Consume","floor":1},{"not_picked":["Hello World","Rip and Tear"],"picked":"Cold Snap","floor":4},{"not_picked":["Redo","Leap"],"picked":"Streamline","floor":5},{"not_picked":["White Noise","BootSequence"],"picked":"Conserve Battery","floor":6},{"not_picked":["Conserve Battery","Turbo"],"picked":"Capacitor","floor":10},{"not_picked":["Ball Lightning","Gash"],"picked":"White Noise","floor":11},{"not_picked":["Gash","Chaos"],"picked":"Buffer","floor":13},{"not_picked":["Redo","Stack"],"picked":"Static Discharge","floor":14},{"not_picked":["Rainbow","Buffer"],"picked":"Machine Learning","floor":16},{"not_picked":["Stack","Beam Cell"],"picked":"Tempest+1","floor":18},{"not_picked":["Auto Shields","Redo"],"picked":"Hologram","floor":20},{"not_picked":["Static Discharge+1","Fusion"],"picked":"Leap","floor":23},{"not_picked":["Self Repair","Storm"],"picked":"Ball Lightning","floor":25},{"not_picked":["Consume","Stack"],"picked":"Turbo","floor":27},{"not_picked":["Fusion","Steam"],"picked":"Sweeping Beam","floor":28},{"not_picked":["Buffer","Machine Learning"],"picked":"All For One","floor":33},{"not_picked":["Hologram+1","Leap+1"],"picked":"Self Repair+1","floor":35},{"not_picked":["Rebound","Defragment"],"picked":"Beam Cell+1","floor":36},{"not_picked":["Ball Lightning","Defragment"],"picked":"BootSequence","floor":41},{"not_picked":["Ball Lightning+1","Skim"],"picked":"Beam Cell+1","floor":44},{"not_picked":["Turbo+1","Streamline"],"picked":"Steam+1","floor":45},{"not_picked":["Leap","Redo+1","Buffer"],"picked":"SKIP","floor":47},{"not_picked":["Ball Lightning","Redo+1"],"picked":"Melter","floor":48}],"player_experience":487060,"relics_obtained":[{"floor":6,"key":"MealTicket"},{"floor":9,"key":"Ornamental Fan"},{"floor":11,"key":"Bag of Marbles"},{"floor":23,"key":"StrikeDummy"},{"floor":26,"key":"PreservedInsect"},{"floor":45,"key":"Meat on the Bone"}],"event_choices":[{"damage_healed":0,"gold_gain":0,"player_choice":"Success","damage_taken":18,"relics_obtained":["HornCleat"],"max_hp_gain":0,"max_hp_loss":0,"event_name":"Scrap Ooze","floor":3,"gold_loss":0},{"damage_healed":0,"gold_gain":0,"player_choice":"Grow","damage_taken":0,"max_hp_gain":0,"max_hp_loss":0,"event_name":"Living Wall","floor":7,"gold_loss":0,"cards_upgraded":["Consume"]},{"damage_healed":0,"gold_gain":0,"player_choice":"Read","damage_taken":0,"max_hp_gain":0,"max_hp_loss":0,"event_name":"The Library","floor":21,"gold_loss":0,"cards_obtained":["Sunder"]},{"damage_healed":0,"gold_gain":0,"player_choice":"Inject Mutagens","damage_taken":0,"relics_obtained":["MutagenicStrength"],"max_hp_gain":0,"max_hp_loss":0,"event_name":"Drug Dealer","floor":22,"gold_loss":0},{"damage_healed":0,"gold_gain":0,"player_choice":"Joined the Cult","damage_taken":6,"max_hp_gain":0,"max_hp_loss":0,"event_name":"Nest","floor":31,"gold_loss":0,"cards_obtained":["RitualDagger"]},{"damage_healed":0,"gold_gain":0,"player_choice":"Ignored","damage_taken":0,"max_hp_gain":0,"max_hp_loss":0,"event_name":"Mysterious Sphere","floor":37,"gold_loss":0},{"damage_healed":0,"gold_gain":300,"player_choice":"Gold","damage_taken":0,"max_hp_gain":0,"max_hp_loss":0,"event_name":"Wheel of Change","floor":38,"gold_loss":0}],"is_beta":true,"boss_relics":[{"not_picked":["Ectoplasm","Empty Cage"],"picked":"Cursed Key"},{"not_picked":["Black Star","Sozu"],"picked":"Nuclear Battery"}],"items_purged_floors":[19,30],"is_endless":false,"potions_floor_spawned":[5,10,14,18,20,33,41,48],"killed_by":"Time Eater","ascension_level":0}