{"gold_per_floor":[113,127,147,160,160,160,174,174,174,201,201,217,217,228,228,228],"floor_reached":16,"playtime":810,"items_purged":[],"score":182,"play_id":"4e3c44f0-c799-4a16-80ec-4b3db9a17ba2","local_time":"20190424195337","is_ascension_mode":true,"campfire_choices":[{"data":"Pommel Strike","floor":6.0,"key":"SMITH"},{"data":"Headbutt","floor":8.0,"key":"SMITH"},{"floor":15,"key":"REST"}],"neow_cost":"NONE","seed_source_timestamp":0,"circlet_count":0,"master_deck":["AscendersBane","Strike_R","Strike_R","Strike_R","Strike_R","Strike_R","Defend_R","Defend_R","Defend_R","Bash+1","Pommel Strike+1","Metallicize","Headbutt+1","Cleave","Whirlwind","Limit Break"],"special_seed":0,"relics":["Burning Blood","Singing Bowl","Incense Burner","Paper Frog"],"potions_floor_usage":[14],"damage_taken":[{"damage":1.0,"enemies":"Cultist","floor":1.0,"turns":3.0},{"damage":3.0,"enemies":"Small Slimes","floor":2.0,"turns":3.0},{"damage":8.0,"enemies":"2 Louse","floor":3.0,"turns":4.0},{"damage":8.0,"enemies":"Looter","floor":4.0,"turns":5.0},{"damage":0.0,"enemies":"Lots of Slimes","floor":7.0,"turns":1.0},{"damage":34.0,"enemies":"Lagavulin","floor":10.0,"turns":7.0},{"damage":40,"enemies":"Exordium Wildlife","floor":12,"turns":6},{"damage":7,"enemies":"Looter","floor":14,"turns":4},{"damage":40,"enemies":"Hexaghost","floor":16,"turns":9}],"seed_played":"-6777108354352703014","potions_obtained":[{"floor":1.0,"key":"AttackPotion"},{"floor":4.0,"key":"SpeedPotion"},{"floor":12,"key":"SpeedPotion"}],"is_trial":false,"path_per_floor":["M","M","M","M","$","R","M","R","T","E","T","M","?","M","R","B"],"character_chosen":"IRONCLAD","items_purchased":[],"campfire_rested":1,"item_purchase_floors":[],"current_hp_per_floor":[73,75,73,71,71,71,75,75,75,49,49,15,15,14,37,0],"gold":228,"neow_bonus":"UPGRADE_CARD","is_prod":false,"is_daily":false,"chose_seed":false,"campfire_upgraded":2,"win_rate":0,"timestamp":1556153617,"path_taken":["M","M","M","M","$","R","?","R","T","E","?","M","?","M","R","BOSS"],"build_version":"2019-01-23","purchased_purges":0,"victory":false,"max_hp_per_floor":[75,75,75,75,75,75,75,75,75,77,77,77,77,77,77,77],"card_choices":[{"not_picked":["Shockwave","Clothesline"],"picked":"Pommel Strike","floor":1.0},{"not_picked":["Cleave","Clash"],"picked":"Metallicize","floor":2.0},{"not_picked":["Cleave","Clothesline","Thunderclap"],"picked":"SKIP","floor":3.0},{"not_picked":["Cleave","Thunderclap","Feel No Pain"],"picked":"SKIP","floor":4.0},{"not_picked":["Combust","Flex"],"picked":"Headbutt","floor":7.0},{"not_picked":["Pummel","Feel No Pain","Body Slam"],"picked":"Singing Bowl","floor":10.0},{"not_picked":["Power Through","Anger"],"picked":"Cleave","floor":12},{"not_picked":["Havoc","Entrench"],"picked":"Limit Break","floor":14}],"player_experience":522632,"relics_obtained":[{"floor":9.0,"key":"Singing Bowl"},{"floor":10.0,"key":"Incense Burner"},{"floor":11.0,"key":"Paper Frog"}],"event_choices":[{"damage_healed":0,"gold_gain":0,"cards_transformed":["Defend_R"],"player_choice":"Transformed","damage_taken":0,"max_hp_gain":0,"max_hp_loss":0,"event_name":"Transmorgrifier","floor":13,"gold_loss":0,"cards_obtained":["Whirlwind"]}],"is_beta":false,"boss_relics":[],"items_purged_floors":[],"is_endless":false,"potions_floor_spawned":[1,4,12],"killed_by":"Hexaghost","ascension_level":15}