{"gold_per_floor":[116,135,150,0,13,24,24,38,38,38,38,38,81,99,99,224,224,239,16,34,34,34,34,58,58,58,74,98,98,98,8,8,129,129,145,61,80,100,120,120,143,0,0,0,64,64,64,64,64,64],"floor_reached":50,"playtime":2335,"items_purged":["Strike_R"],"score":444,"play_id":"e1bfd191-930a-4551-a420-28e9f2e14d15","local_time":"20190913171353","is_ascension_mode":false,"campfire_choices":[{"data":"Flex","floor":7,"key":"SMITH"},{"data":"Devotion","floor":11,"key":"SMITH"},{"data":"Bash","floor":15,"key":"SMITH"},{"floor":23,"key":"REST"},{"data":"Trip","floor":30,"key":"SMITH"},{"floor":32,"key":"REST"},{"floor":40,"key":"REST"},{"data":"Sucker Punch","floor":44,"key":"SMITH"},{"data":"Secret Weapon","floor":46,"key":"SMITH"},{"floor":49,"key":"RECALL"}],"neow_cost":"NONE","seed_source_timestamp":28821105971800,"circlet_count":0,"master_deck":["Strike_R","Strike_R","Defend_R","Defend_R","Defend_R","Defend_R","Bash+1","Shrug It Off","Flex+1","Wild Strike","Devotion+1","Cleave","Shrug It Off","Ball Lightning","Leap","Ragnarok+1","Steam","Trip+1","Glacier","Expertise","Prepared","Secret Weapon+1","White Noise+1","Clash","Dual Wield+1","Sucker Punch+1","JustLucky","Thinking Ahead"],"relics":["Burning Blood","PrismaticShard","Blue Candle","Golden Idol","Thread and Needle","Mummified Hand","Sozu","Vajra","Mercury Hourglass","Enchiridion","Empty Cage","Dodecahedron","Red Mask","Ginger"],"potions_floor_usage":[6,16,20,27],"damage_taken":[{"damage":10,"enemies":"Cultist","floor":1,"turns":4},{"damage":10,"enemies":"2 Louse","floor":2,"turns":3},{"damage":6,"enemies":"Jaw Worm","floor":3,"turns":3},{"damage":13,"enemies":"Exordium Thugs","floor":5,"turns":5},{"damage":0,"enemies":"Red Slaver","floor":6,"turns":4},{"damage":3,"enemies":"3 Louse","floor":8,"turns":5},{"damage":13,"enemies":"Lagavulin","floor":13,"turns":7},{"damage":9,"enemies":"Blue Slaver","floor":14,"turns":4},{"damage":5,"enemies":"The Guardian","floor":16,"turns":8},{"damage":2,"enemies":"Spheric Guardian","floor":18,"turns":4},{"damage":23,"enemies":"2 Thieves","floor":20,"turns":4},{"damage":17,"enemies":"Snake Plant","floor":24,"turns":3},{"damage":20,"enemies":"Sentry and Sphere","floor":27,"turns":6},{"damage":6,"enemies":"3 Cultists","floor":28,"turns":5},{"damage":43,"enemies":"Automaton","floor":33,"turns":8},{"damage":15,"enemies":"3 Shapes","floor":35,"turns":2},{"damage":0,"enemies":"Orb Walker","floor":37,"turns":2},{"damage":13,"enemies":"Writhing Mass","floor":38,"turns":4},{"damage":26,"enemies":"3 Darklings","floor":39,"turns":5},{"damage":0,"enemies":"Sphere and 2 Shapes","floor":41,"turns":3},{"damage":27,"enemies":"2 Orb Walkers","floor":45,"turns":3},{"damage":66,"enemies":"Awakened One","floor":50,"turns":6}],"seed_played":"-7462937110431901958","potions_obtained":[{"floor":1,"key":"SteroidPotion"},{"floor":2,"key":"BloodPotion"},{"floor":14,"key":"Swift Potion"},{"floor":16,"key":"GamblersBrew"}],"is_trial":false,"path_per_floor":["M","M","M","$","M","M","R","M","T","?","R","?","E","M","R","B",null,"M","$","M","$","?","R","M","$","T","M","M","?","R","?","R","B",null,"M","?","M","M","M","R","M","?","T","R","?","R","?","$","R","B"],"character_chosen":"IRONCLAD","items_purchased":["PrismaticShard","Vajra"],"campfire_rested":3,"item_purchase_floors":[4,19],"current_hp_per_floor":[84,80,80,80,73,79,79,82,82,81,81,81,74,71,71,72,81,81,81,64,64,48,72,61,61,61,67,67,51,51,51,75,38,81,72,72,78,71,51,75,81,81,81,81,60,60,60,60,60,0],"gold":64,"neow_bonus":"TEN_PERCENT_HP_BONUS","is_prod":false,"is_daily":false,"chose_seed":false,"campfire_upgraded":6,"win_rate":0,"timestamp":1568384033,"path_taken":["M","?","M","$","M","M","R","M","T","?","R","?","E","M","R","BOSS","M","$","M","$","?","R","M","?","T","M","?","?","R","?","R","BOSS","M","?","M","M","?","R","M","?","T","R","?","R","?","?","R","BOSS"],"build_version":"2019-09-12","purchased_purges":1,"victory":false,"max_hp_per_floor":[88,88,88,88,88,88,88,88,88,81,81,81,81,81,81,81,81,81,81,81,81,81,81,81,81,81,81,81,81,81,81,81,81,81,81,81,81,81,81,81,81,81,81,81,81,81,81,81,81,81],"card_choices":[{"not_picked":["Burning Pact","True Grit"],"picked":"Shrug It Off","floor":1},{"not_picked":["Clash","Iron Wave"],"picked":"Flex","floor":2},{"not_picked":["Anger","Iron Wave"],"picked":"Wild Strike","floor":3},{"not_picked":["Blade Dance","Stack"],"picked":"Devotion","floor":5},{"not_picked":["Flechettes","Bane"],"picked":"Cleave","floor":6},{"not_picked":["Rampage","Finisher"],"picked":"Shrug It Off","floor":8},{"not_picked":["Hologram","Bandage Up"],"picked":"Ball Lightning","floor":13},{"not_picked":["The Bomb","Sword Boomerang"],"picked":"Leap","floor":14},{"not_picked":["Envenom","Impervious"],"picked":"Ragnarok","floor":16},{"not_picked":["Underhanded Strike+1","Redo+1","Lockon"],"picked":"SKIP","floor":18},{"not_picked":["Halt","Consume"],"picked":"Steam","floor":20},{"not_picked":["ClearTheMind","Shockwave"],"picked":"Glacier","floor":24},{"not_picked":["EmptyFist+1","Steam"],"picked":"Expertise","floor":27},{"not_picked":["EmptyBody","Searing Blow"],"picked":"Prepared","floor":28},{"not_picked":["Chrysalis","Bullet Time"],"picked":"Secret Weapon","floor":33},{"not_picked":["ThirdEye+1","Pommel Strike+1"],"picked":"White Noise+1","floor":35},{"not_picked":["Finisher+1","Body Slam","Flying Knee+1"],"picked":"SKIP","floor":37},{"not_picked":["Bane","Steam+1"],"picked":"Clash","floor":38},{"not_picked":["Finesse","CrushJoints"],"picked":"Dual Wield+1","floor":39},{"not_picked":["Pummel","Blizzard+1"],"picked":"Sucker Punch","floor":41},{"not_picked":["Heatsinks+1","Steam"],"picked":"JustLucky","floor":45},{"not_picked":["Magnetism","Violence"],"picked":"Thinking Ahead","floor":47}],"player_experience":453668,"relics_obtained":[{"floor":9,"key":"Blue Candle"},{"floor":13,"key":"Mummified Hand"},{"floor":26,"key":"Mercury Hourglass"},{"floor":29,"key":"Enchiridion"},{"floor":45,"key":"Ginger"}],"event_choices":[{"damage_healed":0,"gold_gain":0,"player_choice":"Lose Max HP","damage_taken":0,"relics_obtained":["Golden Idol"],"max_hp_gain":0,"max_hp_loss":7,"event_name":"Golden Idol","floor":10,"gold_loss":0},{"damage_healed":0,"gold_gain":0,"player_choice":"Box","damage_taken":0,"relics_obtained":["Thread and Needle"],"max_hp_gain":0,"max_hp_loss":0,"event_name":"Big Fish","floor":12,"gold_loss":0,"cards_obtained":["Regret"]},{"damage_healed":0,"gold_gain":0,"player_choice":"CARD ","damage_taken":16,"max_hp_gain":0,"max_hp_loss":0,"event_name":"Knowing Skull","floor":22,"potions_obtained":[],"gold_loss":0,"cards_obtained":["Trip"]},{"damage_healed":0,"gold_gain":0,"player_choice":"Obtained Book","damage_taken":16,"max_hp_gain":0,"max_hp_loss":0,"event_name":"Cursed Tome","floor":29,"gold_loss":0},{"cards_removed":["Regret"],"damage_healed":0,"gold_gain":0,"player_choice":"Upgrade and Remove","damage_taken":0,"max_hp_gain":0,"max_hp_loss":0,"event_name":"Designer","floor":31,"gold_loss":90,"cards_upgraded":["Ragnarok"]},{"damage_healed":0,"gold_gain":0,"player_choice":"Paid Gold","damage_taken":0,"relics_obtained":["Dodecahedron"],"max_hp_gain":0,"max_hp_loss":0,"event_name":"WeMeetAgain","floor":36,"gold_loss":84},{"damage_healed":0,"gold_gain":0,"player_choice":"Paid","damage_taken":0,"relics_obtained":["Red Mask"],"max_hp_gain":0,"max_hp_loss":0,"event_name":"Tomb of Lord Red Mask","floor":42,"gold_loss":143},{"damage_healed":0,"gold_gain":0,"player_choice":"Fight","damage_taken":0,"max_hp_gain":0,"max_hp_loss":0,"event_name":"Mysterious Sphere","floor":45,"gold_loss":0},{"damage_healed":0,"gold_gain":0,"player_choice":"Memory 1","damage_taken":0,"max_hp_gain":0,"max_hp_loss":0,"event_name":"SensoryStone","floor":47,"gold_loss":0}],"is_beta":true,"boss_relics":[{"not_picked":["Busted Crown","Fusion Hammer"],"picked":"Sozu"},{"not_picked":["Calling Bell","Runic Cube"],"picked":"Empty Cage"}],"items_purged_floors":[19],"is_endless":false,"potions_floor_spawned":[1,2,14,16,18,20,28,35,37,38],"killed_by":"Awakened One","ascension_level":0}