{"gold_per_floor":[363,3,3,3,3,3,36,36,36,48,68,103,103,116,116,221,221,232,247,267,366,83,83,99,132,159,37,37,52,52,64,64,166,166,184,202,77,87,87,100,15,15,15,32,0,14,24,124,124,124],"floor_reached":51,"playtime":3592,"items_purged":["Clumsy","Defend_B","Multi-Cast+1"],"score":737,"play_id":"b75ffd64-6209-4ca0-ba43-8e2e3f8f3cae","local_time":"20191015175128","is_ascension_mode":true,"campfire_choices":[{"data":"Reboot","floor":6,"key":"SMITH"},{"floor":8,"key":"REST"},{"data":"Zap","floor":13,"key":"SMITH"},{"data":"Dualcast","floor":15,"key":"SMITH"},{"data":"Deep Breath","floor":23,"key":"SMITH"},{"data":"Scrape","floor":28,"key":"SMITH"},{"data":"Metamorphosis","floor":30,"key":"SMITH"},{"floor":32,"key":"REST"},{"data":"Deep Breath","floor":42,"key":"SMITH"},{"floor":49,"key":"REST"}],"neow_cost":"CURSE","seed_source_timestamp":250789660416000,"circlet_count":0,"master_deck":["Defend_B","Defend_B","Zap+1","Dualcast+1","Gash","Beam Cell","Reboot+1","Self Repair","Coolheaded","Scrape+1","Hologram","Leap","Steam","Machine Learning","Beam Cell","Deep Breath+1","Metamorphosis+1","Streamline","Conserve Battery+1","Coolheaded","Coolheaded+1","Seek","Hologram+1","Multi-Cast+1","Redo+1","Pain","Deep Breath+1"],"special_seed":0,"relics":["Cracked Core","Orichalcum","Ornamental Fan","Shuriken","Sozu","Dream Catcher","Centennial Puzzle","Astrolabe","WarpedTongs","Blood Vial","Red Mask","Thread and Needle"],"potions_floor_usage":[12,50,50],"damage_taken":[{"damage":0,"enemies":"2 Louse","floor":1,"turns":3},{"damage":37,"enemies":"3 Sentries","floor":7,"turns":8},{"damage":5,"enemies":"Small Slimes","floor":10,"turns":4},{"damage":0,"enemies":"Cultist","floor":11,"turns":3},{"damage":25,"enemies":"Lagavulin","floor":12,"turns":5},{"damage":0,"enemies":"Looter","floor":14,"turns":3},{"damage":37,"enemies":"Slime Boss","floor":16,"turns":7},{"damage":0,"enemies":"Shell Parasite","floor":18,"turns":3},{"damage":0,"enemies":"3 Byrds","floor":19,"turns":6},{"damage":20,"enemies":"Snake Plant","floor":20,"turns":4},{"damage":15,"enemies":"Snecko","floor":24,"turns":5},{"damage":10,"enemies":"Book of Stabbing","floor":25,"turns":5},{"damage":0,"enemies":"Chosen and Byrds","floor":29,"turns":4},{"damage":11,"enemies":"3 Cultists","floor":31,"turns":4},{"damage":27,"enemies":"Automaton","floor":33,"turns":7},{"damage":0,"enemies":"Orb Walker","floor":35,"turns":2},{"damage":1,"enemies":"3 Darklings","floor":36,"turns":6},{"damage":6,"enemies":"Jaw Worm Horde","floor":38,"turns":4},{"damage":9,"enemies":"Sphere and 2 Shapes","floor":40,"turns":6},{"damage":40,"enemies":"3 Darklings","floor":44,"turns":4},{"damage":5,"enemies":"Transient","floor":46,"turns":5},{"damage":2,"enemies":"Writhing Mass","floor":47,"turns":3},{"damage":11,"enemies":"Mind Bloom Boss Battle","floor":48,"turns":7},{"damage":43,"enemies":"Awakened One","floor":50,"turns":10}],"seed_played":"-321853952663491235","potions_obtained":[{"floor":1,"key":"SteroidPotion"},{"floor":11,"key":"FocusPotion"},{"floor":12,"key":"SteroidPotion"},{"floor":16,"key":"SneckoOil"}],"is_trial":false,"path_per_floor":["M","$","?","?","$","R","E","R","T","M","M","E","R","M","R","B",null,"M","M","M","?","$","R","M","E","T","$","R","M","R","M","R","B",null,"M","M","$","M","?","M","$","R","T","M","?","M","M","?","R","B",null],"character_chosen":"DEFECT","items_purchased":["Gash","Beam Cell","Reboot","Self Repair","Deep Breath","Metamorphosis","Coolheaded","Deep Breath"],"campfire_rested":3,"item_purchase_floors":[2,2,2,2,22,22,27,41],"current_hp_per_floor":[75,75,68,68,68,68,38,60,60,62,62,44,44,44,44,14,75,75,75,62,62,62,62,54,51,51,51,51,58,58,47,69,49,75,75,75,75,75,75,73,73,73,73,42,42,49,59,60,75,42],"gold":124,"neow_bonus":"TWO_FIFTY_GOLD","is_prod":false,"is_daily":false,"chose_seed":false,"campfire_upgraded":7,"win_rate":0,"timestamp":1571179888,"path_taken":["M","$","?","?","$","R","E","R","T","M","M","E","R","M","R","BOSS","M","?","M","?","$","R","M","E","T","$","R","M","R","M","R","BOSS","M","M","$","M","?","?","$","R","T","M","?","M","M","?","R","BOSS"],"build_version":"2019-10-14","purchased_purges":3,"victory":true,"max_hp_per_floor":[75,75,75,75,75,75,75,75,75,75,75,75,75,75,75,75,75,75,75,75,75,75,75,75,75,75,75,75,75,75,75,75,75,75,75,75,75,75,75,75,75,75,75,75,75,75,75,75,75,75],"card_choices":[{"not_picked":["Lockon","Leap","Reprogram"],"picked":"SKIP","floor":1},{"not_picked":["Leap","Steam"],"picked":"Coolheaded","floor":7},{"not_picked":["Hologram","Chill"],"picked":"Scrape","floor":10},{"not_picked":["Consume","Barrage"],"picked":"Hologram","floor":11},{"not_picked":["Steam","Loop"],"picked":"Leap","floor":12},{"not_picked":["Redo","Hologram"],"picked":"Steam","floor":14},{"not_picked":["Electrodynamics","Thunder Strike"],"picked":"Machine Learning","floor":16},{"not_picked":["Sweeping Beam","Aggregate+1"],"picked":"Beam Cell","floor":18},{"not_picked":["Rebound","Leap","Steam Power"],"picked":"SKIP","floor":19},{"not_picked":["Electrodynamics","Loop","Cold Snap+1"],"picked":"SKIP","floor":20},{"not_picked":["Defragment+1","Conserve Battery"],"picked":"Streamline","floor":24},{"not_picked":["Reinforced Body","Undo+1"],"picked":"Conserve Battery+1","floor":25},{"not_picked":["Coolheaded+1","Stack","Streamline+1"],"picked":"SKIP","floor":29},{"not_picked":["Sweeping Beam","Hologram","Sunder"],"picked":"SKIP","floor":31},{"not_picked":["Buffer","Beam Cell"],"picked":"Coolheaded+1","floor":32},{"not_picked":["Creative AI","Buffer"],"picked":"Seek","floor":33},{"not_picked":["Aggregate+1","Auto Shields+1","Ball Lightning+1"],"picked":"SKIP","floor":35},{"not_picked":["Chaos","Turbo"],"picked":"Redo+1","floor":36},{"not_picked":["Melter+1","Conserve Battery","Steam"],"picked":"SKIP","floor":38},{"not_picked":["Storm+1","Steam+1","Ball Lightning+1"],"picked":"SKIP","floor":40},{"not_picked":["Cold Snap+1","Auto Shields","Steam"],"picked":"SKIP","floor":44},{"not_picked":["Amplify","Leap+1","Glacier+1"],"picked":"SKIP","floor":46},{"not_picked":["Skim","Doom and Gloom","Lockon"],"picked":"SKIP","floor":47}],"player_experience":42591,"relics_obtained":[{"floor":7,"key":"Orichalcum"},{"floor":9,"key":"Ornamental Fan"},{"floor":12,"key":"Shuriken"},{"floor":25,"key":"Dream Catcher"},{"floor":26,"key":"Centennial Puzzle"},{"floor":43,"key":"Blood Vial"},{"floor":48,"key":"Thread and Needle"}],"event_choices":[{"cards_removed":["Strike_B"],"damage_healed":0,"gold_gain":0,"player_choice":"Card Removal","damage_taken":7,"max_hp_gain":0,"max_hp_loss":0,"event_name":"Golden Wing","floor":3,"gold_loss":0},{"cards_removed":["Strike_B"],"damage_healed":0,"gold_gain":0,"player_choice":"Purged","damage_taken":0,"max_hp_gain":0,"max_hp_loss":0,"event_name":"Purifier","floor":4,"gold_loss":0},{"damage_healed":0,"gold_gain":99,"player_choice":"Stole From Cult","damage_taken":0,"max_hp_gain":0,"max_hp_loss":0,"event_name":"Nest","floor":21,"gold_loss":0},{"damage_healed":0,"gold_gain":0,"player_choice":"Rummage","damage_taken":0,"relics_obtained":["WarpedTongs"],"max_hp_gain":0,"max_hp_loss":0,"event_name":"Accursed Blacksmith","floor":39,"gold_loss":0,"cards_obtained":["Pain"]},{"damage_healed":0,"gold_gain":0,"player_choice":"Paid","damage_taken":0,"relics_obtained":["Red Mask"],"max_hp_gain":0,"max_hp_loss":0,"event_name":"Tomb of Lord Red Mask","floor":45,"gold_loss":32},{"damage_healed":0,"gold_gain":0,"player_choice":"Fight","damage_taken":0,"max_hp_gain":0,"max_hp_loss":0,"event_name":"MindBloom","floor":48,"gold_loss":0}],"is_beta":true,"boss_relics":[{"not_picked":["Inserter","Fusion Hammer"],"picked":"Sozu"},{"not_picked":["Coffee Dripper","Runic Pyramid"],"picked":"Astrolabe"}],"items_purged_floors":[2,27,37],"is_endless":false,"potions_floor_spawned":[1,11,12,16,24,29,31,35,38,40,48],"ascension_level":1}