{"gold_per_floor":[110,122,172,185,195,195,220,220,247,247,267,60,74,99,99,171,171,191,203,203,49,69,69],"floor_reached":23,"playtime":2837,"items_purged":["Entrench"],"score":422,"play_id":"3ca02cd6-732b-49a7-8362-023599297a2d","local_time":"20191018135641","is_ascension_mode":true,"campfire_choices":[{"floor":6.0,"key":"REST"},{"data":"True Grit","floor":8.0,"key":"SMITH"},{"floor":10.0,"key":"REST"},{"floor":15.0,"key":"REST"}],"neow_cost":"NONE","seed_source_timestamp":127249857015800,"circlet_count":0,"master_deck":["AscendersBane","Bash","Bludgeon","Inflame","Rage","Armaments","Feel No Pain","Havoc","Demon Form","Fiend Fire","Whirlwind","True Grit+1","Dropkick","Offering","Rupture","Shrug It Off","Flex","Thunderclap","Dropkick","Infernal Blade"],"special_seed":0,"relics":["Pandora\u0027s Box","Ancient Tea Set","Anchor","Orichalcum","Philosopher\u0027s Stone"],"potions_floor_usage":[],"damage_taken":[{"damage":3.0,"enemies":"Cultist","floor":1.0,"turns":3.0},{"damage":7.0,"enemies":"2 Louse","floor":2.0,"turns":3.0},{"damage":0.0,"enemies":"Jaw Worm","floor":4.0,"turns":1.0},{"damage":30.0,"enemies":"Gremlin Gang","floor":5.0,"turns":4.0},{"damage":18.0,"enemies":"3 Sentries","floor":7.0,"turns":11.0},{"damage":0.0,"enemies":"Exordium Wildlife","floor":11.0,"turns":3.0},{"damage":19.0,"enemies":"2 Fungi Beasts","floor":13.0,"turns":3.0},{"damage":6.0,"enemies":"Lagavulin","floor":14.0,"turns":4.0},{"damage":30.0,"enemies":"Slime Boss","floor":16.0,"turns":7.0},{"damage":6.0,"enemies":"Shell Parasite","floor":18.0,"turns":2.0},{"damage":6.0,"enemies":"Chosen","floor":19.0,"turns":2.0},{"damage":21,"enemies":"Centurion and Healer","floor":22,"turns":4},{"damage":27,"enemies":"Slavers","floor":23,"turns":2}],"seed_played":"-8720444851763178977","potions_obtained":[{"floor":2.0,"key":"Fire Potion"},{"floor":4.0,"key":"PowerPotion"},{"floor":11.0,"key":"Weak Potion"},{"floor":13.0,"key":"FearPotion"},{"floor":14.0,"key":"SkillPotion"},{"floor":16.0,"key":"SneckoOil"},{"floor":18.0,"key":"Fire Potion"}],"is_trial":false,"path_per_floor":["M","M","?","M","M","R","E","R","T","R","M","$","M","E","R","B",null,"M","M","?","$","M","E"],"character_chosen":"IRONCLAD","items_purchased":["Offering","Rupture","Fire Potion","Dropkick"],"campfire_rested":3,"item_purchase_floors":[12,12,12,21],"current_hp_per_floor":[65,58,51,51,21,43,25,25,25,47,47,47,28,22,44,14,60,54,48,48,48,27,0],"gold":69,"neow_bonus":"BOSS_RELIC","is_prod":false,"is_daily":false,"chose_seed":false,"campfire_upgraded":1,"win_rate":0,"timestamp":1571421401,"path_taken":["M","M","?","?","M","R","E","R","T","R","M","$","M","E","R","BOSS","M","M","?","$","M","E"],"build_version":"2019-07-17","purchased_purges":1,"victory":false,"max_hp_per_floor":[75,75,75,75,75,75,75,75,75,75,75,75,75,75,75,75,75,75,75,75,75,75,75],"card_choices":[{"not_picked":["Body Slam","Reckless Charge","Hemokinesis"],"picked":"SKIP","floor":1.0},{"not_picked":["Armaments","Havoc","Corruption"],"picked":"SKIP","floor":2.0},{"not_picked":["Ghostly Armor","Warcry"],"picked":"Whirlwind","floor":4.0},{"not_picked":["Inflame","Twin Strike"],"picked":"True Grit","floor":5.0},{"not_picked":["Inflame","Hemokinesis","Second Wind"],"picked":"SKIP","floor":7.0},{"not_picked":["Havoc","Twin Strike"],"picked":"Dropkick","floor":11.0},{"not_picked":["Body Slam","Heavy Blade","Iron Wave"],"picked":"SKIP","floor":13.0},{"not_picked":["Immolate","Disarm"],"picked":"Shrug It Off","floor":14.0},{"not_picked":["Pommel Strike","Infernal Blade"],"picked":"Flex","floor":18.0},{"not_picked":["Havoc","Clash"],"picked":"Thunderclap","floor":19.0},{"not_picked":["Entrench","Warcry"],"picked":"Infernal Blade","floor":22}],"player_experience":838703,"relics_obtained":[{"floor":7.0,"key":"Ancient Tea Set"},{"floor":9.0,"key":"Anchor"},{"floor":14.0,"key":"Orichalcum"}],"event_choices":[{"damage_healed":0.0,"max_hp_gain":0.0,"max_hp_loss":0.0,"gold_gain":50.0,"event_name":"FaceTrader","player_choice":"Touch","floor":3.0,"gold_loss":0.0,"damage_taken":7.0},{"damage_healed":0.0,"max_hp_gain":0.0,"max_hp_loss":0.0,"gold_gain":0.0,"event_name":"Vampires","player_choice":"Ignored","floor":20.0,"gold_loss":0.0,"damage_taken":0.0}],"is_beta":false,"boss_relics":[{"not_picked":["Cursed Key","Astrolabe"],"picked":"Philosopher\u0027s Stone"}],"items_purged_floors":[21],"is_endless":false,"potions_floor_spawned":[2,4,11,13,14,16,18],"killed_by":"Slavers","ascension_level":17}