{"gold_per_floor":[14,26,26,101,111,111,134,59,83,83,36,36,53,86,86,157,157,144,44,44,54,54,88,104,104,177,177,177,192,192,202,202,277,327,340,215,215,226,226,254,354,354,354,194,194,212,30,40,40,40],"floor_reached":51,"playtime":3824,"items_purged":["Defend_R","Strike_R","Strike_R","Defend_R","Shame"],"score":1232,"play_id":"088a3ccf-85b0-4128-816c-d26f749724b6","local_time":"20190423182045","is_ascension_mode":true,"campfire_choices":[{"data":"Pommel Strike","floor":6.0,"key":"SMITH"},{"data":"Bash","floor":10.0,"key":"SMITH"},{"data":"Dropkick","floor":15.0,"key":"SMITH"},{"floor":25,"key":"REST"},{"floor":30,"key":"REST"},{"floor":32,"key":"REST"},{"data":"Strike_R","floor":42,"key":"PURGE"},{"data":"Defend_R","floor":45,"key":"PURGE"},{"data":"Strike_R+1","floor":49,"key":"PURGE"}],"neow_cost":"NO_GOLD","seed_source_timestamp":193419655039452,"circlet_count":0,"master_deck":["AscendersBane","Defend_R","Bash+1","Dropkick+1","Pommel Strike+1","Dropkick","Shrug It Off+1","Warcry+1","Second Wind","Sentinel"],"special_seed":0,"relics":["Burning Blood","Mango","Odd Mushroom","Happy Flower","Juzu Bracelet","Runic Pyramid","Mercury Hourglass","Blue Candle","Singing Bowl","Tiny House","Molten Egg 2","Peace Pipe","The Courier"],"potions_floor_usage":[24,48,50,50],"damage_taken":[{"damage":6.0,"enemies":"2 Louse","floor":1.0,"turns":3.0},{"damage":7.0,"enemies":"Jaw Worm","floor":2.0,"turns":3.0},{"damage":10.0,"enemies":"Small Slimes","floor":5.0,"turns":3.0},{"damage":12.0,"enemies":"The Mushroom Lair","floor":7.0,"turns":5.0},{"damage":1.0,"enemies":"Looter","floor":13.0,"turns":3.0},{"damage":14.0,"enemies":"Lagavulin","floor":14.0,"turns":5.0},{"damage":50.0,"enemies":"The Guardian","floor":16.0,"turns":12.0},{"damage":18.0,"enemies":"2 Thieves","floor":18.0,"turns":4.0},{"damage":7.0,"enemies":"3 Byrds","floor":21.0,"turns":4.0},{"damage":50.0,"enemies":"Gremlin Leader","floor":23.0,"turns":4.0},{"damage":15,"enemies":"3 Cultists","floor":24,"turns":4},{"damage":9,"enemies":"Centurion and Healer","floor":29,"turns":5},{"damage":23,"enemies":"Snake Plant","floor":31,"turns":4},{"damage":4,"enemies":"Collector","floor":33,"turns":3},{"damage":31,"enemies":"3 Shapes","floor":35,"turns":14},{"damage":16,"enemies":"Orb Walker","floor":38,"turns":3},{"damage":13,"enemies":"Giant Head","floor":40,"turns":4},{"damage":1,"enemies":"Mind Bloom Boss Battle","floor":41,"turns":4},{"damage":5,"enemies":"4 Shapes","floor":46,"turns":13},{"damage":7,"enemies":"3 Darklings","floor":48,"turns":3},{"damage":51,"enemies":"Donu and Deca","floor":50,"turns":6}],"seed_played":"4343471005229149470","potions_obtained":[{"floor":1.0,"key":"Ancient Potion"},{"floor":5.0,"key":"FearPotion"},{"floor":13.0,"key":"Weak Potion"},{"floor":21.0,"key":"SkillPotion"},{"floor":29,"key":"Weak Potion"},{"floor":31,"key":"SpeedPotion"},{"floor":48,"key":"Dexterity Potion"}],"is_trial":false,"path_per_floor":["M","M","?","?","M","R","?","$","T","R","$","?","M","E","R","B",null,"M","$","?","M","?","E","M","R","T","?","?","M","R","M","R","B",null,"M","$","?","M","?","E","?","R","T","$","R","M","$","M","R","B",null],"character_chosen":"IRONCLAD","items_purchased":["Shrug It Off","Swift Potion","Energy Potion"],"campfire_rested":3,"item_purchase_floors":[11,44,47],"current_hp_per_floor":[82,81,86,75,71,71,65,65,65,65,65,65,70,62,62,18,75,63,63,94,93,74,30,21,50,50,50,50,49,79,64,94,98,110,87,87,89,81,81,76,83,83,83,83,83,86,86,87,87,42],"gold":40,"neow_bonus":"ONE_RARE_RELIC","is_prod":false,"is_daily":false,"chose_seed":false,"campfire_upgraded":3,"win_rate":0,"timestamp":1556061645,"path_taken":["M","M","?","?","M","R","?","$","T","R","$","?","?","E","R","BOSS","M","$","?","M","?","E","M","R","T","?","?","M","R","M","R","BOSS","M","$","?","M","?","E","?","R","T","$","R","M","$","M","R","BOSS"],"build_version":"2019-01-23","purchased_purges":5,"victory":true,"max_hp_per_floor":[89,89,94,94,94,94,94,94,94,94,94,94,94,94,94,94,94,94,94,94,94,99,99,99,99,99,99,99,101,101,103,103,105,112,114,114,116,118,118,120,122,122,122,122,122,124,124,126,126,126],"card_choices":[{"not_picked":["Whirlwind","Heavy Blade"],"picked":"Dropkick","floor":1.0},{"not_picked":["Iron Wave","Thunderclap","True Grit"],"picked":"SKIP","floor":2.0},{"not_picked":["Clothesline","Bloodletting"],"picked":"Pommel Strike","floor":5.0},{"not_picked":["Infernal Blade","Whirlwind"],"picked":"Dropkick","floor":7.0},{"not_picked":["Flex","Perfected Strike"],"picked":"Warcry","floor":13.0},{"not_picked":["Heavy Blade","Anger","Limit Break"],"picked":"SKIP","floor":14.0},{"not_picked":["Anger","Headbutt","Pommel Strike+1"],"picked":"SKIP","floor":18.0},{"not_picked":["Second Wind","Sever Soul","Havoc"],"picked":"SKIP","floor":21.0},{"not_picked":["Sword Boomerang","Dual Wield"],"picked":"Second Wind","floor":23.0},{"not_picked":["Flex","Armaments"],"picked":"Sentinel","floor":24},{"not_picked":["Inflame","Body Slam","Reaper"],"picked":"Singing Bowl","floor":29},{"not_picked":["Iron Wave+1","True Grit","Rupture"],"picked":"Singing Bowl","floor":31},{"not_picked":["Fiend Fire","Barricade","Feed"],"picked":"Singing Bowl","floor":33},{"not_picked":["Body Slam","Pommel Strike","Flex"],"picked":"Singing Bowl","floor":34},{"not_picked":["Flex","Wild Strike+1","True Grit"],"picked":"Singing Bowl","floor":35},{"not_picked":["Impatience","Mind Blast","Metamorphosis"],"picked":"Singing Bowl","floor":37},{"not_picked":["Havoc+1","Uppercut","Headbutt"],"picked":"Singing Bowl","floor":38},{"not_picked":["Shrug It Off","Searing Blow+1","Hemokinesis"],"picked":"Singing Bowl","floor":40},{"not_picked":["Wild Strike+1","Armaments+1","Thunderclap+1"],"picked":"Singing Bowl","floor":41},{"not_picked":["Burning Pact+1","Anger+1","Armaments+1"],"picked":"Singing Bowl","floor":46},{"not_picked":["Dual Wield","Rupture+1","Second Wind+1"],"picked":"Singing Bowl","floor":48}],"player_experience":505447,"relics_obtained":[{"floor":7.0,"key":"Odd Mushroom"},{"floor":9.0,"key":"Happy Flower"},{"floor":14.0,"key":"Juzu Bracelet"},{"floor":23.0,"key":"Mercury Hourglass"},{"floor":26,"key":"Blue Candle"},{"floor":40,"key":"Molten Egg 2"},{"floor":41,"key":"Peace Pipe"},{"floor":43,"key":"The Courier"}],"event_choices":[{"damage_healed":0.0,"max_hp_gain":5.0,"max_hp_loss":0.0,"gold_gain":0.0,"event_name":"Big Fish","player_choice":"Donut","floor":3.0,"gold_loss":0.0,"damage_taken":0.0},{"damage_healed":0.0,"max_hp_gain":0.0,"max_hp_loss":0.0,"gold_gain":75.0,"event_name":"World of Goop","player_choice":"Gather Gold","floor":4.0,"gold_loss":0.0,"damage_taken":11.0},{"damage_healed":0.0,"max_hp_gain":0.0,"max_hp_loss":0.0,"gold_gain":0.0,"event_name":"Mushrooms","player_choice":"Fought Mushrooms","floor":7.0,"gold_loss":0.0,"damage_taken":0.0},{"damage_healed":0.0,"max_hp_gain":0.0,"max_hp_loss":0.0,"gold_gain":0.0,"event_name":"Upgrade Shrine","player_choice":"Upgraded","floor":12.0,"gold_loss":0.0,"damage_taken":0.0,"cards_upgraded":["Shrug It Off"]},{"damage_healed":31.0,"max_hp_gain":0.0,"max_hp_loss":0.0,"gold_gain":0.0,"event_name":"The Library","player_choice":"Heal","floor":20.0,"gold_loss":0.0,"damage_taken":0.0},{"damage_healed":0.0,"max_hp_gain":5.0,"max_hp_loss":0.0,"gold_gain":0.0,"event_name":"Forgotten Altar","player_choice":"Shed Blood","floor":22.0,"gold_loss":0.0,"damage_taken":24.0},{"damage_healed":0,"gold_gain":0,"player_choice":"Stole Relic","damage_taken":0,"relics_obtained":["Singing Bowl"],"max_hp_gain":0,"max_hp_loss":0,"event_name":"Addict","floor":27,"gold_loss":0,"cards_obtained":["Shame"]},{"damage_healed":0,"gold_gain":0,"player_choice":"Forge","damage_taken":0,"max_hp_gain":0,"max_hp_loss":0,"event_name":"Accursed Blacksmith","floor":28,"gold_loss":0,"cards_upgraded":["Warcry"]},{"damage_healed":0,"gold_gain":0,"player_choice":"Memory 1","damage_taken":0,"max_hp_gain":0,"max_hp_loss":0,"event_name":"SensoryStone","floor":37,"gold_loss":0},{"cards_removed":["Strike_R"],"damage_healed":0,"gold_gain":0,"player_choice":"Purged","damage_taken":0,"max_hp_gain":0,"max_hp_loss":0,"event_name":"Purifier","floor":39,"gold_loss":0},{"damage_healed":0,"gold_gain":0,"player_choice":"Fight","damage_taken":0,"max_hp_gain":0,"max_hp_loss":0,"event_name":"MindBloom","floor":41,"gold_loss":0}],"is_beta":false,"boss_relics":[{"not_picked":["Velvet Choker","Runic Dome"],"picked":"Runic Pyramid"},{"not_picked":["White Beast Statue","Fusion Hammer"],"picked":"Tiny House"}],"items_purged_floors":[8,19,36,44,47],"is_endless":false,"potions_floor_spawned":[1,5,13,21,29,31,38,48],"ascension_level":14}