{"gold_per_floor":[109,34,53,69,69,69,23,23,23,23,33,48,64,84,84,188,188,198,198,198,212,230,230,242,242,265,276,289,289,26,40,40,40],"floor_reached":33,"playtime":2747,"items_purged":["Normality","Pain"],"score":365,"play_id":"2808f660-cdca-4f47-b3ee-9393d8000870","local_time":"20190425131037","is_ascension_mode":true,"campfire_choices":[{"data":"Lockon","floor":6,"key":"SMITH"},{"data":"Coolheaded","floor":8,"key":"SMITH"},{"data":"Rainbow","floor":10,"key":"SMITH"},{"floor":15,"key":"REST"},{"floor":23,"key":"REST"},{"floor":25,"key":"REST"},{"data":"Hello World","floor":29,"key":"SMITH"},{"floor":32,"key":"REST"}],"neow_cost":"CURSE","seed_source_timestamp":348877062219002,"circlet_count":0,"master_deck":["AscendersBane","Strike_B","Strike_B","Strike_B","Defend_B","Defend_B","Zap","Dualcast","Leap","Lockon+1","Rainbow+1","Hello World+1","Coolheaded+1","Undo","Redo","Conserve Battery","Gash","Seek","Leap","Hologram","Hologram","Skim","Coolheaded","Reprogram","Self Repair+1","Sunder","Streamline","Self Repair","Go for the Eyes","Finesse","Rebound"],"relics":["Cracked Core","Torii","Orrery","FossilizedHelix","WarpedTongs","Oddly Smooth Stone"],"potions_floor_usage":[11,16,24,28,28,33,33],"damage_taken":[{"damage":4,"enemies":"2 Louse","floor":1,"turns":2},{"damage":0,"enemies":"Cultist","floor":3,"turns":2},{"damage":10,"enemies":"Small Slimes","floor":4,"turns":2},{"damage":1,"enemies":"Red Slaver","floor":11,"turns":3},{"damage":24,"enemies":"Gremlin Gang","floor":12,"turns":4},{"damage":1,"enemies":"3 Louse","floor":13,"turns":4},{"damage":9,"enemies":"Lots of Slimes","floor":14,"turns":6},{"damage":21,"enemies":"The Guardian","floor":16,"turns":8},{"damage":15,"enemies":"Chosen","floor":18,"turns":6},{"damage":32,"enemies":"Spheric Guardian","floor":21,"turns":8},{"damage":1,"enemies":"Snecko","floor":22,"turns":4},{"damage":21,"enemies":"Chosen and Byrds","floor":24,"turns":8},{"damage":10,"enemies":"Snake Plant","floor":27,"turns":5},{"damage":15,"enemies":"Centurion and Healer","floor":28,"turns":8},{"damage":0,"enemies":"Snecko","floor":31,"turns":5},{"damage":90,"enemies":"Automaton","floor":33,"turns":10}],"seed_played":"3200093751553403176","potions_obtained":[{"floor":3,"key":"Swift Potion"},{"floor":11,"key":"Fruit Juice"},{"floor":12,"key":"LiquidBronze"},{"floor":22,"key":"Block Potion"},{"floor":27,"key":"Poison Potion"},{"floor":28,"key":"PowerPotion"},{"floor":31,"key":"Swift Potion"}],"is_trial":false,"path_per_floor":["M","$","M","M","?","R","$","R","T","R","M","M","M","M","R","B",null,"M","?","?","M","M","R","M","R","T","M","M","R","$","M","R","B"],"character_chosen":"DEFECT","items_purchased":["Coolheaded","Self Repair","Go for the Eyes","Finesse"],"campfire_rested":4,"item_purchase_floors":[7,30,30,30],"current_hp_per_floor":[64,64,64,54,54,54,54,54,54,54,58,34,33,24,48,27,67,52,52,52,20,19,43,32,56,56,56,51,51,51,58,80,0],"gold":40,"neow_bonus":"TRANSFORM_TWO_CARDS","is_prod":false,"is_daily":false,"chose_seed":false,"campfire_upgraded":4,"win_rate":0,"timestamp":1556215837,"path_taken":["M","$","M","M","?","R","$","R","T","R","M","M","?","?","R","BOSS","M","?","?","?","M","R","?","R","T","M","M","R","$","M","R","BOSS"],"build_version":"2019-01-23","purchased_purges":2,"victory":false,"max_hp_per_floor":[75,75,75,75,75,75,75,75,75,75,80,80,80,80,80,80,80,80,80,80,80,80,80,80,80,80,80,80,80,80,80,80,80],"card_choices":[{"not_picked":["Beam Cell","Hologram","Redo"],"picked":"SKIP","floor":1},{"not_picked":["Recycle","Stack","Redo"],"picked":"SKIP","floor":3},{"not_picked":["Compile Driver","Rebound"],"picked":"Rainbow","floor":4},{"not_picked":["Tempest","Sunder"],"picked":"Undo","floor":11},{"not_picked":["Turbo","Steam"],"picked":"Redo","floor":12},{"not_picked":["Redo","Genetic Algorithm"],"picked":"Conserve Battery","floor":13},{"not_picked":["Sweeping Beam","Static Discharge"],"picked":"Gash","floor":14},{"not_picked":["Multi-Cast","Hyperbeam"],"picked":"Seek","floor":16},{"not_picked":["Streamline","Steam"],"picked":"Leap","floor":17},{"not_picked":["Aggregate","Go for the Eyes"],"picked":"Hologram","floor":17},{"not_picked":["FTL","Reprogram"],"picked":"Hologram","floor":17},{"not_picked":["Lockon","Stack"],"picked":"Skim","floor":17},{"not_picked":["Leap","Cold Snap"],"picked":"Coolheaded","floor":18},{"not_picked":["Ball Lightning","Redo"],"picked":"Reprogram","floor":21},{"not_picked":["Fission","Compile Driver"],"picked":"Self Repair+1","floor":22},{"not_picked":["Blizzard","Recycle"],"picked":"Sunder","floor":24},{"not_picked":["Leap","Coolheaded","Barrage+1"],"picked":"SKIP","floor":27},{"not_picked":["Steam","Coolheaded"],"picked":"Streamline","floor":28},{"not_picked":["Heatsinks","Skim"],"picked":"Rebound","floor":31}],"player_experience":536356,"relics_obtained":[{"floor":9,"key":"Torii"},{"floor":26,"key":"Oddly Smooth Stone"}],"event_choices":[{"damage_healed":0,"gold_gain":0,"cards_transformed":["Strike_B"],"player_choice":"Transformed","damage_taken":0,"max_hp_gain":0,"max_hp_loss":0,"event_name":"Transmorgrifier","floor":5,"gold_loss":0,"cards_obtained":["Hello World"]},{"damage_healed":0,"gold_gain":0,"player_choice":"Opened","damage_taken":0,"relics_obtained":["FossilizedHelix"],"max_hp_gain":0,"max_hp_loss":0,"event_name":"The Mausoleum","floor":19,"gold_loss":0},{"damage_healed":0,"gold_gain":0,"player_choice":"Rummage","damage_taken":0,"relics_obtained":["WarpedTongs"],"max_hp_gain":0,"max_hp_loss":0,"event_name":"Accursed Blacksmith","floor":20,"gold_loss":0,"cards_obtained":["Pain"]}],"is_beta":false,"boss_relics":[{"not_picked":["Lizard Tail","Busted Crown"],"picked":"Orrery"}],"items_purged_floors":[2,30],"is_endless":false,"potions_floor_spawned":[3,11,12,22,27,28,31],"killed_by":"Automaton","ascension_level":10}