{"gold_per_floor":[110,110,124,40,40,40,55,55,55,104,115,115,125,141,141,246,246,257,172,172,190,39,39,39,51,77,87,87,12,23,23,23,23],"floor_reached":33,"playtime":564,"items_purged":["Defend_R"],"score":287,"play_id":"5de2cc36-8167-4959-b20e-796aeaf74cdb","local_time":"20190502211607","is_ascension_mode":false,"campfire_choices":[{"data":"Dramatic Entrance","floor":6.0,"key":"SMITH"},{"data":"Seeing Red","floor":8.0,"key":"SMITH"},{"data":"Whirlwind","floor":15.0,"key":"SMITH"},{"data":"Offering","floor":23.0,"key":"SMITH"},{"floor":28,"key":"REST"},{"data":"Offering","floor":32,"key":"SMITH"}],"neow_cost":"NONE","seed_source_timestamp":984951865645864,"circlet_count":0,"master_deck":["Strike_R+1","Strike_R","Strike_R","Strike_R","Strike_R","Defend_R","Defend_R+1","Bash","Cleave+1","Seeing Red+1","Dramatic Entrance+1","Wild Strike","Offering+1","Whirlwind+1","Offering+1","Shrug It Off"],"special_seed":0,"relics":["Burning Blood","NeowsBlessing","Vajra","Happy Flower","Calling Bell","Boot","Letter Opener","Pocketwatch","Blue Candle","Art of War","Juzu Bracelet"],"potions_floor_usage":[33,33,33],"damage_taken":[{"damage":0.0,"enemies":"2 Louse","floor":1.0,"turns":1.0},{"damage":0.0,"enemies":"Cultist","floor":3.0,"turns":1.0},{"damage":0.0,"enemies":"Jaw Worm","floor":7.0,"turns":1.0},{"damage":2.0,"enemies":"Looter","floor":11.0,"turns":2.0},{"damage":10.0,"enemies":"Exordium Thugs","floor":13.0,"turns":2.0},{"damage":19.0,"enemies":"Red Slaver","floor":14.0,"turns":2.0},{"damage":6.0,"enemies":"Slime Boss","floor":16.0,"turns":4.0},{"damage":1.0,"enemies":"3 Byrds","floor":18.0,"turns":2.0},{"damage":12.0,"enemies":"Spheric Guardian","floor":21.0,"turns":2.0},{"damage":19,"enemies":"Shelled Parasite and Fungi","floor":25,"turns":2},{"damage":12,"enemies":"Cultist and Chosen","floor":27,"turns":3},{"damage":10,"enemies":"Centurion and Healer","floor":30,"turns":2},{"damage":71,"enemies":"Champ","floor":33,"turns":7}],"seed_played":"5614838680662096366","potions_obtained":[{"floor":3.0,"key":"Strength Potion"},{"floor":7.0,"key":"SkillPotion"},{"floor":14.0,"key":"FearPotion"}],"is_trial":false,"path_per_floor":["M","?","M","$","?","R","M","R","T","T","M","?","M","M","R","B",null,"M","?","?","M","$","R","?","M","T","M","R","$","M","$","R","B"],"character_chosen":"IRONCLAD","items_purchased":["Dramatic Entrance","Art of War"],"campfire_rested":1,"item_purchase_floors":[4,22],"current_hp_per_floor":[80,80,80,80,64,64,70,70,70,70,74,74,70,57,57,57,80,80,80,80,74,74,74,59,46,46,40,65,65,61,61,61,0],"gold":23,"neow_bonus":"THREE_ENEMY_KILL","is_prod":false,"is_daily":false,"chose_seed":false,"campfire_upgraded":5,"win_rate":0,"timestamp":1556849767,"path_taken":["M","?","?","$","?","R","M","R","T","?","M","?","?","M","R","BOSS","M","?","?","?","$","R","?","M","T","M","R","?","M","$","R","BOSS"],"build_version":"2019-01-23","purchased_purges":1,"victory":false,"max_hp_per_floor":[80,80,80,80,80,80,80,80,80,80,80,80,80,80,80,80,80,80,80,80,80,80,80,85,85,85,85,85,85,85,85,85,85],"card_choices":[{"not_picked":["Perfected Strike","Clash"],"picked":"Cleave","floor":1.0},{"not_picked":["Flex","Feel No Pain"],"picked":"Seeing Red","floor":3.0},{"not_picked":["Heavy Blade","Perfected Strike","Sword Boomerang"],"picked":"SKIP","floor":7.0},{"not_picked":["Body Slam","Heavy Blade"],"picked":"Wild Strike","floor":11.0},{"not_picked":["Sword Boomerang","Wild Strike"],"picked":"Whirlwind","floor":13.0},{"not_picked":["Bloodletting","Body Slam","Searing Blow"],"picked":"SKIP","floor":14.0},{"not_picked":["Bludgeon","Limit Break"],"picked":"Offering","floor":16.0},{"not_picked":["True Grit","Warcry"],"picked":"Shrug It Off","floor":18.0},{"not_picked":["Perfected Strike","Sever Soul","Clash+1"],"picked":"SKIP","floor":21.0},{"not_picked":["Clash+1","Searing Blow","Burning Pact+1"],"picked":"SKIP","floor":25},{"not_picked":["True Grit","Reckless Charge","Brutality"],"picked":"SKIP","floor":27},{"not_picked":["Clothesline","Rage","Corruption"],"picked":"SKIP","floor":30}],"player_experience":594792,"relics_obtained":[{"floor":9.0,"key":"Vajra"},{"floor":10.0,"key":"Happy Flower"},{"floor":17.0,"key":"Boot"},{"floor":17.0,"key":"Letter Opener"},{"floor":17.0,"key":"Pocketwatch"},{"floor":26,"key":"Juzu Bracelet"}],"event_choices":[{"damage_healed":0.0,"max_hp_gain":0.0,"max_hp_loss":0.0,"gold_gain":0.0,"event_name":"Accursed Blacksmith","player_choice":"Forge","floor":2.0,"gold_loss":0.0,"damage_taken":0.0,"cards_upgraded":["Cleave"]},{"damage_healed":0.0,"max_hp_gain":0.0,"max_hp_loss":0.0,"gold_gain":0.0,"event_name":"Shining Light","player_choice":"Entered Light","floor":5.0,"gold_loss":0.0,"damage_taken":16.0,"cards_upgraded":["Strike_R","Defend_R"]},{"damage_healed":0.0,"max_hp_gain":0.0,"max_hp_loss":0.0,"gold_gain":0.0,"cards_transformed":["Defend_R"],"event_name":"Transmorgrifier","player_choice":"Transformed","floor":12.0,"gold_loss":0.0,"damage_taken":0.0,"cards_obtained":["Offering"]},{"damage_healed":0.0,"max_hp_gain":0.0,"max_hp_loss":0.0,"gold_gain":0.0,"event_name":"Addict","player_choice":"Obtained Relic","floor":19.0,"gold_loss":85.0,"damage_taken":0.0,"relics_obtained":["Blue Candle"]},{"cards_removed":["Writhe","Pain","Regret"],"damage_healed":0.0,"max_hp_gain":0.0,"max_hp_loss":0.0,"gold_gain":0.0,"event_name":"Fountain of Cleansing","player_choice":"Removed Curses","floor":20.0,"gold_loss":0.0,"damage_taken":0.0},{"damage_healed":0.0,"max_hp_gain":5.0,"max_hp_loss":0.0,"gold_gain":0.0,"event_name":"Forgotten Altar","player_choice":"Shed Blood","floor":24.0,"gold_loss":0.0,"damage_taken":20.0}],"is_beta":false,"boss_relics":[{"not_picked":["Astrolabe","Pandora\u0027s Box"],"picked":"Calling Bell"}],"items_purged_floors":[29],"is_endless":false,"potions_floor_spawned":[3,7,14,16,18,21],"killed_by":"Champ","ascension_level":0}