{"gold_per_floor":[26,26,26,26,101,139,139,139,139,139,139,139,139,174,174,269,269,280,304,304,344,344,344,344,344,344,389,389,389,389,304,304,408,408,437,659,659,724,724,724,724,724,751,751,751,751,751,786,786,901,901,917,997,1072,1072,1072,1072,1095,1095,1095,1095,1095,1095,1095,1095,1095,1224,1224,1247,1277,1277,1316,1316,1316,1316,1316,1345,1345,1345,1345,1345,1465,1465,1590,1640,1656,1656,1656,1656,1756,1756,1978,1978,2005,2005,2005,2005,2066,2095,2095,2209,2209],"floor_reached":102,"playtime":4439,"items_purged":[],"score":2448,"play_id":"209d13ec-a785-42f1-8761-69a89cba5918","local_time":"20190530192347","daily_mods":["SealedDeck","Vintage","Heirloom","Flight","Diverse","Colorless Cards"],"is_ascension_mode":false,"campfire_choices":[{"data":"Flame Barrier","floor":7.0,"key":"SMITH"},{"floor":8.0,"key":"REST"},{"data":"hubris:MerchantsHand","floor":10.0,"key":"SMITH"},{"data":"Doom and Gloom","floor":11.0,"key":"SMITH"},{"data":"Leg Sweep","floor":13.0,"key":"SMITH"},{"data":"Swift Strike","floor":15.0,"key":"SMITH"},{"data":"Guardian:ChargeUp","floor":23.0,"key":"SMITH"},{"data":"Limit Break","floor":25.0,"key":"SMITH"},{"data":"Battle Trance","floor":29.0,"key":"SMITH"},{"data":"HollowMod:CrystalDash","floor":32.0,"key":"SMITH"},{"data":"Noxious Fumes","floor":40.0,"key":"SMITH"},{"data":"Discovery","floor":42.0,"key":"SMITH"},{"data":"Headbutt","floor":44.0,"key":"SMITH"},{"data":"Expertise","floor":45.0,"key":"SMITH"},{"data":"Melter","floor":46.0,"key":"SMITH"},{"data":"HollowMod:HuntersJournal","floor":49.0,"key":"SMITH"},{"data":"Defend_B","floor":57.0,"key":"SMITH"},{"data":"Defend_R","floor":59.0,"key":"SMITH"},{"data":"hubris:Defend_Merchant","floor":62.0,"key":"SMITH"},{"data":"hubris:Strike_Merchant","floor":63.0,"key":"SMITH"},{"data":"Strike_G","floor":66.0,"key":"SMITH"},{"data":"Jack Of All Trades","floor":74.0,"key":"SMITH"},{"data":"HollowMod:InfectedAttack","floor":75.0,"key":"SMITH"},{"data":"HollowMod:InfectedAttack","floor":76.0,"key":"SMITH"},{"data":"HollowMod:InfectedAttack","floor":78.0,"key":"SMITH"},{"data":"HollowMod:InfectedAttack","floor":81.0,"key":"SMITH"},{"floor":83.0,"key":"REST"},{"floor":91,"key":"REST"},{"data":"Go for the Eyes","floor":95,"key":"SMITH"},{"data":"Cloak And Dagger","floor":97,"key":"SMITH"},{"data":"Dramatic Entrance","floor":100,"key":"SMITH"}],"neow_cost":"","seed_source_timestamp":0,"circlet_count":1,"master_deck":["Defend_G+1","Defend_B+1","hubris:MerchantsHand+1","hubris:MerchantsHand+1","Fire Breathing","Battle Trance+1","Leg Sweep+1","Expertise+1","Headbutt+1","HollowMod:SiblingsSouls+1","Melter+1","Flame Barrier+1","Swift Strike+1","Well Laid Plans+1","Doom and Gloom+1","HollowMod:CrystalDash+1","Limit Break+1","Guardian:ChargeUp+1","Noxious Fumes+1","Madness+1","Madness","Mayhem","Discovery+1","Mind Blast","HollowMod:HuntersJournal+1","Regret","hubris:NaturalOne","HollowMod:InfectedAttack+1","HollowMod:InfectedAttack+1","HollowMod:InfectedAttack+1","HollowMod:InfectedAttack+1","HollowMod:PerfectDash+1","Jack Of All Trades+1","Seeing Red","Double Energy+1","Die Die Die","Cloak And Dagger+1","Madness","Madness","HollowMod:ShadowDash","Go for the Eyes+1","Dark Shackles","Deep Breath","Dramatic Entrance+1","Trip+1","Grand Finale"],"special_seed":0,"relics":["Snecko Eye","Smiling Mask","hubris:NiceRug","hubris:Spice","hubris:TenFootPole","Gremlin Horn","hubris:BottledRain","Orichalcum","Juzu Bracelet","Anchor","Red Mask","Matryoshka","hubris:FunFungus","Thread and Needle","hubris:GrandSneckoEye","Red Skull","Busted Crown","Meat on the Bone","hubris:Icosahedron","Centennial Puzzle","Sundial","Turnip","Bronze Scales","hubris:TerracottaHorce","hubris:SlimyHat","Circlet","Incense Burner","Tiny House","Kunai","Torii","Oddly Smooth Stone","Mark of Pain"],"potions_floor_usage":[],"damage_taken":[{"damage":0.0,"enemies":"2 Louse","floor":1.0,"turns":2.0},{"damage":19.0,"enemies":"Gremlin Nob","floor":6.0,"turns":5.0},{"damage":0.0,"enemies":"HollowMod:MossKnight","floor":14.0,"turns":5.0},{"damage":23.0,"enemies":"The Guardian","floor":16.0,"turns":10.0},{"damage":3.0,"enemies":"Shell Parasite","floor":18.0,"turns":4.0},{"damage":0.0,"enemies":"Masked Bandits","floor":21.0,"turns":4.0},{"damage":0.0,"enemies":"Gremlin Leader","floor":27.0,"turns":6.0},{"damage":9.0,"enemies":"HollowMod:NKGrimm","floor":33.0,"turns":7.0},{"damage":0.0,"enemies":"Orb Walker","floor":35.0,"turns":4.0},{"damage":0.0,"enemies":"2 Orb Walkers","floor":38.0,"turns":5.0},{"damage":0.0,"enemies":"Reptomancer","floor":48.0,"turns":4.0},{"damage":7.0,"enemies":"Donu and Deca","floor":50.0,"turns":8.0},{"damage":0.0,"enemies":"Cultist","floor":52.0,"turns":1.0},{"damage":0.0,"enemies":"Jaw Worm","floor":58.0,"turns":2.0},{"damage":0.0,"enemies":"Slime Boss","floor":67.0,"turns":5.0},{"damage":0.0,"enemies":"Spheric Guardian","floor":69.0,"turns":2.0},{"damage":0.0,"enemies":"2 Thieves","floor":70.0,"turns":3.0},{"damage":4.0,"enemies":"Masked Bandits","floor":72.0,"turns":3.0},{"damage":1.0,"enemies":"Book of Stabbing","floor":77.0,"turns":3.0},{"damage":6.0,"enemies":"Colosseum Slavers","floor":82.0,"turns":2.0},{"damage":0.0,"enemies":"Colosseum Nobs","floor":82.0,"turns":3.0},{"damage":15.0,"enemies":"HollowMod:NKGrimm","floor":84.0,"turns":7.0},{"damage":0,"enemies":"3 Shapes","floor":86,"turns":2},{"damage":3,"enemies":"Mind Bloom Boss Battle","floor":90,"turns":7},{"damage":1,"enemies":"Reptomancer","floor":94,"turns":5},{"damage":0,"enemies":"2 Orb Walkers","floor":98,"turns":3},{"damage":0,"enemies":"3 Darklings","floor":99,"turns":3},{"damage":11,"enemies":"Donu and Deca","floor":101,"turns":9}],"seed_played":"787002601212646687","potions_obtained":[{"floor":6.0,"key":"Dexterity Potion"},{"floor":14.0,"key":"Regen Potion"},{"floor":18.0,"key":"Block Potion"},{"floor":27.0,"key":"Explosive Potion"},{"floor":67.0,"key":"EssenceOfSteel"},{"floor":69.0,"key":"SkillPotion"},{"floor":85.0,"key":"Weak Potion"},{"floor":94,"key":"SkillPotion"}],"is_trial":true,"path_per_floor":["M","$","?","?","?","E","R","R","T","R","R","$","R","E","R","B",null,"M","T","?","?","?","R","$","R","T","E","?","R","$","?","R","B",null,"M","?","?","?","?","R","?","R","T","R","R","R","?","E","R","B",null,"M","?","?","?","?","R","M","R","T","?","R","R","?","$","R","B",null,"M","M","?","?","?","R","R","R","E","R","?","?","R","?","R","B",null,"M","?","?","?","?","R","?","?","E","R","?","R","?","M","R","B",null],"character_chosen":"IRONCLAD","items_purchased":[],"campfire_rested":3,"item_purchase_floors":[],"current_hp_per_floor":[83,83,83,75,70,51,51,75,75,75,75,75,75,75,75,52,91,88,88,83,83,83,83,83,83,83,75,75,75,75,75,75,72,75,75,75,85,85,80,80,75,75,75,75,75,75,75,75,75,69,69,69,69,64,64,57,57,58,58,58,58,58,58,53,53,53,54,59,53,53,53,49,49,49,49,49,48,48,47,47,47,42,50,38,52,53,56,53,53,58,58,58,58,57,57,52,52,50,50,50,46,49],"gold":2209,"neow_bonus":"","is_prod":false,"is_daily":false,"chose_seed":false,"campfire_upgraded":28,"win_rate":0,"timestamp":1559233427,"path_taken":["M","$","?","?","?","E","R","R","T","R","R","?","R","E","R","BOSS","M","?","?","?","?","R","?","R","T","E","?","R","?","?","R","BOSS","M","?","?","?","?","R","?","R","T","R","R","R","?","E","R","BOSS","M","?","?","?","?","R","M","R","T","?","R","R","?","$","R","BOSS","M","M","?","?","?","R","R","R","E","R","?","?","R","?","R","BOSS","M","?","?","?","?","R","?","?","E","R","?","R","?","M","R","BOSS"],"build_version":"2019-01-23","purchased_purges":0,"victory":false,"max_hp_per_floor":[83,83,83,83,83,83,83,83,83,83,83,83,83,83,83,83,91,91,91,83,83,83,83,83,83,83,75,75,75,75,75,75,75,75,75,75,85,85,85,85,85,85,77,77,77,77,77,77,77,69,69,69,69,69,69,69,69,61,61,61,61,61,61,61,61,61,61,61,53,53,53,53,53,53,53,53,53,53,58,58,58,50,50,50,55,55,58,58,58,58,58,58,58,58,58,58,58,50,50,50,50,50],"card_choices":[{"not_picked":["HollowMod:SiblingsSouls","Cleave"],"picked":"Doom and Gloom","floor":6.0},{"not_picked":["HollowMod:RecoilStrike","Sucker Punch"],"picked":"HollowMod:CrystalDash","floor":14.0},{"not_picked":["HollowMod:Weaversong","Biased Cognition"],"picked":"Limit Break","floor":16.0},{"not_picked":["HollowMod:ShadowDash","Consume"],"picked":"Guardian:ChargeUp","floor":21.0},{"not_picked":["PiercingWail","HollowMod:SoulMaster"],"picked":"hubris:SpiceAddiction","floor":27.0},{"not_picked":["HollowMod:AwokenDreamNail","Reboot"],"picked":"Amplify","floor":33.0},{"not_picked":["PiercingWail+1","Gash"],"picked":"Noxious Fumes","floor":38.0},{"not_picked":["Swift Strike","Impatience"],"picked":"Mayhem","floor":41.0},{"not_picked":["Purity","Swift Strike"],"picked":"Discovery","floor":41.0},{"not_picked":["Trip","Flash of Steel"],"picked":"Mind Blast","floor":41.0},{"not_picked":["Fire Breathing+1","Perfected Strike+1"],"picked":"HollowMod:HuntersJournal","floor":48.0},{"not_picked":["Guardian:RevengeProtocol","HollowMod:SoulMaster"],"picked":"hubris:SpiceAddiction","floor":50.0},{"not_picked":[],"picked":"HollowMod:PerfectDash+1","floor":72.0},{"not_picked":[],"picked":"Seeing Red","floor":77.0},{"not_picked":[],"picked":"Double Energy+1","floor":82.0},{"not_picked":[],"picked":"Die Die Die","floor":84.0},{"not_picked":[],"picked":"Cloak And Dagger","floor":85.0},{"not_picked":[],"picked":"HollowMod:ShadowDash","floor":90},{"not_picked":[],"picked":"Go for the Eyes","floor":94},{"not_picked":[],"picked":"Dark Shackles","floor":96},{"not_picked":[],"picked":"Deep Breath","floor":96},{"not_picked":[],"picked":"Dramatic Entrance","floor":96},{"not_picked":[],"picked":"Trip+1","floor":98},{"not_picked":[],"picked":"Grand Finale","floor":101}],"player_experience":424745,"relics_obtained":[{"floor":1.0,"key":"hubris:TenFootPole"},{"floor":6.0,"key":"Gremlin Horn"},{"floor":9.0,"key":"hubris:BottledRain"},{"floor":14.0,"key":"Orichalcum"},{"floor":18.0,"key":"Juzu Bracelet"},{"floor":19.0,"key":"Anchor"},{"floor":21.0,"key":"Red Mask"},{"floor":26.0,"key":"Matryoshka"},{"floor":27.0,"key":"hubris:FunFungus"},{"floor":35.0,"key":"Red Skull"},{"floor":43.0,"key":"hubris:Spice"},{"floor":52.0,"key":"Meat on the Bone"},{"floor":58.0,"key":"hubris:Spice"},{"floor":60.0,"key":"Centennial Puzzle"},{"floor":60.0,"key":"Sundial"},{"floor":69.0,"key":"hubris:Spice"},{"floor":70.0,"key":"hubris:SlimyHat"},{"floor":72.0,"key":"Circlet"},{"floor":82.0,"key":"Incense Burner"},{"floor":82.0,"key":"hubris:Spice"},{"floor":86,"key":"Kunai"},{"floor":90,"key":"Torii"},{"floor":98,"key":"hubris:Spice"},{"floor":99,"key":"Oddly Smooth Stone"}],"event_choices":[{"damage_healed":0.0,"max_hp_gain":0.0,"max_hp_loss":0.0,"gold_gain":0.0,"event_name":"Living Wall","player_choice":"Grow","floor":3.0,"gold_loss":0.0,"damage_taken":0.0,"cards_upgraded":["Well Laid Plans"]},{"damage_healed":0.0,"max_hp_gain":0.0,"max_hp_loss":0.0,"gold_gain":0.0,"event_name":"Shining Light","player_choice":"Entered Light","floor":4.0,"gold_loss":0.0,"damage_taken":17.0,"cards_upgraded":["Strike_B","hubris:MerchantsHand"]},{"damage_healed":0.0,"max_hp_gain":0.0,"max_hp_loss":0.0,"gold_gain":75.0,"event_name":"World of Goop","player_choice":"Gather Gold","floor":5.0,"gold_loss":0.0,"damage_taken":11.0},{"damage_healed":0.0,"max_hp_gain":0.0,"max_hp_loss":0.0,"gold_gain":0.0,"event_name":"The Mausoleum","player_choice":"Opened","floor":20.0,"gold_loss":0.0,"damage_taken":0.0,"relics_obtained":["hubris:Spice"]},{"damage_healed":0.0,"max_hp_gain":0.0,"max_hp_loss":0.0,"gold_gain":0.0,"event_name":"Masked Bandits","player_choice":"Fought Bandits","floor":21.0,"gold_loss":0.0,"damage_taken":0.0},{"damage_healed":0.0,"max_hp_gain":0.0,"max_hp_loss":0.0,"gold_gain":0.0,"event_name":"Vampires","player_choice":"Ignored","floor":28.0,"gold_loss":0.0,"damage_taken":0.0},{"damage_healed":0.0,"max_hp_gain":0.0,"max_hp_loss":0.0,"gold_gain":0.0,"event_name":"Addict","player_choice":"Obtained Relic","floor":31.0,"gold_loss":85.0,"damage_taken":0.0,"relics_obtained":["Thread and Needle"]},{"damage_healed":0.0,"max_hp_gain":0.0,"max_hp_loss":0.0,"gold_gain":222.0,"event_name":"Tomb of Lord Red Mask","player_choice":"Wore Mask","floor":36.0,"gold_loss":0.0,"damage_taken":0.0},{"cards_removed":["Amplify"],"damage_healed":0.0,"max_hp_gain":10.0,"max_hp_loss":0.0,"gold_gain":0.0,"event_name":"Bonfire Elementals","player_choice":"Offered Rare","floor":37.0,"gold_loss":0.0,"damage_taken":0.0},{"damage_healed":0.0,"max_hp_gain":0.0,"max_hp_loss":0.0,"gold_gain":0.0,"event_name":"Mysterious Sphere","player_choice":"Fight","floor":38.0,"gold_loss":0.0,"damage_taken":0.0},{"damage_healed":0.0,"max_hp_gain":0.0,"max_hp_loss":0.0,"gold_gain":0.0,"event_name":"Winding Halls","player_choice":"Embrace Madness","floor":39.0,"gold_loss":0.0,"damage_taken":11.0,"cards_obtained":["Madness","Madness"]},{"damage_healed":0.0,"max_hp_gain":0.0,"max_hp_loss":0.0,"gold_gain":0.0,"event_name":"SensoryStone","player_choice":"Memory 3","floor":41.0,"gold_loss":0.0,"damage_taken":10.0},{"damage_healed":0.0,"max_hp_gain":0.0,"max_hp_loss":0.0,"gold_gain":80.0,"event_name":"Golden Wing","player_choice":"Gained Gold","floor":53.0,"gold_loss":0.0,"damage_taken":0.0},{"damage_healed":0.0,"max_hp_gain":0.0,"max_hp_loss":0.0,"gold_gain":75.0,"event_name":"World of Goop","player_choice":"Gather Gold","floor":54.0,"gold_loss":0.0,"damage_taken":11.0},{"damage_healed":0.0,"max_hp_gain":0.0,"max_hp_loss":0.0,"gold_gain":0.0,"event_name":"Shining Light","player_choice":"Entered Light","floor":56.0,"gold_loss":0.0,"damage_taken":14.0,"cards_upgraded":["HollowMod:SiblingsSouls","Defend_G"]},{"damage_healed":0.0,"max_hp_gain":0.0,"max_hp_loss":0.0,"gold_gain":0.0,"event_name":"Big Fish","player_choice":"Box","floor":61.0,"gold_loss":0.0,"damage_taken":0.0,"relics_obtained":["Turnip"],"cards_obtained":["Regret"]},{"damage_healed":0.0,"max_hp_gain":0.0,"max_hp_loss":0.0,"gold_gain":0.0,"event_name":"Scrap Ooze","player_choice":"Success","floor":64.0,"gold_loss":0.0,"damage_taken":12.0,"relics_obtained":["Bronze Scales"]},{"damage_healed":0.0,"max_hp_gain":0.0,"max_hp_loss":0.0,"gold_gain":0.0,"event_name":"Masked Bandits","player_choice":"Fought Bandits","floor":72.0,"gold_loss":0.0,"damage_taken":0.0},{"damage_healed":0.0,"max_hp_gain":0.0,"max_hp_loss":0.0,"gold_gain":0.0,"cards_transformed":["hubris:Defend_Merchant"],"event_name":"Transmorgrifier","player_choice":"Transformed","floor":73.0,"gold_loss":0.0,"damage_taken":0.0,"cards_obtained":["Jack Of All Trades"]},{"damage_healed":0.0,"max_hp_gain":5.0,"max_hp_loss":0.0,"gold_gain":0.0,"event_name":"Forgotten Altar","player_choice":"Shed Blood","floor":79.0,"gold_loss":0.0,"damage_taken":13.0},{"damage_healed":0.0,"max_hp_gain":0.0,"max_hp_loss":0.0,"gold_gain":0.0,"event_name":"Back to Basics","player_choice":"Simplicity","floor":80.0,"gold_loss":0.0,"damage_taken":0.0,"cards_upgraded":[]},{"damage_healed":0.0,"max_hp_gain":0.0,"max_hp_loss":0.0,"gold_gain":0.0,"event_name":"Colosseum","player_choice":"Fight","floor":82.0,"gold_loss":0.0,"damage_taken":0.0},{"damage_healed":0.0,"max_hp_gain":0.0,"max_hp_loss":0.0,"gold_gain":0.0,"event_name":"Colosseum","player_choice":"Fought Nobs","floor":82.0,"gold_loss":0.0,"damage_taken":0.0},{"damage_healed":0,"gold_gain":0,"player_choice":"Embrace Madness","damage_taken":7,"max_hp_gain":0,"max_hp_loss":0,"event_name":"Winding Halls","floor":88,"gold_loss":0,"cards_obtained":["Madness","Madness"]},{"cards_removed":["Defend_R"],"damage_healed":0,"gold_gain":0,"player_choice":"Removed Skill","damage_taken":0,"max_hp_gain":0,"max_hp_loss":0,"event_name":"Falling","floor":89,"gold_loss":0},{"damage_healed":0,"gold_gain":0,"player_choice":"Fight","damage_taken":0,"max_hp_gain":0,"max_hp_loss":0,"event_name":"MindBloom","floor":90,"gold_loss":0},{"damage_healed":0,"gold_gain":222,"player_choice":"Wore Mask","damage_taken":0,"max_hp_gain":0,"max_hp_loss":0,"event_name":"Tomb of Lord Red Mask","floor":92,"gold_loss":0},{"damage_healed":0,"gold_gain":0,"player_choice":"Memory 3","damage_taken":10,"max_hp_gain":0,"max_hp_loss":0,"event_name":"SensoryStone","floor":96,"gold_loss":0},{"damage_healed":0,"gold_gain":0,"player_choice":"Fight","damage_taken":0,"max_hp_gain":0,"max_hp_loss":0,"event_name":"Mysterious Sphere","floor":98,"gold_loss":0}],"is_beta":false,"boss_relics":[{"not_picked":["hubris:Backtick","Coffee Dripper"],"picked":"hubris:Spice"},{"not_picked":["hubris:Spice","Eternal Feather"],"picked":"hubris:GrandSneckoEye"},{"not_picked":["hubris:Spice","Philosopher\u0027s Stone"],"picked":"Busted Crown"},{"not_picked":["hubris:Spice","Fusion Hammer"],"picked":"hubris:TerracottaHorce"},{"not_picked":["Velvet Choker","hubris:Spice"],"picked":"Tiny House"},{"not_picked":["hubris:Spice","hubris:Spice"],"picked":"Mark of Pain"}],"items_purged_floors":[],"is_endless":true,"potions_floor_spawned":[6,14,18,27,35,38,67,69,82,94,99],"ascension_level":0}