{"gold_per_floor":[114,114,129,4,19,34,34,49,49,49,64,64,79,94,94,194,194,209,30,30,30,30],"floor_reached":22,"playtime":1283,"items_purged":["Writhe","Go for the Eyes"],"score":228,"play_id":"f6a30d47-db9f-4c49-87b9-268dbeb4a7d5","local_time":"20191016144838","daily_mods":["Insanity","Blue Cards","Binary"],"is_ascension_mode":false,"campfire_choices":[{"data":"Devotion","floor":7,"key":"SMITH"},{"data":"ForeignInfluence","floor":12,"key":"SMITH"},{"data":"Omniscience","floor":15,"key":"SMITH"}],"neow_cost":"","seed_source_timestamp":0,"circlet_count":0,"master_deck":["Study","EmptyBody","Tantrum","ClearTheMind","ThirdEye","Ball Lightning","Meditate","Rebound","Sweeping Beam","Coolheaded","Streamline","Barrage","SashWhip","Chaos","Vengeance","Pray","Adaptation","Beam Cell","ReachHeaven","EmptyFist","Barrage","PathToVictory","Static Discharge","EmptyBody","Adaptation","Turbo","Ball Lightning","EmptyFist","Cold Snap","Prostrate","ReachHeaven","Go for the Eyes","Rebound","Worship","FTL","ThirdEye","CutThroughFate","Leap","Indignation","Go for the Eyes","FlyingSleeves","White Noise+1","Sweeping Beam","Conserve Battery","LikeWater","Rebound","Leap","CutThroughFate","Prostrate+1","Devotion+1","ForeignInfluence+1","Prostrate","Omniscience+1","Sunder"],"special_seed":18185,"relics":["PureWater","War Paint","Snecko Eye"],"potions_floor_usage":[8,16,16,18,18],"damage_taken":[{"damage":2,"enemies":"2 Louse","floor":1,"turns":2},{"damage":0,"enemies":"Cultist","floor":3,"turns":4},{"damage":0,"enemies":"Small Slimes","floor":5,"turns":2},{"damage":11,"enemies":"3 Louse","floor":6,"turns":4},{"damage":8,"enemies":"Gremlin Gang","floor":8,"turns":2},{"damage":3,"enemies":"Blue Slaver","floor":11,"turns":3},{"damage":0,"enemies":"3 Louse","floor":13,"turns":3},{"damage":0,"enemies":"Looter","floor":14,"turns":3},{"damage":24,"enemies":"The Guardian","floor":16,"turns":8},{"damage":29,"enemies":"Shell Parasite","floor":18,"turns":6},{"damage":0,"enemies":"3 Byrds","floor":22,"turns":1}],"seed_played":"-2539474613017619678","potions_obtained":[{"floor":1,"key":"LiquidBronze"},{"floor":5,"key":"GamblersBrew"},{"floor":6,"key":"Explosive Potion"},{"floor":14,"key":"StancePotion"},{"floor":16,"key":"Energy Potion"},{"floor":18,"key":"Dexterity Potion"}],"is_trial":false,"path_per_floor":["M","?","M","$","M","M","R","M","T","?","M","R","M","M","R","B",null,"M","$","?","$","M"],"character_chosen":"WATCHER","items_purchased":["Energy Potion","Sunder"],"campfire_rested":0,"item_purchase_floors":[4,19],"current_hp_per_floor":[70,70,70,70,70,59,59,51,51,56,53,53,53,53,53,29,72,43,43,30,30,30],"gold":30,"neow_bonus":"","is_prod":false,"is_daily":true,"chose_seed":false,"campfire_upgraded":3,"win_rate":0,"timestamp":1571230118,"path_taken":["M","?","M","$","M","M","R","?","T","?","M","R","M","M","R","BOSS","M","$","?","$","M"],"build_version":"2019-10-15","purchased_purges":2,"victory":false,"max_hp_per_floor":[72,72,72,72,72,72,72,72,72,72,72,72,72,72,72,72,72,72,72,77,77,77],"card_choices":[{"not_picked":["EmptyBody","Hologram"],"picked":"SKIP","floor":1},{"not_picked":["SpiritShield","Sweeping Beam"],"picked":"SKIP","floor":3},{"not_picked":["CutThroughFate","Steam"],"picked":"SKIP","floor":5},{"not_picked":["Reprogram","BattleHymn"],"picked":"SKIP","floor":6},{"not_picked":["SpiritShield"],"picked":"ForeignInfluence","floor":8},{"not_picked":["BowlingBash","Chill"],"picked":"SKIP","floor":11},{"not_picked":["FlurryOfBlows"],"picked":"Prostrate","floor":13},{"not_picked":["Stack"],"picked":"Omniscience","floor":14},{"not_picked":["BowlingBash","Cold Snap"],"picked":"SKIP","floor":18}],"player_experience":514726,"relics_obtained":[{"floor":9,"key":"War Paint"}],"event_choices":[{"damage_healed":0,"gold_gain":0,"player_choice":"3 cards matched","damage_taken":0,"max_hp_gain":0,"max_hp_loss":0,"event_name":"Match and Keep!","floor":2,"gold_loss":0,"cards_obtained":["Writhe","Prostrate","Devotion"]},{"damage_healed":0,"gold_gain":0,"player_choice":"3 cards matched","damage_taken":0,"max_hp_gain":0,"max_hp_loss":0,"event_name":"Match and Keep!","floor":2,"gold_loss":0,"cards_obtained":["Writhe","Prostrate","Devotion"]},{"cards_removed":["Gash"],"damage_healed":5,"gold_gain":0,"player_choice":"Offered Common","damage_taken":0,"max_hp_gain":0,"max_hp_loss":0,"event_name":"Bonfire Elementals","floor":10,"gold_loss":0},{"cards_removed":["Gash"],"damage_healed":5,"gold_gain":0,"player_choice":"Offered Special","damage_taken":0,"max_hp_gain":0,"max_hp_loss":0,"event_name":"Bonfire Elementals","floor":10,"gold_loss":0},{"damage_healed":0,"gold_gain":0,"player_choice":"Shed Blood","damage_taken":18,"max_hp_gain":5,"max_hp_loss":0,"event_name":"Forgotten Altar","floor":20,"gold_loss":0}],"is_beta":true,"boss_relics":[{"not_picked":["Coffee Dripper","Runic Dome"],"picked":"Snecko Eye"}],"items_purged_floors":[4,19],"is_endless":false,"potions_floor_spawned":[1,5,6,14,16,18],"killed_by":"3 Byrds","ascension_level":0}