{"gold_per_floor":[117,34,34,50,64,64,96,96,146,179,179,14,14,46,46,46],"floor_reached":16,"playtime":729,"items_purged":[],"score":226,"play_id":"24889c75-9ad4-4100-afdd-c69f9bbb5706","local_time":"20190502210513","is_ascension_mode":true,"campfire_choices":[{"data":"Whirlwind","floor":6,"key":"SMITH"},{"data":"Bash","floor":8,"key":"SMITH"},{"floor":11,"key":"REST"},{"data":"True Grit","floor":13,"key":"SMITH"},{"data":"Evolve","floor":15,"key":"SMITH"}],"neow_cost":"NONE","seed_source_timestamp":984209349029170,"circlet_count":0,"master_deck":["AscendersBane","Strike_R","Strike_R","Strike_R","Strike_R","Defend_R","Defend_R","Defend_R","Defend_R","Bash+1","Sentinel","Battle Trance","Whirlwind+1","Evolve+1","True Grit+1","Intimidate"],"relics":["Burning Blood","Anchor","Pear","Dream Catcher","Art of War","Vajra","Paper Frog"],"potions_floor_usage":[7,16],"damage_taken":[{"damage":13,"enemies":"Cultist","floor":1,"turns":5},{"damage":0,"enemies":"2 Louse","floor":4,"turns":2},{"damage":4,"enemies":"Small Slimes","floor":5,"turns":5},{"damage":20,"enemies":"Gremlin Nob","floor":7,"turns":4},{"damage":10,"enemies":"3 Sentries","floor":10,"turns":3},{"damage":26,"enemies":"Lagavulin","floor":14,"turns":6},{"damage":55,"enemies":"Slime Boss","floor":16,"turns":7}],"seed_played":"-7197376229325529706","potions_obtained":[{"floor":1,"key":"Block Potion"},{"floor":7,"key":"GamblersBrew"}],"is_trial":false,"path_per_floor":["M","$","?","M","M","R","E","R","T","E","R","$","R","E","R","B"],"character_chosen":"IRONCLAD","items_purchased":["Whirlwind","Vajra"],"campfire_rested":1,"item_purchase_floors":[2,12],"current_hp_per_floor":[61,61,50,56,58,58,54,54,54,50,75,75,75,55,55,0],"gold":46,"neow_bonus":"TRANSFORM_CARD","is_prod":false,"is_daily":false,"chose_seed":false,"campfire_upgraded":4,"win_rate":0,"timestamp":1556849113,"path_taken":["M","?","?","M","M","R","E","R","T","E","R","$","R","E","R","BOSS"],"build_version":"2019-01-23","purchased_purges":0,"victory":false,"max_hp_per_floor":[75,75,75,75,75,75,85,85,85,85,85,85,85,85,85,85],"card_choices":[{"not_picked":["Searing Blow","Sword Boomerang"],"picked":"Battle Trance","floor":1},{"not_picked":["Thunderclap","Clothesline"],"picked":"Evolve","floor":4},{"not_picked":["Heavy Blade","Anger","Infernal Blade"],"picked":"SKIP","floor":5},{"not_picked":["Anger","Hemokinesis","Bloodletting"],"picked":"SKIP","floor":7},{"not_picked":["Havoc","Searing Blow"],"picked":"True Grit","floor":10},{"not_picked":["Cleave","Havoc"],"picked":"Intimidate","floor":11},{"not_picked":["Body Slam","Sword Boomerang","Dark Embrace"],"picked":"SKIP","floor":14}],"player_experience":594063,"relics_obtained":[{"floor":7,"key":"Pear"},{"floor":9,"key":"Dream Catcher"},{"floor":10,"key":"Art of War"},{"floor":14,"key":"Paper Frog"}],"event_choices":[{"damage_healed":0,"gold_gain":0,"player_choice":"Success","damage_taken":11,"relics_obtained":["Anchor"],"max_hp_gain":0,"max_hp_loss":0,"event_name":"Scrap Ooze","floor":3,"gold_loss":0}],"is_beta":false,"boss_relics":[],"items_purged_floors":[],"is_endless":false,"potions_floor_spawned":[1,7],"killed_by":"Slime Boss","ascension_level":19}