{"gold_per_floor":[360,38,52,72,72,72,105,105,129,162,175,202,202,221,221,318,368,378,378,364,364,383,409,21,21,21,50,67,94,113,212,212,309,309,329,347,299,315,79,109,121,186,198,228,240,79,79,92,92,92],"floor_reached":51,"playtime":2570,"items_purged":["Regret","Bite","Bite","Defend_B"],"score":1253,"play_id":"f17eb204-6cd2-4a47-b3e7-95c383435f2b","local_time":"20190430002208","is_ascension_mode":true,"campfire_choices":[{"data":"Zap","floor":6.0,"key":"SMITH"},{"floor":8.0,"key":"REST"},{"floor":15.0,"key":"REST"},{"floor":25.0,"key":"REST"},{"floor":32.0,"key":"REST"},{"floor":45.0,"key":"REST"},{"data":"White Noise","floor":47.0,"key":"SMITH"},{"data":"White Noise","floor":49,"key":"SMITH"}],"neow_cost":"CURSE","seed_source_timestamp":734855487836351,"circlet_count":0,"master_deck":["AscendersBane","Defend_B","Defend_B+1","Defend_B","Zap+1","Dualcast","Melter","Defragment+1","Conserve Battery","Leap","Electrodynamics","Leap","Ball Lightning","Steam","Machine Learning","Coolheaded","White Noise+1","Bite","Bite","Bite","Reinforced Body","Darkness","White Noise+1","Seek","Hologram+1","Auto Shields","Cold Snap","Defragment+1","Defragment+1","Cold Snap","Doubt","Storm+1","BootSequence","Glacier","Coolheaded","Static Discharge+1"],"special_seed":0,"relics":["Cracked Core","Lee\u0027s Waffle","Smiling Mask","Anchor","Gambling Chip","Tiny House","Bottled Tornado","DataDisk","Chemical X","Ornamental Fan","Letter Opener","Frozen Egg 2","Inserter","Regal Pillow","MawBank","Mango","Blue Candle"],"potions_floor_usage":[50,50],"damage_taken":[{"damage":3.0,"enemies":"Cultist","floor":1.0,"turns":3.0},{"damage":3.0,"enemies":"2 Louse","floor":3.0,"turns":2.0},{"damage":2.0,"enemies":"Small Slimes","floor":4.0,"turns":3.0},{"damage":24.0,"enemies":"3 Sentries","floor":7.0,"turns":7.0},{"damage":18.0,"enemies":"Lagavulin","floor":10.0,"turns":7.0},{"damage":11.0,"enemies":"Looter","floor":11.0,"turns":3.0},{"damage":21.0,"enemies":"Gremlin Nob","floor":12.0,"turns":4.0},{"damage":0.0,"enemies":"Blue Slaver","floor":14.0,"turns":2.0},{"damage":15.0,"enemies":"The Guardian","floor":16.0,"turns":11.0},{"damage":0.0,"enemies":"3 Byrds","floor":18.0,"turns":3.0},{"damage":5.0,"enemies":"2 Thieves","floor":20.0,"turns":4.0},{"damage":9.0,"enemies":"Snecko","floor":22.0,"turns":5.0},{"damage":32.0,"enemies":"Slavers","floor":23.0,"turns":5.0},{"damage":7.0,"enemies":"Gremlin Leader","floor":27.0,"turns":6.0},{"damage":9.0,"enemies":"Chosen and Byrds","floor":28.0,"turns":4.0},{"damage":22.0,"enemies":"Slavers","floor":29.0,"turns":3.0},{"damage":17.0,"enemies":"Centurion and Healer","floor":30.0,"turns":2.0},{"damage":54.0,"enemies":"Collector","floor":33.0,"turns":8.0},{"damage":1.0,"enemies":"3 Shapes","floor":35.0,"turns":3.0},{"damage":13.0,"enemies":"Orb Walker","floor":36.0,"turns":4.0},{"damage":3.0,"enemies":"4 Shapes","floor":38.0,"turns":3.0},{"damage":49.0,"enemies":"Reptomancer","floor":40.0,"turns":6.0},{"damage":45.0,"enemies":"2 Orb Walkers","floor":42.0,"turns":3.0},{"damage":6.0,"enemies":"Transient","floor":44.0,"turns":5.0},{"damage":1,"enemies":"Sphere and 2 Shapes","floor":48,"turns":3},{"damage":37,"enemies":"Time Eater","floor":50,"turns":9}],"seed_played":"-9159678946477273943","potions_obtained":[{"floor":3.0,"key":"Dexterity Potion"},{"floor":10.0,"key":"GamblersBrew"},{"floor":11.0,"key":"FearPotion"},{"floor":17.0,"key":"Dexterity Potion"},{"floor":20.0,"key":"GamblersBrew"},{"floor":22.0,"key":"Block Potion"},{"floor":29.0,"key":"Fire Potion"},{"floor":30.0,"key":"Block Potion"},{"floor":36.0,"key":"Dexterity Potion"},{"floor":38.0,"key":"Dexterity Potion"}],"is_trial":false,"path_per_floor":["M","$","M","M","?","R","E","R","T","E","M","E","?","M","R","B",null,"M","?","M","?","M","E","$","R","T","E","M","E","M","?","R","B",null,"M","M","$","M","$","E","?","?","T","M","R","$","R","M","R","B",null],"character_chosen":"DEFECT","items_purchased":["Defragment","Lee\u0027s Waffle","DataDisk","Chemical X","Cold Snap","Defragment+1","Regal Pillow","Glacier","Coolheaded"],"campfire_rested":5,"item_purchase_floors":[2,2,24,24,37,39,39,46,46],"current_hp_per_floor":[65,82,79,77,77,77,53,77,77,61,52,33,33,35,59,46,78,80,80,77,77,72,46,46,72,72,79,72,50,35,35,61,21,71,72,63,63,60,60,11,87,60,60,58,101,101,101,100,100,75],"gold":92,"neow_bonus":"TWO_FIFTY_GOLD","is_prod":false,"is_daily":false,"chose_seed":false,"campfire_upgraded":3,"win_rate":0,"timestamp":1556601728,"path_taken":["M","$","?","M","?","R","E","R","T","E","M","E","?","M","R","BOSS","M","?","M","?","M","E","$","R","T","E","M","E","M","?","R","BOSS","M","M","$","M","$","E","?","?","T","M","R","?","R","?","R","BOSS"],"build_version":"2019-01-23","purchased_purges":4,"victory":true,"max_hp_per_floor":[75,82,82,82,82,82,82,82,82,82,82,82,82,82,82,82,87,87,87,87,87,87,87,87,87,87,87,87,87,87,87,87,87,87,87,87,87,87,87,87,87,101,101,101,101,101,101,101,101,101],"card_choices":[{"not_picked":["Turbo","Hello World"],"picked":"Melter","floor":1.0},{"not_picked":["Hello World","Hologram"],"picked":"Conserve Battery","floor":3.0},{"not_picked":["Barrage","Streamline"],"picked":"Leap","floor":4.0},{"not_picked":["Rebound","Redo","Fusion"],"picked":"SKIP","floor":7.0},{"not_picked":["Rip and Tear","Blizzard"],"picked":"Electrodynamics","floor":10.0},{"not_picked":["Steam","Sweeping Beam"],"picked":"Leap","floor":11.0},{"not_picked":["Hologram","Undo"],"picked":"Ball Lightning","floor":12.0},{"not_picked":["Conserve Battery","Beam Cell"],"picked":"Steam","floor":14.0},{"not_picked":["Hyperbeam","All For One"],"picked":"Machine Learning","floor":16.0},{"not_picked":["Barrage","Reinforced Body"],"picked":"Coolheaded","floor":18.0},{"not_picked":["Heatsinks","Lockon"],"picked":"White Noise","floor":20.0},{"not_picked":["Gash","Rebound"],"picked":"Reinforced Body","floor":22.0},{"not_picked":["Multi-Cast","Leap"],"picked":"Darkness","floor":23.0},{"not_picked":["Hologram","Sweeping Beam"],"picked":"White Noise","floor":27.0},{"not_picked":["Beam Cell","Heatsinks+1","Redo"],"picked":"SKIP","floor":28.0},{"not_picked":["Darkness","Redo","Beam Cell"],"picked":"SKIP","floor":29.0},{"not_picked":["Stack","Coolheaded","Rainbow"],"picked":"SKIP","floor":30.0},{"not_picked":["Fission","Reboot"],"picked":"Seek","floor":33.0},{"not_picked":["Redo","Ball Lightning"],"picked":"Hologram+1","floor":35.0},{"not_picked":["Gash+1","Steam"],"picked":"Auto Shields","floor":36.0},{"not_picked":["Tempest","Recycle"],"picked":"Defragment+1","floor":38.0},{"not_picked":["Undo+1","Rip and Tear"],"picked":"Cold Snap","floor":40.0},{"not_picked":["Rebound","Beam Cell"],"picked":"Storm+1","floor":42.0},{"not_picked":["Go for the Eyes+1","Stack"],"picked":"BootSequence","floor":44.0},{"not_picked":["Redo","Melter"],"picked":"Static Discharge+1","floor":48}],"player_experience":576873,"relics_obtained":[{"floor":7.0,"key":"Blood Vial"},{"floor":9.0,"key":"Smiling Mask"},{"floor":10.0,"key":"Anchor"},{"floor":12.0,"key":"Gambling Chip"},{"floor":23.0,"key":"Bottled Tornado"},{"floor":26.0,"key":"Ornamental Fan"},{"floor":27.0,"key":"Letter Opener"},{"floor":29.0,"key":"Frozen Egg 2"},{"floor":40.0,"key":"MawBank"},{"floor":42.0,"key":"Mango"},{"floor":43.0,"key":"Blue Candle"}],"event_choices":[{"damage_healed":0.0,"max_hp_gain":0.0,"max_hp_loss":0.0,"gold_gain":0.0,"event_name":"Living Wall","player_choice":"Grow","floor":5.0,"gold_loss":0.0,"damage_taken":0.0,"cards_upgraded":["Defragment"]},{"damage_healed":0.0,"max_hp_gain":0.0,"max_hp_loss":0.0,"gold_gain":0.0,"event_name":"Shining Light","player_choice":"Ignored","floor":13.0,"gold_loss":0.0,"damage_taken":0.0},{"damage_healed":0.0,"max_hp_gain":0.0,"max_hp_loss":0.0,"gold_gain":0.0,"event_name":"Beggar","player_choice":"Ignored","floor":19.0,"gold_loss":0.0,"damage_taken":0.0},{"damage_healed":0.0,"max_hp_gain":0.0,"max_hp_loss":0.0,"gold_gain":0.0,"event_name":"Vampires","player_choice":"Became a vampire (Vial)","floor":21.0,"relics_lost":["Blood Vial"],"gold_loss":0.0,"damage_taken":0.0,"cards_obtained":["Bite","Bite","Bite","Bite","Bite"]},{"damage_healed":0.0,"max_hp_gain":0.0,"max_hp_loss":0.0,"gold_gain":99.0,"event_name":"Nest","player_choice":"Stole From Cult","floor":31.0,"gold_loss":0.0,"damage_taken":0.0},{"damage_healed":76.0,"max_hp_gain":0.0,"max_hp_loss":0.0,"gold_gain":0.0,"event_name":"MindBloom","player_choice":"Heal","floor":41.0,"gold_loss":0.0,"damage_taken":0.0,"cards_obtained":["Doubt"]},{"damage_healed":0.0,"max_hp_gain":0.0,"max_hp_loss":0.0,"gold_gain":0.0,"event_name":"Mysterious Sphere","player_choice":"Fight","floor":42.0,"gold_loss":0.0,"damage_taken":0.0}],"is_beta":false,"boss_relics":[{"not_picked":["Philosopher\u0027s Stone","Black Star"],"picked":"Tiny House"},{"not_picked":["Coffee Dripper","Runic Pyramid"],"picked":"Inserter"}],"items_purged_floors":[2,24,39,46],"is_endless":false,"potions_floor_spawned":[3,10,11,20,22,29,30,36,38,40,44,48],"ascension_level":12}