{"gold_per_floor":[113,113,73,90,110,110,136,136,136,151,161,180,205,17,17,91,91,101,114,114,128,128,128,128],"floor_reached":24,"playtime":1314,"items_purged":[],"score":406,"play_id":"65966296-b009-4aba-9907-264f1ea10524","local_time":"20190502005840","is_ascension_mode":true,"campfire_choices":[{"data":"Inflame","floor":6,"key":"SMITH"},{"floor":8,"key":"REST"},{"floor":15,"key":"REST"},{"floor":23,"key":"REST"}],"neow_cost":"NONE","seed_source_timestamp":911226007022235,"circlet_count":0,"master_deck":["AscendersBane","Strike_R","Strike_R+1","Strike_R","Strike_R","Strike_R","Defend_R","Defend_R","Defend_R","Defend_R+1","Bash","Headbutt","Shrug It Off","Inflame+1","Shrug It Off","Shockwave","Flame Barrier","Uppercut","Inflame","Twin Strike","Feed","Pommel Strike","Heavy Blade"],"relics":["Lizard Tail","Pantograph","Singing Bowl","Happy Flower","Mark of Pain","Charon\u0027s Ashes"],"potions_floor_usage":[3,13,13,18,18],"damage_taken":[{"damage":4,"enemies":"Jaw Worm","floor":1,"turns":4},{"damage":0,"enemies":"Cultist","floor":4,"turns":3},{"damage":7,"enemies":"2 Louse","floor":5,"turns":3},{"damage":28,"enemies":"Gremlin Nob","floor":7,"turns":4},{"damage":0,"enemies":"Exordium Wildlife","floor":10,"turns":4},{"damage":27,"enemies":"Exordium Thugs","floor":11,"turns":7},{"damage":23,"enemies":"Large Slime","floor":12,"turns":8},{"damage":25,"enemies":"Lagavulin","floor":13,"turns":7},{"damage":37,"enemies":"Hexaghost","floor":16,"turns":8},{"damage":51,"enemies":"Chosen","floor":18,"turns":6},{"damage":19,"enemies":"Shell Parasite","floor":19,"turns":4},{"damage":21,"enemies":"Snecko","floor":21,"turns":6},{"damage":41,"enemies":"Shelled Parasite and Fungi","floor":24,"turns":3}],"seed_played":"-1222011402309777742","potions_obtained":[{"floor":3,"key":"Fruit Juice"},{"floor":3,"key":"Ancient Potion"},{"floor":3,"key":"GamblersBrew"},{"floor":7,"key":"Block Potion"},{"floor":12,"key":"SpeedPotion"},{"floor":16,"key":"BloodPotion"}],"is_trial":false,"path_per_floor":["M","?","?","M","M","R","E","R","T","M","M","M","E","$","R","B",null,"M","M","?","M","T","R","M"],"character_chosen":"IRONCLAD","items_purchased":["Inflame","Weak Potion","Twin Strike"],"campfire_rested":3,"item_purchase_floors":[14,14,14],"current_hp_per_floor":[64,41,46,46,39,39,11,35,35,35,8,29,6,6,30,18,66,23,7,24,8,8,35,0],"gold":128,"neow_bonus":"BOSS_RELIC","is_prod":false,"is_daily":false,"chose_seed":false,"campfire_upgraded":1,"win_rate":0,"timestamp":1556776720,"path_taken":["M","?","?","?","M","R","E","R","T","M","M","M","E","$","R","BOSS","M","M","?","M","?","R","?"],"build_version":"2019-01-23","purchased_purges":0,"victory":false,"max_hp_per_floor":[75,75,80,80,80,80,80,80,80,80,80,80,82,82,82,82,82,82,85,85,90,90,90,93],"card_choices":[{"not_picked":["Sword Boomerang","True Grit"],"picked":"Headbutt","floor":1},{"not_picked":["Anger","Pommel Strike"],"picked":"Shrug It Off","floor":4},{"not_picked":["Flex","Twin Strike"],"picked":"Inflame","floor":5},{"not_picked":["Headbutt","Sever Soul"],"picked":"Shrug It Off","floor":7},{"not_picked":["Evolve","Reckless Charge"],"picked":"Shockwave","floor":10},{"not_picked":["Anger","Perfected Strike"],"picked":"Flame Barrier","floor":11},{"not_picked":["Feel No Pain","Searing Blow"],"picked":"Uppercut","floor":12},{"not_picked":["Twin Strike","Pummel","Dark Embrace"],"picked":"Singing Bowl","floor":13},{"not_picked":["Double Tap","Bludgeon"],"picked":"Feed","floor":16},{"not_picked":["Clash","Seeing Red"],"picked":"Pommel Strike","floor":18},{"not_picked":["Disarm","Seeing Red"],"picked":"Heavy Blade","floor":19},{"not_picked":["Rupture","Perfected Strike","Pommel Strike"],"picked":"Singing Bowl","floor":21}],"player_experience":587674,"relics_obtained":[{"floor":7,"key":"Pantograph"},{"floor":9,"key":"Singing Bowl"},{"floor":13,"key":"Happy Flower"},{"floor":22,"key":"Charon\u0027s Ashes"}],"event_choices":[{"damage_healed":0,"gold_gain":0,"player_choice":"Entered Light","damage_taken":23,"max_hp_gain":0,"max_hp_loss":0,"event_name":"Shining Light","floor":2,"gold_loss":0,"cards_upgraded":["Defend_R","Strike_R"]},{"damage_healed":0,"gold_gain":0,"player_choice":"Bought 3 Potions","damage_taken":0,"max_hp_gain":0,"max_hp_loss":0,"event_name":"The Woman in Blue","floor":3,"gold_loss":0},{"damage_healed":17,"gold_gain":0,"player_choice":"Heal","damage_taken":0,"max_hp_gain":0,"max_hp_loss":0,"event_name":"The Library","floor":20,"gold_loss":0}],"is_beta":false,"boss_relics":[{"not_picked":["Fusion Hammer","Runic Pyramid"],"picked":"Mark of Pain"}],"items_purged_floors":[],"is_endless":false,"potions_floor_spawned":[7,10,12,16],"killed_by":"Shelled Parasite and Fungi","ascension_level":19}