{"gold_per_floor":[15,25,25,25,25,25,52,52,52,52,72,72,99,113,113,216,216,227,7,7,106,125,125,125,125,176,176],"floor_reached":27,"playtime":1202,"items_purged":["Defend_B"],"score":398,"play_id":"2746a47d-acad-4ea1-9d65-f65b9a74fbc0","local_time":"20190429191557","is_ascension_mode":true,"campfire_choices":[{"floor":6,"key":"REST"},{"data":"Genetic Algorithm","floor":8,"key":"SMITH"},{"data":"Dualcast","floor":10,"key":"SMITH"},{"data":"Darkness","floor":12,"key":"SMITH"},{"data":"Zap","floor":15,"key":"SMITH"},{"data":"Leap","floor":23,"key":"SMITH"},{"data":"Auto Shields","floor":25,"key":"SMITH"}],"neow_cost":"NO_GOLD","seed_source_timestamp":717959974390674,"circlet_count":0,"master_deck":["AscendersBane","Strike_B+1","Strike_B+1","Defend_B","Zap+1","Dualcast+1","Electrodynamics","Darkness+1","Cold Snap","Genetic Algorithm+1","Capacitor","Leap+1","Machine Learning","Seek","Auto Shields+1"],"relics":["Cracked Core","Whetstone","Gremlin Horn","Odd Mushroom","Sozu","Art of War","Juzu Bracelet"],"potions_floor_usage":[7,16,22],"damage_taken":[{"damage":2,"enemies":"2 Louse","floor":1,"turns":3},{"damage":8,"enemies":"Small Slimes","floor":2,"turns":3},{"damage":18,"enemies":"3 Sentries","floor":7,"turns":4},{"damage":0,"enemies":"Cultist","floor":11,"turns":3},{"damage":0,"enemies":"The Mushroom Lair","floor":13,"turns":2},{"damage":0,"enemies":"Exordium Wildlife","floor":14,"turns":2},{"damage":0,"enemies":"Slime Boss","floor":16,"turns":7},{"damage":0,"enemies":"3 Byrds","floor":18,"turns":2},{"damage":12,"enemies":"2 Thieves","floor":22,"turns":4},{"damage":58,"enemies":"Book of Stabbing","floor":27,"turns":6}],"seed_played":"6036725475985505012","potions_obtained":[{"floor":1,"key":"Fire Potion"},{"floor":7,"key":"FearPotion"},{"floor":13,"key":"PowerPotion"},{"floor":14,"key":"SpeedPotion"}],"is_trial":false,"path_per_floor":["M","M","?","$","?","R","E","R","T","R","M","R","?","M","R","B",null,"M","$","?","?","M","R","?","R","T","E"],"character_chosen":"DEFECT","items_purchased":["Art of War"],"campfire_rested":1,"item_purchase_floors":[19],"current_hp_per_floor":[66,58,51,51,51,73,55,55,55,55,55,55,55,55,55,55,70,70,70,70,70,58,58,58,58,58,0],"gold":176,"neow_bonus":"TRANSFORM_TWO_CARDS","is_prod":false,"is_daily":false,"chose_seed":false,"campfire_upgraded":6,"win_rate":0,"timestamp":1556583357,"path_taken":["M","M","?","$","?","R","E","R","T","R","?","R","?","M","R","BOSS","M","$","?","?","M","R","?","R","T","E"],"build_version":"2019-01-23","purchased_purges":1,"victory":false,"max_hp_per_floor":[75,75,75,75,75,75,75,75,75,75,75,75,75,75,75,75,75,75,75,75,75,75,75,75,75,75,75],"card_choices":[{"not_picked":["Lockon","Turbo","Sweeping Beam"],"picked":"SKIP","floor":1},{"not_picked":["Scrape","Rebound"],"picked":"Cold Snap","floor":2},{"not_picked":["Chill","Turbo"],"picked":"Genetic Algorithm","floor":7},{"not_picked":["Cold Snap","Skim"],"picked":"Capacitor","floor":11},{"not_picked":["Beam Cell","Skim"],"picked":"Leap","floor":13},{"not_picked":["Rebound","Skim"],"picked":"Machine Learning","floor":14},{"not_picked":["All For One","Core Surge"],"picked":"Seek","floor":16},{"not_picked":["Barrage","Steam+1","Ball Lightning"],"picked":"SKIP","floor":18},{"not_picked":["Blizzard+1","Go for the Eyes","Gash"],"picked":"SKIP","floor":22}],"player_experience":571665,"relics_obtained":[{"floor":7,"key":"Whetstone"},{"floor":9,"key":"Gremlin Horn"},{"floor":13,"key":"Odd Mushroom"},{"floor":26,"key":"Juzu Bracelet"}],"event_choices":[{"cards_removed":["Strike_B"],"damage_healed":0,"gold_gain":0,"player_choice":"Card Removal","damage_taken":7,"max_hp_gain":0,"max_hp_loss":0,"event_name":"Golden Wing","floor":3,"gold_loss":0},{"cards_removed":["Defend_B"],"damage_healed":0,"gold_gain":0,"player_choice":"Offered Basic","damage_taken":0,"max_hp_gain":0,"max_hp_loss":0,"event_name":"Bonfire Elementals","floor":5,"gold_loss":0},{"damage_healed":0,"gold_gain":0,"player_choice":"Fought Mushrooms","damage_taken":0,"max_hp_gain":0,"max_hp_loss":0,"event_name":"Mushrooms","floor":13,"gold_loss":0},{"damage_healed":0,"gold_gain":0,"player_choice":"Ignored","damage_taken":0,"max_hp_gain":0,"max_hp_loss":0,"event_name":"Vampires","floor":20,"gold_loss":0},{"damage_healed":0,"gold_gain":99,"player_choice":"Stole From Cult","damage_taken":0,"max_hp_gain":0,"max_hp_loss":0,"event_name":"Nest","floor":21,"gold_loss":0},{"damage_healed":0,"gold_gain":0,"player_choice":"Read","damage_taken":0,"max_hp_gain":0,"max_hp_loss":0,"event_name":"The Library","floor":24,"gold_loss":0,"cards_obtained":["Auto Shields"]}],"is_beta":false,"boss_relics":[{"not_picked":["Velvet Choker","Philosopher\u0027s Stone"],"picked":"Sozu"}],"items_purged_floors":[19],"is_endless":false,"potions_floor_spawned":[1,7,13,14,18,22],"killed_by":"Book of Stabbing","ascension_level":11}