{"gold_per_floor":[418,418,432,450,228,259,259,153,153,153,167,195,212,17,17,93,93,93],"floor_reached":18,"playtime":1058,"items_purged":["Writhe","Defend_R"],"score":298,"play_id":"338161e5-2b89-40cc-93a8-d7ec7d2985be","local_time":"20190424203454","is_ascension_mode":true,"campfire_choices":[{"data":"Pommel Strike","floor":7.0,"key":"SMITH"},{"data":"Bash","floor":10.0,"key":"SMITH"},{"floor":15.0,"key":"REST"}],"neow_cost":"CURSE","seed_source_timestamp":290683764375824,"circlet_count":0,"master_deck":["AscendersBane","Strike_R","Strike_R","Strike_R","Strike_R","Strike_R","Defend_R","Defend_R","Defend_R","Bash+1","Shrug It Off","Pommel Strike+1","Headbutt","Ghostly Armor"],"special_seed":0,"relics":["Burning Blood","Old Coin","NlothsMask","PreservedInsect","Peace Pipe","Oddly Smooth Stone","Smiling Mask","Bag of Preparation","Black Star"],"potions_floor_usage":[],"damage_taken":[{"damage":6.0,"enemies":"Jaw Worm","floor":1.0,"turns":5.0},{"damage":15.0,"enemies":"Cultist","floor":3.0,"turns":5.0},{"damage":7.0,"enemies":"Small Slimes","floor":4.0,"turns":4.0},{"damage":12.0,"enemies":"3 Sentries","floor":6.0,"turns":6.0},{"damage":24.0,"enemies":"Exordium Thugs","floor":11.0,"turns":6.0},{"damage":31.0,"enemies":"Lagavulin","floor":12.0,"turns":5.0},{"damage":4.0,"enemies":"Looter","floor":13.0,"turns":3.0},{"damage":38.0,"enemies":"Slime Boss","floor":16.0,"turns":14.0},{"damage":66,"enemies":"Shell Parasite","floor":18,"turns":7}],"seed_played":"-642230840048306453","potions_obtained":[{"floor":3.0,"key":"SteroidPotion"},{"floor":11.0,"key":"Regen Potion"},{"floor":13.0,"key":"PowerPotion"}],"is_trial":false,"path_per_floor":["M","?","M","M","$","E","R","?","T","R","M","E","M","$","R","B",null,"M"],"character_chosen":"IRONCLAD","items_purchased":["PreservedInsect","Bag of Preparation"],"campfire_rested":1,"item_purchase_floors":[5,14],"current_hp_per_floor":[68,68,59,58,58,52,52,52,52,52,34,23,25,25,47,15,60,0],"gold":93,"neow_bonus":"ONE_RARE_RELIC","is_prod":false,"is_daily":false,"chose_seed":false,"campfire_upgraded":2,"win_rate":0,"timestamp":1556156094,"path_taken":["M","?","?","M","$","E","R","?","T","R","M","E","M","?","R","BOSS","M"],"build_version":"2019-01-23","purchased_purges":2,"victory":false,"max_hp_per_floor":[75,75,75,75,75,75,75,75,75,75,75,75,75,75,75,75,75,75],"card_choices":[{"not_picked":["Rage","Thunderclap","Body Slam"],"picked":"SKIP","floor":1.0},{"not_picked":["Disarm","Carnage"],"picked":"Shrug It Off","floor":3.0},{"not_picked":["Clothesline","Sword Boomerang"],"picked":"Pommel Strike","floor":4.0},{"not_picked":["Blood for Blood","Armaments","Clothesline"],"picked":"SKIP","floor":6.0},{"not_picked":["Flex","Perfected Strike"],"picked":"Headbutt","floor":11.0},{"not_picked":["Seeing Red","Rage"],"picked":"Ghostly Armor","floor":12.0},{"not_picked":["Burning Pact","Twin Strike","Iron Wave"],"picked":"SKIP","floor":13.0}],"player_experience":524554,"relics_obtained":[{"floor":6.0,"key":"Peace Pipe"},{"floor":12.0,"key":"Smiling Mask"}],"event_choices":[{"damage_healed":0.0,"max_hp_gain":0.0,"max_hp_loss":0.0,"gold_gain":0.0,"event_name":"FaceTrader","player_choice":"Trade","floor":2.0,"gold_loss":0.0,"damage_taken":0.0,"relics_obtained":["NlothsMask"]},{"damage_healed":0.0,"max_hp_gain":0.0,"max_hp_loss":0.0,"gold_gain":0.0,"event_name":"WeMeetAgain","player_choice":"Paid Gold","floor":8.0,"gold_loss":106.0,"damage_taken":0.0,"relics_obtained":["Oddly Smooth Stone"]}],"is_beta":false,"boss_relics":[{"not_picked":["Black Blood","Calling Bell"],"picked":"Black Star"}],"items_purged_floors":[5,14],"is_endless":false,"potions_floor_spawned":[3,11,13],"killed_by":"Shell Parasite","ascension_level":15}