{"gold_per_floor":[117,67,67,87,98,98,128,128,128,203,230,230,6,18,18,116,116,126,126,126,126,126,126,51,79,103,115,115,133,150,249,249,348,348,359,375,0,0,19,19,19,19,44,44,61,75,110,110,110,110,110,110,9,43,43],"floor_reached":56,"playtime":3285,"items_purged":["Strike_G","Strike_G"],"score":1166,"play_id":"cf876a72-47a2-4b62-8bac-c935d6c5848f","local_time":"20191016153255","is_ascension_mode":false,"campfire_choices":[{"data":"Neutralize","floor":12,"key":"SMITH"},{"floor":15,"key":"REST"},{"data":"Infinite Blades","floor":23,"key":"SMITH"},{"floor":28,"key":"REST"},{"data":"Bullet Time","floor":32,"key":"SMITH"},{"data":"Envenom","floor":40,"key":"SMITH"},{"data":"Infinite Blades","floor":42,"key":"SMITH"},{"floor":44,"key":"RECALL"},{"data":"Accuracy","floor":49,"key":"SMITH"},{"data":"Well Laid Plans","floor":52,"key":"SMITH"}],"neow_cost":"NONE","seed_source_timestamp":420693270272800,"circlet_count":0,"master_deck":["Defend_G","Defend_G","Defend_G","Defend_G","Survivor","Neutralize+1","Accuracy+1","Backflip","Heel Hook","Dagger Spray","Prepared","Infinite Blades+1","Dodge and Roll","Bullet Time+1","Backstab+1","Blade Dance+1","Escape Plan","Deflect","Tools of the Trade","Infinite Blades+1","Backstab+1","Envenom+1","Expertise+1","Thinking Ahead","Sadistic Nature","Bandage Up","Cloak And Dagger+1","Well Laid Plans+1","Acrobatics","Footwork+1"],"relics":["Ring of the Snake","NeowsBlessing","Odd Mushroom","Shuriken","Smiling Mask","MealTicket","Black Star","Nilry\u0027s Codex","Eternal Feather","PreservedInsect","Bird Faced Urn","Lantern","WristBlade","Red Mask","Kunai","Anchor","Mummified Hand","Boot","Orichalcum"],"potions_floor_usage":[7,16,25,33,33,50,55,55,55],"damage_taken":[{"damage":0,"enemies":"Cultist","floor":1,"turns":1},{"damage":0,"enemies":"Small Slimes","floor":4,"turns":1},{"damage":0,"enemies":"Jaw Worm","floor":5,"turns":1},{"damage":8,"enemies":"The Mushroom Lair","floor":7,"turns":4},{"damage":21,"enemies":"Gremlin Nob","floor":11,"turns":5},{"damage":0,"enemies":"Large Slime","floor":14,"turns":6},{"damage":20,"enemies":"The Guardian","floor":16,"turns":11},{"damage":12,"enemies":"Shell Parasite","floor":18,"turns":8},{"damage":33,"enemies":"Book of Stabbing","floor":25,"turns":8},{"damage":0,"enemies":"Chosen","floor":27,"turns":3},{"damage":13,"enemies":"3 Cultists","floor":29,"turns":5},{"damage":5,"enemies":"Cultist and Chosen","floor":30,"turns":5},{"damage":30,"enemies":"Champ","floor":33,"turns":9},{"damage":27,"enemies":"3 Darklings","floor":35,"turns":8},{"damage":0,"enemies":"3 Shapes","floor":36,"turns":4},{"damage":20,"enemies":"Transient","floor":39,"turns":5},{"damage":25,"enemies":"4 Shapes","floor":45,"turns":5},{"damage":1,"enemies":"3 Darklings","floor":46,"turns":3},{"damage":4,"enemies":"Reptomancer","floor":47,"turns":5},{"damage":8,"enemies":"Donu and Deca","floor":50,"turns":6},{"damage":8,"enemies":"Shield and Spear","floor":54,"turns":4},{"damage":46,"enemies":"The Heart","floor":55,"turns":8}],"seed_played":"-7906141663372039441","potions_obtained":[{"floor":1,"key":"SpeedPotion"},{"floor":4,"key":"Explosive Potion"},{"floor":11,"key":"Dexterity Potion"},{"floor":27,"key":"PowerPotion"},{"floor":30,"key":"FearPotion"},{"floor":45,"key":"Poison Potion"},{"floor":46,"key":"CunningPotion"},{"floor":54,"key":"DistilledChaos"}],"is_trial":false,"path_per_floor":["M","?","?","M","M","$","?","T","T","?","E","R","$","M","R","B",null,"M","?","?","?","$","R","?","E","T","M","R","M","M","?","R","B",null,"M","M","?","?","M","R","?","R","T","R","M","M","E","T","R","B",null,"R","$","E","B",null],"character_chosen":"THE_SILENT","items_purchased":["Infinite Blades","CultistPotion","Weak Potion"],"campfire_rested":2,"item_purchase_floors":[13,13,53],"current_hp_per_floor":[70,70,70,70,70,70,62,62,62,51,30,30,45,45,66,46,70,58,45,29,29,44,53,53,20,20,24,55,46,45,45,57,35,75,52,58,58,58,48,60,50,65,65,75,56,73,75,75,75,75,75,75,75,75,43],"gold":43,"neow_bonus":"THREE_ENEMY_KILL","is_prod":false,"is_daily":false,"chose_seed":false,"campfire_upgraded":7,"win_rate":0,"timestamp":1571229175,"path_taken":["M","?","?","?","M","$","?","?","T","?","E","R","?","M","R","BOSS","M","?","?","?","$","R","?","E","T","M","R","?","M","?","R","BOSS","M","M","?","?","?","R","?","R","T","R","M","M","E","?","R","BOSS","R","$","E","BOSS"],"build_version":"2019-10-15","purchased_purges":2,"victory":true,"max_hp_per_floor":[70,70,70,70,70,70,70,70,70,70,70,70,70,70,70,70,70,70,75,75,75,75,75,75,75,75,75,75,75,75,75,75,75,75,75,75,75,75,75,75,75,75,75,75,75,75,75,75,75,75,75,75,75,75,75],"card_choices":[{"not_picked":["Riddle With Holes","Dagger Throw"],"picked":"Accuracy","floor":1},{"not_picked":["Skewer","Bouncing Flask"],"picked":"Backflip","floor":4},{"not_picked":["Endless Agony","Deadly Poison"],"picked":"Heel Hook","floor":5},{"not_picked":["Flying Knee","Backflip"],"picked":"Dagger Spray","floor":7},{"not_picked":["Doppelganger","PiercingWail"],"picked":"Prepared","floor":11},{"not_picked":["Sucker Punch","Underhanded Strike"],"picked":"Dodge and Roll","floor":14},{"not_picked":["Wraith Form v2","Unload"],"picked":"Bullet Time","floor":16},{"not_picked":["Acrobatics","Flechettes+1"],"picked":"Backstab+1","floor":18},{"not_picked":["Dagger Throw+1","Dodge and Roll"],"picked":"Blade Dance+1","floor":25},{"not_picked":["Terror","Calculated Gamble"],"picked":"Escape Plan","floor":27},{"not_picked":["Concentrate","Slice","Deadly Poison"],"picked":"SKIP","floor":29},{"not_picked":["Flying Knee","Prepared"],"picked":"Deflect","floor":30},{"not_picked":["Corpse Explosion","Night Terror"],"picked":"Tools of the Trade","floor":33},{"not_picked":["Dagger Spray","Outmaneuver"],"picked":"Infinite Blades","floor":35},{"not_picked":["Acrobatics","PiercingWail+1"],"picked":"Backstab+1","floor":36},{"not_picked":["Slice","Skewer"],"picked":"Expertise+1","floor":39},{"not_picked":["Discovery","Good Instincts"],"picked":"Thinking Ahead","floor":41},{"not_picked":["Violence","PanicButton"],"picked":"Sadistic Nature","floor":41},{"not_picked":["Discovery","Forethought"],"picked":"Bandage Up","floor":41},{"not_picked":["Prepared","Underhanded Strike"],"picked":"Cloak And Dagger+1","floor":45},{"not_picked":["Dagger Spray+1","Dagger Throw+1"],"picked":"Well Laid Plans","floor":46},{"not_picked":["Expertise","Outmaneuver+1"],"picked":"Acrobatics","floor":47},{"not_picked":["Deadly Poison+1","Dodge and Roll+1"],"picked":"Footwork+1","floor":54}],"player_experience":481055,"relics_obtained":[{"floor":7,"key":"Odd Mushroom"},{"floor":8,"key":"Shuriken"},{"floor":9,"key":"Smiling Mask"},{"floor":11,"key":"MealTicket"},{"floor":20,"key":"Nilry\u0027s Codex"},{"floor":25,"key":"PreservedInsect"},{"floor":25,"key":"Bird Faced Urn"},{"floor":26,"key":"Lantern"},{"floor":47,"key":"Kunai"},{"floor":47,"key":"Anchor"},{"floor":48,"key":"Mummified Hand"},{"floor":54,"key":"Boot"},{"floor":54,"key":"Orichalcum"}],"event_choices":[{"cards_removed":["Defend_G"],"damage_healed":0,"gold_gain":0,"player_choice":"Card Removal","damage_taken":0,"max_hp_gain":0,"max_hp_loss":0,"event_name":"The Cleric","floor":2,"gold_loss":50},{"cards_removed":["Strike_G"],"damage_healed":0,"gold_gain":0,"player_choice":"Purged","damage_taken":0,"max_hp_gain":0,"max_hp_loss":0,"event_name":"Purifier","floor":3,"gold_loss":0},{"damage_healed":0,"gold_gain":0,"player_choice":"Fought Mushrooms","damage_taken":0,"max_hp_gain":0,"max_hp_loss":0,"event_name":"Mushrooms","floor":7,"gold_loss":0},{"damage_healed":0,"gold_gain":75,"player_choice":"Gather Gold","damage_taken":11,"max_hp_gain":0,"max_hp_loss":0,"event_name":"World of Goop","floor":10,"gold_loss":0},{"damage_healed":0,"gold_gain":0,"player_choice":"Shed Blood","damage_taken":18,"max_hp_gain":5,"max_hp_loss":0,"event_name":"Forgotten Altar","floor":19,"gold_loss":0},{"damage_healed":0,"gold_gain":0,"player_choice":"Obtained Book","damage_taken":16,"max_hp_gain":0,"max_hp_loss":0,"event_name":"Cursed Tome","floor":20,"gold_loss":0},{"damage_healed":0,"gold_gain":0,"player_choice":"Opened","damage_taken":0,"relics_obtained":["Eternal Feather"],"max_hp_gain":0,"max_hp_loss":0,"event_name":"The Mausoleum","floor":21,"gold_loss":0},{"cards_removed":["Strike_G"],"damage_healed":0,"gold_gain":0,"player_choice":"Gave Gold","damage_taken":0,"max_hp_gain":0,"max_hp_loss":0,"event_name":"Beggar","floor":24,"gold_loss":75},{"damage_healed":0,"gold_gain":99,"player_choice":"Stole From Cult","damage_taken":0,"max_hp_gain":0,"max_hp_loss":0,"event_name":"Nest","floor":31,"gold_loss":0},{"damage_healed":0,"gold_gain":0,"player_choice":"Paid","damage_taken":0,"relics_obtained":["Red Mask"],"max_hp_gain":0,"max_hp_loss":0,"event_name":"Tomb of Lord Red Mask","floor":37,"gold_loss":375},{"damage_healed":0,"gold_gain":0,"cards_transformed":["Strike_G"],"player_choice":"Transformed","damage_taken":0,"max_hp_gain":0,"max_hp_loss":0,"event_name":"Transmorgrifier","floor":38,"gold_loss":0,"cards_obtained":["Envenom"]},{"damage_healed":0,"gold_gain":0,"player_choice":"Memory 3","damage_taken":10,"max_hp_gain":0,"max_hp_loss":0,"event_name":"SensoryStone","floor":41,"gold_loss":0}],"is_beta":true,"boss_relics":[{"not_picked":["Empty Cage","Ring of the Serpent"],"picked":"Black Star"},{"not_picked":["Busted Crown","Tiny House"],"picked":"WristBlade"}],"items_purged_floors":[13,53],"is_endless":false,"potions_floor_spawned":[1,4,11,27,30,45,46,54],"ascension_level":0}