{"gold_per_floor":[110,9,20,34,44,78,78,92,142,168,168,68,68,103,103,203,203,221,210,210,220,220,255,255],"floor_reached":24,"playtime":2420,"items_purged":["Strike_G","Regret"],"score":391,"play_id":"c963ec05-331d-41dd-b0ef-3bdd31527cdc","local_time":"20190603193612","is_ascension_mode":true,"campfire_choices":[{"floor":7,"key":"REST"},{"data":"Neutralize","floor":13,"key":"SMITH"},{"data":"Leg Sweep","floor":15,"key":"SMITH"}],"neow_cost":"TEN_PERCENT_HP_LOSS","seed_source_timestamp":435537629021738,"circlet_count":0,"master_deck":["AscendersBane","Defend_G","Defend_G","Defend_G","Defend_G","Survivor","Neutralize+1","Backstab","Deadly Poison","Bouncing Flask","Blur","Catalyst","Backflip","Noxious Fumes","Leg Sweep+1","Die Die Die","Bite","Bite","Bite","Bite","Bite","Noxious Fumes"],"relics":["Ring of the Serpent","Orichalcum","Juzu Bracelet","Paper Crane","PreservedInsect","Vajra","Ornamental Fan"],"potions_floor_usage":[6,14,14,23],"damage_taken":[{"damage":2,"enemies":"Cultist","floor":1,"turns":4},{"damage":1,"enemies":"Small Slimes","floor":3,"turns":4},{"damage":2,"enemies":"Jaw Worm","floor":4,"turns":3},{"damage":0,"enemies":"Large Slime","floor":5,"turns":5},{"damage":10,"enemies":"Gremlin Nob","floor":6,"turns":3},{"damage":0,"enemies":"Blue Slaver","floor":8,"turns":3},{"damage":16,"enemies":"Lagavulin","floor":10,"turns":5},{"damage":4,"enemies":"3 Sentries","floor":14,"turns":4},{"damage":1,"enemies":"Hexaghost","floor":16,"turns":8},{"damage":0,"enemies":"Spheric Guardian","floor":18,"turns":3},{"damage":14,"enemies":"2 Thieves","floor":19,"turns":4},{"damage":4,"enemies":"Shelled Parasite and Fungi","floor":21,"turns":7},{"damage":30,"enemies":"Colosseum Slavers","floor":22,"turns":4},{"damage":19,"enemies":"Slavers","floor":23,"turns":5},{"damage":8,"enemies":"Cultist and Chosen","floor":24,"turns":4}],"seed_played":"-6516198320280053413","potions_obtained":[{"floor":1,"key":"Poison Potion"},{"floor":3,"key":"SkillPotion"},{"floor":8,"key":"Fire Potion"},{"floor":18,"key":"PowerPotion"}],"is_trial":false,"path_per_floor":["M","$","M","M","M","E","R","M","T","E","?","$","R","E","R","B",null,"M","M","?","M","?","E","M"],"character_chosen":"THE_SILENT","items_purchased":["Deadly Poison"],"campfire_rested":1,"item_purchase_floors":[2],"current_hp_per_floor":[61,61,60,58,58,48,63,63,63,47,47,47,47,43,43,42,58,58,44,44,42,20,3,0],"gold":255,"neow_bonus":"REMOVE_TWO","is_prod":false,"is_daily":false,"chose_seed":false,"campfire_upgraded":2,"win_rate":0,"timestamp":1559615772,"path_taken":["M","?","M","M","M","E","R","M","T","E","?","$","R","E","R","BOSS","M","M","?","M","?","E","M"],"build_version":"2019-01-23","purchased_purges":2,"victory":false,"max_hp_per_floor":[63,63,63,63,63,63,63,63,63,63,63,63,63,63,63,63,63,63,63,44,44,44,44,44],"card_choices":[{"not_picked":["Backflip","Well Laid Plans"],"picked":"Backstab","floor":1},{"not_picked":["Riddle With Holes","Outmaneuver"],"picked":"Bouncing Flask","floor":3},{"not_picked":["Bane","Flying Knee"],"picked":"Blur","floor":4},{"not_picked":["Prepared","Setup"],"picked":"Catalyst","floor":5},{"not_picked":["Sucker Punch","Well Laid Plans"],"picked":"Backflip","floor":6},{"not_picked":["Deadly Poison","Blade Dance"],"picked":"Noxious Fumes","floor":8},{"not_picked":["Infinite Blades","Reflex","Dash"],"picked":"SKIP","floor":10},{"not_picked":["Prepared","Flechettes"],"picked":"Leg Sweep","floor":14},{"not_picked":["Doppelganger","Venomology"],"picked":"Die Die Die","floor":16},{"not_picked":["Dagger Throw","All Out Attack","Flying Knee"],"picked":"SKIP","floor":18},{"not_picked":["Tactician","Calculated Gamble+1","Underhanded Strike"],"picked":"SKIP","floor":19},{"not_picked":["Outmaneuver","Tactician+1","PiercingWail"],"picked":"SKIP","floor":21},{"not_picked":["Expertise+1","PiercingWail"],"picked":"Noxious Fumes","floor":23}],"player_experience":628426,"relics_obtained":[{"floor":6,"key":"Orichalcum"},{"floor":9,"key":"Juzu Bracelet"},{"floor":10,"key":"Paper Crane"},{"floor":14,"key":"Vajra"},{"floor":23,"key":"Ornamental Fan"}],"event_choices":[{"damage_healed":0,"gold_gain":0,"player_choice":"Box","damage_taken":0,"relics_obtained":["PreservedInsect"],"max_hp_gain":0,"max_hp_loss":0,"event_name":"Big Fish","floor":11,"gold_loss":0,"cards_obtained":["Regret"]},{"damage_healed":0,"gold_gain":0,"player_choice":"Became a vampire","damage_taken":0,"max_hp_gain":0,"max_hp_loss":19,"event_name":"Vampires","floor":20,"gold_loss":0,"cards_obtained":["Bite","Bite","Bite","Bite","Bite"]},{"damage_healed":0,"gold_gain":0,"player_choice":"Fight","damage_taken":0,"max_hp_gain":0,"max_hp_loss":0,"event_name":"Colosseum","floor":22,"gold_loss":0},{"damage_healed":0,"gold_gain":0,"player_choice":"Fled From Nobs","damage_taken":0,"max_hp_gain":0,"max_hp_loss":0,"event_name":"Colosseum","floor":22,"gold_loss":0}],"is_beta":false,"boss_relics":[{"not_picked":["HoveringKite","Lizard Tail"],"picked":"Ring of the Serpent"}],"items_purged_floors":[2,12],"is_endless":false,"potions_floor_spawned":[1,3,8,10,18,22],"killed_by":"Cultist and Chosen","ascension_level":11}