{"gold_per_floor":[114,25,100,50,70,101,101,2,75,75,75,91,124,138,138,234,234,254,269,41,6,23,52,52,63,63,63,75,75,88,108,108,204,254,270,270,270,13,25,25,42,58,58,58,92,92,92,121,121,121],"floor_reached":51,"playtime":2844,"items_purged":["Strike_B","Strike_B"],"score":1040,"play_id":"633cc4b2-a589-47c3-aac3-6aa6ec421f51","local_time":"20191009220123","is_ascension_mode":true,"campfire_choices":[{"data":"Creative AI","floor":7,"key":"SMITH"},{"data":"Go for the Eyes","floor":11,"key":"SMITH"},{"data":"White Noise","floor":15,"key":"SMITH"},{"floor":27,"key":"REST"},{"data":"Echo Form","floor":32,"key":"SMITH"},{"floor":40,"key":"REST"},{"floor":44,"key":"REST"},{"data":"Buffer","floor":47,"key":"SMITH"},{"floor":49,"key":"REST"}],"neow_cost":"NONE","seed_source_timestamp":213967068310500,"circlet_count":0,"master_deck":["Defend_B","Defend_B","Defend_B+1","Defend_B","Zap","Dualcast","BootSequence","Conserve Battery","Rip and Tear","Turbo","Creative AI+1","Go for the Eyes+1","Tempest","Coolheaded","White Noise+1","Electrodynamics","Undo","Buffer+1","Double Energy","Loop","Glacier+1","Stack+1","Echo Form+1","Rainbow+1","Sweeping Beam","Hologram+1","Fission+1","Consume+1","Sunder+1","Sunder+1"],"relics":["Cracked Core","NeowsBlessing","Incense Burner","Letter Opener","Anchor","Snecko Eye","Matryoshka","Bronze Scales","Toxic Egg 2","Tiny House","DollysMirror","Mercury Hourglass","Potion Belt","Akabeko","DataDisk"],"potions_floor_usage":[16,16,23,23,23,31,42,42,46],"damage_taken":[{"damage":0,"enemies":"Cultist","floor":1,"turns":1},{"damage":0,"enemies":"Jaw Worm","floor":5,"turns":1},{"damage":0,"enemies":"Gremlin Nob","floor":6,"turns":1},{"damage":0,"enemies":"2 Louse","floor":12,"turns":2},{"damage":20,"enemies":"3 Sentries","floor":13,"turns":8},{"damage":0,"enemies":"Lots of Slimes","floor":14,"turns":2},{"damage":19,"enemies":"Hexaghost","floor":16,"turns":10},{"damage":0,"enemies":"2 Thieves","floor":18,"turns":3},{"damage":0,"enemies":"Chosen","floor":19,"turns":5},{"damage":4,"enemies":"Centurion and Healer","floor":22,"turns":8},{"damage":14,"enemies":"Book of Stabbing","floor":23,"turns":9},{"damage":1,"enemies":"Snake Plant","floor":25,"turns":6},{"damage":0,"enemies":"Cultist and Chosen","floor":28,"turns":6},{"damage":12,"enemies":"Snecko","floor":30,"turns":4},{"damage":0,"enemies":"3 Cultists","floor":31,"turns":2},{"damage":0,"enemies":"Champ","floor":33,"turns":11},{"damage":15,"enemies":"Orb Walker","floor":35,"turns":5},{"damage":19,"enemies":"3 Shapes","floor":39,"turns":2},{"damage":5,"enemies":"Maw","floor":41,"turns":5},{"damage":30,"enemies":"Transient","floor":42,"turns":5},{"damage":0,"enemies":"Reptomancer","floor":45,"turns":5},{"damage":0,"enemies":"3 Darklings","floor":46,"turns":2},{"damage":0,"enemies":"Giant Head","floor":48,"turns":8},{"damage":62,"enemies":"Time Eater","floor":50,"turns":11}],"seed_played":"8555606509133948165","potions_obtained":[{"floor":5,"key":"SpeedPotion"},{"floor":6,"key":"Ancient Potion"},{"floor":13,"key":"Strength Potion"},{"floor":19,"key":"Energy Potion"},{"floor":22,"key":"SkillPotion"},{"floor":30,"key":"GamblersBrew"},{"floor":31,"key":"SmokeBomb"},{"floor":34,"key":"Ancient Potion"},{"floor":39,"key":"EssenceOfSteel"}],"is_trial":false,"path_per_floor":["M","$","?","?","M","E","R","$","T","?","R","M","E","M","R","B",null,"M","M","$","$","M","E","?","M","T","R","M","?","M","M","R","B",null,"M","?","?","$","M","R","M","M","T","R","E","M","R","E","R","B",null],"character_chosen":"DEFECT","items_purchased":["Conserve Battery","Rip and Tear","Go for the Eyes","Buffer","Double Energy","Loop","DollysMirror"],"campfire_rested":4,"item_purchase_floors":[2,2,8,20,20,21,38],"current_hp_per_floor":[75,75,64,64,64,64,64,64,64,64,64,64,44,44,44,25,63,63,63,63,63,59,45,45,44,44,66,66,66,54,54,54,54,75,60,60,60,60,41,65,60,30,30,54,54,54,54,54,78,16],"gold":121,"neow_bonus":"THREE_ENEMY_KILL","is_prod":false,"is_daily":false,"chose_seed":false,"campfire_upgraded":5,"win_rate":0,"timestamp":1570651283,"path_taken":["M","?","?","?","M","E","R","$","T","?","R","M","E","M","R","BOSS","M","M","?","$","M","E","?","?","T","R","M","?","M","?","R","BOSS","M","?","?","$","?","R","M","M","T","R","E","M","R","E","R","BOSS"],"build_version":"2019-10-08","purchased_purges":2,"victory":true,"max_hp_per_floor":[75,75,75,75,75,75,75,75,75,75,75,75,75,75,75,75,75,75,75,75,75,75,75,75,75,75,75,75,75,75,75,75,75,80,80,80,80,80,80,80,80,80,80,80,80,80,80,80,80,80],"card_choices":[{"not_picked":["Barrage","Skim"],"picked":"BootSequence","floor":1},{"not_picked":["Recycle","Reinforced Body"],"picked":"Turbo","floor":5},{"not_picked":["Sweeping Beam","Stack"],"picked":"Creative AI","floor":6},{"not_picked":["Consume","Redo"],"picked":"Tempest","floor":12},{"not_picked":["Steam Power","Compile Driver"],"picked":"Coolheaded","floor":13},{"not_picked":["Conserve Battery","Hologram"],"picked":"White Noise","floor":14},{"not_picked":["Reboot","Biased Cognition"],"picked":"Electrodynamics","floor":16},{"not_picked":["BootSequence","Streamline","Beam Cell"],"picked":"SKIP","floor":18},{"not_picked":["Go for the Eyes","Gash+1"],"picked":"Undo","floor":19},{"not_picked":["Cold Snap","Steam Power+1"],"picked":"Glacier+1","floor":22},{"not_picked":["Sweeping Beam+1","Seek","Streamline"],"picked":"SKIP","floor":23},{"not_picked":["Sweeping Beam","Leap"],"picked":"Stack","floor":25},{"not_picked":["Turbo+1","Rebound"],"picked":"Echo Form","floor":28},{"not_picked":["Go for the Eyes+1","Compile Driver+1"],"picked":"Sweeping Beam","floor":30},{"not_picked":["Glacier+1","Compile Driver"],"picked":"Hologram+1","floor":31},{"not_picked":["Reboot+1","Buffer"],"picked":"Fission+1","floor":33},{"not_picked":["Beam Cell","Conserve Battery+1"],"picked":"Consume+1","floor":34},{"not_picked":["Coolheaded+1","Glacier+1"],"picked":"Sunder+1","floor":35},{"not_picked":["Gash+1","Go for the Eyes","Leap+1"],"picked":"SKIP","floor":39},{"not_picked":["Leap+1","Rebound","Steam Power+1"],"picked":"SKIP","floor":41},{"not_picked":["Reinforced Body+1","Gash+1","Sweeping Beam+1"],"picked":"SKIP","floor":42},{"not_picked":["Loop+1","Steam+1","Storm"],"picked":"SKIP","floor":45},{"not_picked":["Hyperbeam","Stack+1","Compile Driver"],"picked":"SKIP","floor":48}],"player_experience":489594,"relics_obtained":[{"floor":6,"key":"Incense Burner"},{"floor":9,"key":"Letter Opener"},{"floor":13,"key":"Anchor"},{"floor":23,"key":"Matryoshka"},{"floor":26,"key":"Bronze Scales"},{"floor":26,"key":"Toxic Egg 2"},{"floor":43,"key":"Mercury Hourglass"},{"floor":43,"key":"Potion Belt"},{"floor":45,"key":"Akabeko"},{"floor":48,"key":"DataDisk"}],"event_choices":[{"damage_healed":0,"gold_gain":75,"player_choice":"Gather Gold","damage_taken":11,"max_hp_gain":0,"max_hp_loss":0,"event_name":"World of Goop","floor":3,"gold_loss":0},{"cards_removed":["Strike_B"],"damage_healed":0,"gold_gain":0,"player_choice":"Card Removal","damage_taken":0,"max_hp_gain":0,"max_hp_loss":0,"event_name":"The Cleric","floor":4,"gold_loss":50},{"cards_removed":["Strike_B"],"damage_healed":0,"gold_gain":0,"player_choice":"Purged","damage_taken":0,"max_hp_gain":0,"max_hp_loss":0,"event_name":"Purifier","floor":10,"gold_loss":0},{"damage_healed":0,"gold_gain":0,"player_choice":"Leave","damage_taken":0,"max_hp_gain":0,"max_hp_loss":0,"event_name":"FaceTrader","floor":24,"gold_loss":0},{"damage_healed":0,"gold_gain":0,"player_choice":"1 cards matched","damage_taken":0,"max_hp_gain":0,"max_hp_loss":0,"event_name":"Match and Keep!","floor":29,"gold_loss":0,"cards_obtained":["Rainbow"]},{"damage_healed":0,"gold_gain":0,"player_choice":"Ignored","damage_taken":0,"max_hp_gain":0,"max_hp_loss":0,"event_name":"Mysterious Sphere","floor":36,"gold_loss":0},{"damage_healed":0,"gold_gain":0,"player_choice":"Upgraded","damage_taken":0,"max_hp_gain":0,"max_hp_loss":0,"event_name":"Upgrade Shrine","floor":37,"gold_loss":0,"cards_upgraded":["Stack"]}],"is_beta":true,"boss_relics":[{"not_picked":["FrozenCore","Black Star"],"picked":"Snecko Eye"},{"not_picked":["SacredBark","Astrolabe"],"picked":"Tiny House"}],"items_purged_floors":[8,38],"is_endless":false,"potions_floor_spawned":[5,6,13,14,19,22,30,31,39,46],"ascension_level":5}