{"gold_per_floor":[116,132,132,9,9,9,9,25,25,39,57,73,94,108,108,234,234,253,276,307,328,344,364,364,378,378,396,396,396,90,90,90,90],"floor_reached":33,"playtime":985,"items_purged":["Injury","Strike_R"],"score":245,"play_id":"eeaf76fa-61a7-4583-b529-17ece290bab0","local_time":"20190423021558","is_ascension_mode":false,"campfire_choices":[{"data":"Clash","floor":6,"key":"SMITH"},{"data":"Bash","floor":15,"key":"SMITH"},{"floor":24,"key":"REST"},{"data":"Clash","floor":28,"key":"SMITH"},{"floor":32,"key":"REST"}],"neow_cost":"NONE","seed_source_timestamp":138546931281744,"circlet_count":0,"master_deck":["Strike_R","Strike_R","Defend_R","Bash+1","Clash+1","Metallicize+1","Dual Wield+1","Clash+1","Shrug It Off+1","Power Through"],"relics":["Burning Blood","NeowsBlessing","Golden Idol","Paper Frog","Astrolabe","Red Mask","Letter Opener","TheAbacus"],"potions_floor_usage":[2,16,16,22,23,33,33,33],"damage_taken":[{"damage":0,"enemies":"Cultist","floor":1,"turns":1},{"damage":0,"enemies":"Jaw Worm","floor":2,"turns":1},{"damage":0,"enemies":"2 Louse","floor":8,"turns":1},{"damage":6,"enemies":"Red Slaver","floor":10,"turns":3},{"damage":4,"enemies":"Gremlin Gang","floor":11,"turns":6},{"damage":7,"enemies":"Large Slime","floor":12,"turns":5},{"damage":7,"enemies":"3 Louse","floor":13,"turns":2},{"damage":16,"enemies":"Lots of Slimes","floor":14,"turns":5},{"damage":52,"enemies":"The Guardian","floor":16,"turns":8},{"damage":14,"enemies":"3 Byrds","floor":18,"turns":4},{"damage":17,"enemies":"2 Thieves","floor":19,"turns":3},{"damage":31,"enemies":"Masked Bandits","floor":20,"turns":4},{"damage":20,"enemies":"3 Cultists","floor":21,"turns":5},{"damage":0,"enemies":"Snake Plant","floor":22,"turns":2},{"damage":35,"enemies":"Shelled Parasite and Fungi","floor":23,"turns":3},{"damage":14,"enemies":"Centurion and Healer","floor":25,"turns":3},{"damage":14,"enemies":"Snake Plant","floor":27,"turns":3},{"damage":0,"enemies":"Automaton","floor":33,"turns":3}],"seed_played":"-9134170427533482161","potions_obtained":[{"floor":1,"key":"Fruit Juice"},{"floor":7,"key":"PowerPotion"},{"floor":7,"key":"GamblersBrew"},{"floor":7,"key":"BloodPotion"},{"floor":14,"key":"LiquidBronze"},{"floor":16,"key":"EssenceOfSteel"},{"floor":20,"key":"EssenceOfSteel"},{"floor":22,"key":"Fruit Juice"},{"floor":25,"key":"LiquidBronze"},{"floor":27,"key":"Regen Potion"}],"is_trial":false,"path_per_floor":["M","M","?","$","?","R","?","M","T","M","M","M","M","M","R","B",null,"M","M","?","M","M","M","R","M","T","M","R","?","$","?","R","B"],"character_chosen":"IRONCLAD","items_purchased":["Clash","TheAbacus"],"campfire_rested":2,"item_purchase_floors":[4,30],"current_hp_per_floor":[80,85,85,85,85,85,85,85,85,85,85,84,83,73,73,27,85,77,66,41,27,38,18,45,37,37,29,29,29,29,29,56,65],"gold":90,"neow_bonus":"THREE_ENEMY_KILL","is_prod":false,"is_daily":false,"chose_seed":false,"campfire_upgraded":3,"win_rate":0,"timestamp":1556003758,"path_taken":["M","M","?","$","?","R","?","M","T","?","M","M","?","M","R","BOSS","M","M","?","M","M","M","R","M","T","M","R","?","$","?","R","BOSS"],"build_version":"2019-01-23","purchased_purges":2,"victory":false,"max_hp_per_floor":[80,85,85,85,85,85,85,85,85,85,85,85,85,85,85,85,85,85,85,85,85,90,90,90,90,90,90,90,90,90,90,90,90],"card_choices":[{"not_picked":["Reckless Charge","Heavy Blade","Perfected Strike"],"picked":"SKIP","floor":1},{"not_picked":["Dual Wield","Twin Strike","Iron Wave"],"picked":"SKIP","floor":2},{"not_picked":["Flex","Clothesline","Cleave"],"picked":"SKIP","floor":8},{"not_picked":["Wild Strike","Iron Wave","Armaments"],"picked":"SKIP","floor":10},{"not_picked":["Havoc","Cleave","Twin Strike"],"picked":"SKIP","floor":11},{"not_picked":["Bludgeon","Twin Strike","Anger"],"picked":"SKIP","floor":12},{"not_picked":["Perfected Strike","Shockwave","Iron Wave"],"picked":"SKIP","floor":13},{"not_picked":["Warcry","True Grit","Blood for Blood"],"picked":"SKIP","floor":14},{"not_picked":["Reckless Charge","Armaments+1"],"picked":"Clash","floor":18},{"not_picked":["Twin Strike+1","Heavy Blade+1","Fire Breathing+1"],"picked":"SKIP","floor":19},{"not_picked":["Heavy Blade+1","Thunderclap","Sword Boomerang"],"picked":"SKIP","floor":21},{"not_picked":["Flex","Perfected Strike","Second Wind"],"picked":"SKIP","floor":22},{"not_picked":["Blood for Blood","Rampage+1","Thunderclap"],"picked":"SKIP","floor":23},{"not_picked":["Feel No Pain","Clothesline+1","Hemokinesis+1"],"picked":"SKIP","floor":25},{"not_picked":["Entrench+1","Limit Break"],"picked":"Shrug It Off+1","floor":27}],"player_experience":499510,"relics_obtained":[{"floor":9,"key":"Paper Frog"},{"floor":20,"key":"Red Mask"},{"floor":26,"key":"Letter Opener"}],"event_choices":[{"damage_healed":0,"gold_gain":0,"player_choice":"Take Wound","damage_taken":0,"relics_obtained":["Golden Idol"],"max_hp_gain":0,"max_hp_loss":0,"event_name":"Golden Idol","floor":3,"gold_loss":0,"cards_obtained":["Injury"]},{"cards_removed":["Defend_R"],"damage_healed":0,"gold_gain":0,"player_choice":"Forget","damage_taken":0,"max_hp_gain":0,"max_hp_loss":0,"event_name":"Living Wall","floor":5,"gold_loss":0},{"damage_healed":0,"gold_gain":0,"player_choice":"Got Potions","damage_taken":0,"max_hp_gain":0,"max_hp_loss":0,"event_name":"Lab","floor":7,"gold_loss":0},{"damage_healed":0,"gold_gain":0,"player_choice":"Fought Bandits","damage_taken":0,"max_hp_gain":0,"max_hp_loss":0,"event_name":"Masked Bandits","floor":20,"gold_loss":0},{"cards_removed":["Sword Boomerang"],"damage_healed":0,"gold_gain":0,"player_choice":"Elegance","damage_taken":0,"max_hp_gain":0,"max_hp_loss":0,"event_name":"Back to Basics","floor":29,"gold_loss":0},{"damage_healed":0,"gold_gain":0,"cards_transformed":["Strike_R"],"player_choice":"Transformed","damage_taken":0,"max_hp_gain":0,"max_hp_loss":0,"event_name":"Transmorgrifier","floor":31,"gold_loss":0,"cards_obtained":["Power Through"]}],"is_beta":false,"boss_relics":[{"not_picked":["Velvet Choker","Mark of Pain"],"picked":"Astrolabe"}],"items_purged_floors":[4,30],"is_endless":false,"potions_floor_spawned":[1,8,11,14,16,20,22,25,27],"killed_by":"Automaton","ascension_level":0}