{"gold_per_floor":[119,119,119,136,136,165,165,191,191,225,225,177,194,220,220,320,320,330,330,330,340,1,1,14,47,47,47,47,147,147,165,165,267,267,284,284,302,7,21,21,68,13,36,36,36,54,71,98,98,98],"floor_reached":51,"playtime":3455,"items_purged":[],"score":1042,"play_id":"8d6a17f7-8a69-4dd9-bc88-29677bbf9951","local_time":"20191003201435","is_ascension_mode":true,"campfire_choices":[{"data":"Neutralize","floor":7,"key":"SMITH"},{"data":"Catalyst","floor":11,"key":"SMITH"},{"data":"Bane","floor":15,"key":"SMITH"},{"floor":23,"key":"REST"},{"data":"After Image","floor":27,"key":"SMITH"},{"data":"After Image","floor":30,"key":"SMITH"},{"data":"Cloak And Dagger","floor":32,"key":"SMITH"},{"floor":40,"key":"RECALL"},{"floor":44,"key":"REST"},{"floor":49,"key":"REST"}],"neow_cost":"NONE","seed_source_timestamp":818941360146900,"circlet_count":0,"master_deck":["Strike_G+1","Strike_G+1","Strike_G+1","Strike_G+1","Strike_G+1","Defend_G+1","Defend_G+1","Defend_G+1","Defend_G+1","Defend_G+1","Survivor","Neutralize+1","Noxious Fumes+1","Leg Sweep","Catalyst+1","Bane+1","Quick Slash","Dash","Deflect","After Image+1","Cloak And Dagger+1","PiercingWail+1","Backstab","After Image+1","Heel Hook","Dodge and Roll","Tools of the Trade","Sucker Punch+1","Cloak And Dagger","Malaise","Heel Hook+1","Mind Blast+1","All Out Attack+1","Distraction+1","Backflip","Bane+1"],"relics":["Ring of the Snake","NeowsBlessing","Blood Vial","Odd Mushroom","Turnip","Happy Flower","Juzu Bracelet","SacredBark","Enchiridion","Vajra","Bag of Marbles","CaptainsWheel","Molten Egg 2","Fusion Hammer","Ice Cream","Lizard Tail","Du-Vu Doll","Smiling Mask","Snake Skull"],"potions_floor_usage":[8,8,8,25,25,29,50,50],"damage_taken":[{"damage":0,"enemies":"Jaw Worm","floor":1,"turns":1},{"damage":0,"enemies":"Small Slimes","floor":4,"turns":1},{"damage":0,"enemies":"Lagavulin","floor":6,"turns":2},{"damage":1,"enemies":"The Mushroom Lair","floor":8,"turns":5},{"damage":12,"enemies":"Gremlin Nob","floor":10,"turns":5},{"damage":0,"enemies":"2 Louse","floor":13,"turns":3},{"damage":17,"enemies":"3 Sentries","floor":14,"turns":7},{"damage":36,"enemies":"The Guardian","floor":16,"turns":10},{"damage":1,"enemies":"Chosen","floor":18,"turns":6},{"damage":2,"enemies":"2 Thieves","floor":21,"turns":5},{"damage":7,"enemies":"3 Cultists","floor":24,"turns":6},{"damage":24,"enemies":"Gremlin Leader","floor":25,"turns":8},{"damage":11,"enemies":"Colosseum Slavers","floor":29,"turns":6},{"damage":4,"enemies":"Colosseum Nobs","floor":29,"turns":5},{"damage":10,"enemies":"Snake Plant","floor":31,"turns":4},{"damage":22,"enemies":"Champ","floor":33,"turns":13},{"damage":1,"enemies":"3 Shapes","floor":35,"turns":4},{"damage":0,"enemies":"Orb Walker","floor":37,"turns":2},{"damage":0,"enemies":"Jaw Worm Horde","floor":39,"turns":4},{"damage":9,"enemies":"2 Orb Walkers","floor":41,"turns":6},{"damage":3,"enemies":"Writhing Mass","floor":46,"turns":8},{"damage":25,"enemies":"Transient","floor":47,"turns":5},{"damage":2,"enemies":"Giant Head","floor":48,"turns":11},{"damage":19,"enemies":"Awakened One","floor":50,"turns":18}],"seed_played":"7865062098916675410","potions_obtained":[{"floor":1,"key":"SteroidPotion"},{"floor":4,"key":"DuplicationPotion"},{"floor":8,"key":"Fruit Juice"},{"floor":18,"key":"Dexterity Potion"},{"floor":25,"key":"Regen Potion"},{"floor":29,"key":"Weak Potion"},{"floor":31,"key":"SpeedPotion"},{"floor":33,"key":"Ancient Potion"},{"floor":37,"key":"PowerPotion"},{"floor":41,"key":"Explosive Potion"}],"is_trial":false,"path_per_floor":["M","?","$","M","?","E","R","?","T","E","R","?","M","E","R","B",null,"M","?","?","M","$","R","M","E","T","R","?","?","R","M","R","B",null,"M","?","M","$","M","R","?","?","T","R","$","M","M","E","R","B",null],"character_chosen":"THE_SILENT","items_purchased":["Backstab","After Image","Heel Hook","SkillPotion","Ice Cream"],"campfire_rested":3,"item_purchase_floors":[22,22,22,22,38],"current_hp_per_floor":[63,63,63,63,68,68,68,74,74,64,64,64,66,51,51,17,64,65,49,49,49,49,73,68,46,46,46,46,75,75,67,67,47,72,73,73,75,75,77,77,70,70,70,80,80,77,54,54,78,61],"gold":98,"neow_bonus":"THREE_ENEMY_KILL","is_prod":false,"is_daily":false,"chose_seed":false,"campfire_upgraded":6,"win_rate":0,"timestamp":1570122875,"path_taken":["M","?","$","M","?","E","R","?","T","E","R","?","M","E","R","BOSS","M","?","?","M","$","R","M","E","T","R","?","?","R","M","R","BOSS","M","?","M","$","M","R","?","?","T","R","$","M","M","E","R","BOSS"],"build_version":"2019-10-02","purchased_purges":0,"victory":true,"max_hp_per_floor":[70,70,70,70,75,75,75,80,80,80,80,80,80,80,80,80,80,80,80,80,80,80,80,80,80,80,80,80,80,80,80,80,80,80,80,80,80,80,80,80,80,80,80,80,80,80,80,80,80,80],"card_choices":[{"not_picked":["Accuracy","Bane"],"picked":"Noxious Fumes","floor":1},{"not_picked":["Deadly Poison","Flechettes"],"picked":"Leg Sweep","floor":4},{"not_picked":["Heel Hook","Predator"],"picked":"Catalyst","floor":6},{"not_picked":["Dodge and Roll","Setup"],"picked":"Bane","floor":8},{"not_picked":["Predator","Crippling Poison"],"picked":"Quick Slash","floor":10},{"not_picked":["Dodge and Roll","Reflex"],"picked":"Dash","floor":13},{"not_picked":["Deadly Poison","Tactician"],"picked":"Deflect","floor":14},{"not_picked":["Doppelganger","Grand Finale"],"picked":"After Image","floor":16},{"not_picked":["Slice","Leg Sweep"],"picked":"Cloak And Dagger","floor":18},{"not_picked":["Blade Dance","Cloak And Dagger"],"picked":"PiercingWail+1","floor":21},{"not_picked":["Deadly Poison","Heel Hook"],"picked":"Dodge and Roll","floor":24},{"not_picked":["Night Terror","Underhanded Strike"],"picked":"Tools of the Trade","floor":25},{"not_picked":["Crippling Poison","Slice+1"],"picked":"Sucker Punch","floor":29},{"not_picked":["Choke+1","Dodge and Roll"],"picked":"Cloak And Dagger","floor":31},{"not_picked":["Corpse Explosion","Bullet Time"],"picked":"Malaise","floor":33},{"not_picked":["Caltrops+1","Endless Agony+1"],"picked":"Heel Hook+1","floor":35},{"not_picked":["Impatience","Finesse"],"picked":"Mind Blast+1","floor":36},{"not_picked":["Deadly Poison+1","Slice+1","All Out Attack+1"],"picked":"SKIP","floor":37},{"not_picked":["Deadly Poison+1","Slice+1"],"picked":"All Out Attack+1","floor":37},{"not_picked":["Skewer+1","Bane+1"],"picked":"Distraction+1","floor":39},{"not_picked":["Dodge and Roll","Cloak And Dagger+1"],"picked":"Backflip","floor":41},{"not_picked":["Dagger Spray+1","Underhanded Strike+1","All Out Attack+1"],"picked":"SKIP","floor":46},{"not_picked":["Outmaneuver+1","Slice+1","Poisoned Stab+1"],"picked":"SKIP","floor":47},{"not_picked":["Reflex","Quick Slash+1"],"picked":"Bane+1","floor":48}],"player_experience":461305,"relics_obtained":[{"floor":6,"key":"Blood Vial"},{"floor":8,"key":"Odd Mushroom"},{"floor":9,"key":"Turnip"},{"floor":10,"key":"Happy Flower"},{"floor":14,"key":"Juzu Bracelet"},{"floor":19,"key":"Enchiridion"},{"floor":25,"key":"Vajra"},{"floor":26,"key":"Bag of Marbles"},{"floor":29,"key":"CaptainsWheel"},{"floor":29,"key":"Molten Egg 2"},{"floor":41,"key":"Lizard Tail"},{"floor":43,"key":"Smiling Mask"},{"floor":48,"key":"Snake Skull"}],"event_choices":[{"damage_healed":0,"gold_gain":0,"player_choice":"Grow","damage_taken":0,"max_hp_gain":0,"max_hp_loss":0,"event_name":"Living Wall","floor":2,"gold_loss":0,"cards_upgraded":["Noxious Fumes"]},{"damage_healed":0,"gold_gain":0,"player_choice":"Donut","damage_taken":0,"max_hp_gain":5,"max_hp_loss":0,"event_name":"Big Fish","floor":5,"gold_loss":0},{"damage_healed":0,"gold_gain":0,"player_choice":"Fought Mushrooms","damage_taken":0,"max_hp_gain":0,"max_hp_loss":0,"event_name":"Mushrooms","floor":8,"gold_loss":0},{"damage_healed":0,"gold_gain":0,"player_choice":"Left Gold","damage_taken":0,"max_hp_gain":0,"max_hp_loss":0,"event_name":"World of Goop","floor":12,"gold_loss":48},{"damage_healed":0,"gold_gain":0,"player_choice":"Obtained Book","damage_taken":16,"max_hp_gain":0,"max_hp_loss":0,"event_name":"Cursed Tome","floor":19,"gold_loss":0},{"damage_healed":0,"gold_gain":0,"player_choice":"Simplicity","damage_taken":0,"max_hp_gain":0,"max_hp_loss":0,"event_name":"Back to Basics","floor":20,"gold_loss":0,"cards_upgraded":["Strike_G","Strike_G","Strike_G","Strike_G","Strike_G","Defend_G","Defend_G","Defend_G","Defend_G","Defend_G"]},{"damage_healed":0,"gold_gain":0,"player_choice":"Ignored","damage_taken":0,"max_hp_gain":0,"max_hp_loss":0,"event_name":"Ghosts","floor":28,"gold_loss":0},{"damage_healed":0,"gold_gain":0,"player_choice":"Fight","damage_taken":0,"max_hp_gain":0,"max_hp_loss":0,"event_name":"Colosseum","floor":29,"gold_loss":0},{"damage_healed":0,"gold_gain":0,"player_choice":"Fought Nobs","damage_taken":0,"max_hp_gain":0,"max_hp_loss":0,"event_name":"Colosseum","floor":29,"gold_loss":0},{"damage_healed":0,"gold_gain":0,"player_choice":"Memory 1","damage_taken":0,"max_hp_gain":0,"max_hp_loss":0,"event_name":"SensoryStone","floor":36,"gold_loss":0},{"damage_healed":0,"gold_gain":0,"player_choice":"Fight","damage_taken":0,"max_hp_gain":0,"max_hp_loss":0,"event_name":"Mysterious Sphere","floor":41,"gold_loss":0},{"damage_healed":0,"gold_gain":0,"player_choice":"Paid Gold","damage_taken":0,"relics_obtained":["Du-Vu Doll"],"max_hp_gain":0,"max_hp_loss":0,"event_name":"WeMeetAgain","floor":42,"gold_loss":55}],"is_beta":true,"boss_relics":[{"not_picked":["Astrolabe","SlaversCollar"],"picked":"SacredBark"},{"not_picked":["Tiny House","Black Star"],"picked":"Fusion Hammer"}],"items_purged_floors":[],"is_endless":false,"potions_floor_spawned":[1,4,8,18,25,29,31,33,37,39,41],"ascension_level":9}