{"gold_per_floor":[113,124,137,156,169,169,181,281,304,304,314,185,185,198,198,299,299,299,0,13,30,30],"floor_reached":22,"playtime":839,"items_purged":["Bash","Strike_R"],"score":182,"play_id":"01b07d1e-6a33-45ae-a2bd-54c604e5c659","local_time":"20190531214804","is_ascension_mode":false,"campfire_choices":[{"data":"Dropkick","floor":6,"key":"SMITH"},{"data":"Thunderclap","floor":10,"key":"SMITH"},{"data":"Shrug It Off","floor":13,"key":"SMITH"},{"data":"Clash","floor":15,"key":"SMITH"}],"neow_cost":"NONE","seed_source_timestamp":642958021629100,"circlet_count":0,"master_deck":["Strike_R","Strike_R","Strike_R","Strike_R","Defend_R","Defend_R","Defend_R","Defend_R","Dropkick+1","Thunderclap+1","Clash+1","Shrug It Off+1"],"relics":["Burning Blood","Oddly Smooth Stone","Black Star","HandDrill"],"potions_floor_usage":[4,4,7,7,16,16,18,21],"damage_taken":[{"damage":1,"enemies":"Cultist","floor":1,"turns":3},{"damage":2,"enemies":"Small Slimes","floor":2,"turns":4},{"damage":6,"enemies":"2 Louse","floor":3,"turns":2},{"damage":4,"enemies":"Exordium Wildlife","floor":4,"turns":4},{"damage":12,"enemies":"2 Fungi Beasts","floor":5,"turns":4},{"damage":5,"enemies":"Looter","floor":7,"turns":3},{"damage":1,"enemies":"Exordium Wildlife","floor":11,"turns":4},{"damage":3,"enemies":"Red Slaver","floor":14,"turns":4},{"damage":82,"enemies":"Hexaghost","floor":16,"turns":16},{"damage":5,"enemies":"Spheric Guardian","floor":18,"turns":5},{"damage":6,"enemies":"Shell Parasite","floor":20,"turns":3},{"damage":42,"enemies":"Cultist and Chosen","floor":21,"turns":11},{"damage":0,"enemies":"Shelled Parasite and Fungi","floor":22,"turns":1}],"seed_played":"-1576345152988676583","potions_obtained":[{"floor":1,"key":"SteroidPotion"},{"floor":3,"key":"Swift Potion"},{"floor":5,"key":"EntropicBrew"},{"floor":16,"key":"SmokeBomb"},{"floor":20,"key":"Ancient Potion"},{"floor":21,"key":"Swift Potion"}],"is_trial":false,"path_per_floor":["M","M","M","M","M","R","M","?","T","R","M","$","R","M","R","B",null,"M","$","M","M","M"],"character_chosen":"IRONCLAD","items_purchased":["Shrug It Off","HandDrill"],"campfire_rested":0,"item_purchase_floors":[12,19],"current_hp_per_floor":[80,80,80,80,74,74,75,75,75,75,80,80,80,80,80,12,80,80,80,80,44,44],"gold":30,"neow_bonus":"THREE_CARDS","is_prod":false,"is_daily":false,"chose_seed":false,"campfire_upgraded":4,"win_rate":0,"timestamp":1559328484,"path_taken":["M","M","M","M","M","R","M","?","T","R","M","$","R","?","R","BOSS","M","$","M","M","M"],"build_version":"2019-05-28","purchased_purges":2,"victory":false,"max_hp_per_floor":[80,80,80,80,80,80,80,80,80,80,80,80,80,80,80,80,80,80,80,80,80,80],"card_choices":[{"not_picked":["Clash","Clothesline"],"picked":"Dropkick","floor":0},{"not_picked":["Metallicize","Sword Boomerang","Seeing Red"],"picked":"SKIP","floor":1},{"not_picked":["Clothesline","Warcry"],"picked":"Thunderclap","floor":2},{"not_picked":["Headbutt","Flex","Havoc"],"picked":"SKIP","floor":3},{"not_picked":["Thunderclap","Heavy Blade","Wild Strike"],"picked":"SKIP","floor":4},{"not_picked":["Pummel","Flex","Anger"],"picked":"SKIP","floor":5},{"not_picked":["Havoc","Sentinel"],"picked":"Clash","floor":7},{"not_picked":["Pummel","Infernal Blade","Bludgeon"],"picked":"SKIP","floor":11},{"not_picked":["Headbutt","Clash","Shrug It Off"],"picked":"SKIP","floor":14},{"not_picked":["Reckless Charge+1","Sword Boomerang+1","Burning Pact"],"picked":"SKIP","floor":20},{"not_picked":["Sever Soul","Flame Barrier","Clothesline+1"],"picked":"SKIP","floor":21}],"player_experience":420147,"relics_obtained":[{"floor":9,"key":"Oddly Smooth Stone"}],"event_choices":[{"damage_healed":0,"gold_gain":100,"player_choice":"Pray","damage_taken":0,"max_hp_gain":0,"max_hp_loss":0,"event_name":"Golden Shrine","floor":8,"gold_loss":0}],"is_beta":true,"boss_relics":[{"not_picked":["Snecko Eye","Pandora\u0027s Box"],"picked":"Black Star"}],"items_purged_floors":[12,19],"is_endless":false,"potions_floor_spawned":[1,3,5,16,20,21],"killed_by":"Shelled Parasite and Fungi","ascension_level":0}