{"gold_per_floor":[112,287,237,237,237,237,267,278,302,329,345,345,7,16,16,120,120,130,7,7,7,20,47,58,58,136,136,155,187,29,91,91,193,193,203,8,8,22,0,0,16,41,41,41,41,54,54],"floor_reached":47,"playtime":2590,"items_purged":["Strike_B"],"score":683,"play_id":"1a77c6b5-4d86-4a70-8fe9-68cb4abb8546","local_time":"20190614151803","is_ascension_mode":true,"campfire_choices":[{"data":"Zap","floor":6,"key":"SMITH"},{"data":"Self Repair","floor":12,"key":"SMITH"},{"data":"Glacier","floor":15,"key":"SMITH"},{"data":"Auto Shields","floor":25,"key":"SMITH"},{"data":"Coolheaded","floor":27,"key":"SMITH"},{"floor":32,"key":"REST"},{"data":"Blizzard","floor":40,"key":"SMITH"},{"floor":45,"key":"RECALL"}],"neow_cost":"NONE","seed_source_timestamp":1903264880332812,"circlet_count":0,"master_deck":["Defend_B","Defend_B","Defend_B+1","Zap+1","Dualcast","Doom and Gloom","Doubt","Amplify","Self Repair+1","Glacier+1","Blizzard+1","Barrage","Leap","Rainbow","Defragment+1","Coolheaded","Auto Shields+1","Machine Learning+1","Coolheaded+1","Loop+1","Beam Cell","Turbo+1","Capacitor+1","Defragment+1","Darkness+1","Creative AI+1","Stack+1"],"relics":["FrozenCore","NeowsBlessing","Bag of Marbles","Art of War","Gambling Chip","Frozen Egg 2","Philosopher\u0027s Stone","Dream Catcher","Pear","Orichalcum","Tiny Chest","Membership Card","Red Mask","Singing Bowl","Ice Cream"],"potions_floor_usage":[10,14,16,16,18,23,29,31,31,41,47,47],"damage_taken":[{"damage":0,"enemies":"2 Louse","floor":1,"turns":1},{"damage":0,"enemies":"Gremlin Nob","floor":7,"turns":1},{"damage":0,"enemies":"Small Slimes","floor":8,"turns":1},{"damage":21,"enemies":"3 Sentries","floor":10,"turns":7},{"damage":0,"enemies":"Cultist","floor":11,"turns":3},{"damage":23,"enemies":"Exordium Thugs","floor":14,"turns":5},{"damage":19,"enemies":"Slime Boss","floor":16,"turns":11},{"damage":6,"enemies":"Chosen","floor":18,"turns":4},{"damage":0,"enemies":"Spheric Guardian","floor":22,"turns":3},{"damage":11,"enemies":"Book of Stabbing","floor":23,"turns":8},{"damage":20,"enemies":"Snake Plant","floor":24,"turns":4},{"damage":17,"enemies":"Cultist and Chosen","floor":28,"turns":8},{"damage":21,"enemies":"Slavers","floor":29,"turns":6},{"damage":44,"enemies":"Gremlin Leader","floor":31,"turns":8},{"damage":33,"enemies":"Automaton","floor":33,"turns":9},{"damage":32,"enemies":"3 Darklings","floor":35,"turns":7},{"damage":20,"enemies":"3 Shapes","floor":38,"turns":4},{"damage":0,"enemies":"Jaw Worm Horde","floor":41,"turns":4},{"damage":0,"enemies":"Giant Head","floor":42,"turns":10},{"damage":23,"enemies":"Writhing Mass","floor":46,"turns":7},{"damage":62,"enemies":"Reptomancer","floor":47,"turns":2}],"seed_played":"-6345442373953991933","potions_obtained":[{"floor":7,"key":"Regen Potion"},{"floor":8,"key":"Weak Potion"},{"floor":10,"key":"Swift Potion"},{"floor":14,"key":"Dexterity Potion"},{"floor":16,"key":"Energy Potion"},{"floor":23,"key":"Energy Potion"},{"floor":28,"key":"FearPotion"},{"floor":38,"key":"SkillPotion"},{"floor":42,"key":"FearPotion"},{"floor":46,"key":"FocusPotion"}],"is_trial":false,"path_per_floor":["M","?","?","?","?","R","E","M","T","E","M","R","$","M","R","B",null,"M","$","?","$","M","E","M","R","T","R","M","E","$","E","R","B",null,"M","$","?","M","?","R","M","E","T","T","R","M","E"],"character_chosen":"DEFECT","items_purchased":["Leap","Frozen Egg 2","SkillPotion","Coolheaded","Capacitor+1","FocusPotion","Membership Card"],"campfire_rested":1,"item_purchase_floors":[13,13,13,19,30,30,36],"current_hp_per_floor":[75,75,75,60,60,60,60,60,60,61,68,68,68,65,65,56,75,75,75,75,75,75,75,55,55,65,65,58,47,47,13,38,25,85,63,63,63,43,43,43,53,65,65,65,65,54,0],"gold":54,"neow_bonus":"THREE_ENEMY_KILL","is_prod":false,"is_daily":false,"chose_seed":false,"campfire_upgraded":6,"win_rate":0,"timestamp":1560518283,"path_taken":["M","?","?","?","?","R","E","M","T","E","M","R","$","?","R","BOSS","M","$","?","$","M","E","M","R","T","R","M","E","$","E","R","BOSS","M","$","?","M","?","R","M","E","T","?","R","M","E"],"build_version":"2019-06-12","purchased_purges":1,"victory":false,"max_hp_per_floor":[75,75,75,75,75,75,75,75,75,75,75,75,75,75,75,75,75,75,75,75,75,75,75,75,75,85,85,85,85,85,85,85,85,85,85,85,81,81,81,81,81,83,83,83,83,85,85],"card_choices":[{"not_picked":["Turbo","Hologram"],"picked":"Doom and Gloom","floor":1},{"not_picked":["Consume","Streamline"],"picked":"Self Repair","floor":7},{"not_picked":["Undo","Stack"],"picked":"Glacier","floor":8},{"not_picked":["Doom and Gloom","Auto Shields"],"picked":"Blizzard","floor":10},{"not_picked":["Loop","Streamline"],"picked":"Barrage","floor":11},{"not_picked":["Streamline","Gash","Stack"],"picked":"SKIP","floor":14},{"not_picked":["Fission","Hyperbeam"],"picked":"Rainbow","floor":16},{"not_picked":["Hologram","Heatsinks+1"],"picked":"Defragment+1","floor":18},{"not_picked":["Turbo+1","Sweeping Beam+1"],"picked":"Coolheaded","floor":22},{"not_picked":["Auto Shields","Conserve Battery"],"picked":"Loop+1","floor":23},{"not_picked":["Rebound","Leap+1"],"picked":"Beam Cell","floor":24},{"not_picked":["Reboot","Rebound"],"picked":"Turbo+1","floor":28},{"not_picked":["Doom and Gloom","Gash","Leap"],"picked":"SKIP","floor":29},{"not_picked":["Beam Cell","Hologram"],"picked":"Defragment+1","floor":31},{"not_picked":["Coolheaded","Consume"],"picked":"Darkness+1","floor":32},{"not_picked":["Electrodynamics+1","Thunder Strike"],"picked":"Creative AI+1","floor":33},{"not_picked":["Turbo","Sweeping Beam","Conserve Battery"],"picked":"SKIP","floor":35},{"not_picked":["Streamline+1","Sweeping Beam+1"],"picked":"Stack+1","floor":38},{"not_picked":["FTL+1","Turbo+1","Hyperbeam"],"picked":"SKIP","floor":41},{"not_picked":["Force Field","Cold Snap","BootSequence+1"],"picked":"Singing Bowl","floor":42},{"not_picked":["Hologram+1","Turbo","Beam Cell+1"],"picked":"Singing Bowl","floor":46}],"player_experience":381989,"relics_obtained":[{"floor":7,"key":"Bag of Marbles"},{"floor":9,"key":"Art of War"},{"floor":10,"key":"Gambling Chip"},{"floor":23,"key":"Dream Catcher"},{"floor":26,"key":"Pear"},{"floor":29,"key":"Orichalcum"},{"floor":31,"key":"Tiny Chest"},{"floor":42,"key":"Singing Bowl"},{"floor":44,"key":"Ice Cream"}],"event_choices":[{"damage_healed":0,"gold_gain":175,"player_choice":"AGREE","damage_taken":0,"max_hp_gain":0,"max_hp_loss":0,"event_name":"Liars Game","floor":2,"gold_loss":0,"cards_obtained":["Doubt"]},{"cards_removed":["Strike_B"],"damage_healed":0,"gold_gain":0,"player_choice":"Card Removal","damage_taken":0,"max_hp_gain":0,"max_hp_loss":0,"event_name":"The Cleric","floor":3,"gold_loss":50},{"damage_healed":0,"gold_gain":0,"player_choice":"Entered Light","damage_taken":15,"max_hp_gain":0,"max_hp_loss":0,"event_name":"Shining Light","floor":4,"gold_loss":0,"cards_upgraded":["Strike_B","Defend_B"]},{"damage_healed":0,"gold_gain":0,"cards_transformed":["Strike_B"],"player_choice":"Transformed","damage_taken":0,"max_hp_gain":0,"max_hp_loss":0,"event_name":"Transmorgrifier","floor":5,"gold_loss":0,"cards_obtained":["Amplify"]},{"damage_healed":0,"gold_gain":0,"cards_transformed":["Strike_B","Defend_B"],"player_choice":"Became Test Subject","damage_taken":0,"max_hp_gain":0,"max_hp_loss":0,"event_name":"Drug Dealer","floor":20,"gold_loss":0,"cards_obtained":["Auto Shields","Machine Learning"]},{"damage_healed":0,"gold_gain":0,"player_choice":"Max HP","damage_taken":0,"max_hp_gain":0,"max_hp_loss":4,"event_name":"Winding Halls","floor":37,"gold_loss":0},{"damage_healed":0,"gold_gain":0,"player_choice":"Paid","damage_taken":0,"relics_obtained":["Red Mask"],"max_hp_gain":0,"max_hp_loss":0,"event_name":"Tomb of Lord Red Mask","floor":39,"gold_loss":22}],"is_beta":true,"boss_relics":[{"not_picked":["Pandora\u0027s Box","Tiny House"],"picked":"Philosopher\u0027s Stone"},{"not_picked":["Nuclear Battery","Cursed Key"],"picked":"FrozenCore"}],"items_purged_floors":[19],"is_endless":false,"potions_floor_spawned":[7,8,10,14,16,23,28,38,42,46],"killed_by":"Reptomancer","ascension_level":3}