{"gold_per_floor":[114,41,57,67,87,87,116,116,141,154,181,18,18,28,28,129,129,140,140,140,140,153,153,164,182,182,182,192,192,117,117,117,222,222,236,0,26,26,42,42,69,69,69,69,69,80,180,196,196,196,196,196,10,38,38],"floor_reached":55,"playtime":2720,"items_purged":["Storm"],"score":655,"play_id":"0816ca36-fbc8-4476-8928-51fa25e0477d","local_time":"20191016164431","is_ascension_mode":false,"campfire_choices":[{"data":"Zap","floor":6,"key":"SMITH"},{"data":"Go for the Eyes","floor":8,"key":"SMITH"},{"floor":15,"key":"REST"},{"data":"Lockon","floor":23,"key":"SMITH"},{"floor":27,"key":"REST"},{"floor":32,"key":"REST"},{"data":"Rainbow","floor":40,"key":"SMITH"},{"data":"Reinforced Body","floor":42,"key":"SMITH"},{"floor":45,"key":"RECALL"},{"floor":49,"key":"REST"},{"data":"Hyperbeam","floor":52,"key":"SMITH"}],"neow_cost":"NONE","seed_source_timestamp":425582795065200,"circlet_count":0,"master_deck":["Strike_B","Strike_B","Strike_B","Defend_B","Defend_B","Defend_B","Defend_B","Zap+1","Dualcast","Go for the Eyes+1","Lockon+1","Leap","Steam","Cold Snap","Thunder Strike+1","Ball Lightning","Hyperbeam+1","Gash+1","Glacier","Conserve Battery","Reinforced Body+1","Scrape","Melter","Rainbow+1","Hologram+1","Vigilance","Self Repair","Steam","Redo+1","Gash+1","Sunder+1","Loop","Double Energy"],"relics":["Cracked Core","Vajra","Orichalcum","DataDisk","Dodecahedron","SacredBark","Lizard Tail","Shuriken","Enchiridion","Velvet Choker","Red Mask","Bronze Scales","Bottled Tornado","Torii","Bag of Marbles"],"potions_floor_usage":[16,16,16,24,33,33,50,50,54],"damage_taken":[{"damage":3,"enemies":"Small Slimes","floor":1,"turns":3},{"damage":0,"enemies":"Cultist","floor":3,"turns":2},{"damage":3,"enemies":"Jaw Worm","floor":4,"turns":2},{"damage":3,"enemies":"Red Slaver","floor":5,"turns":3},{"damage":28,"enemies":"3 Sentries","floor":7,"turns":6},{"damage":3,"enemies":"Exordium Wildlife","floor":10,"turns":3},{"damage":6,"enemies":"Lagavulin","floor":11,"turns":6},{"damage":1,"enemies":"Looter","floor":14,"turns":2},{"damage":21,"enemies":"The Guardian","floor":16,"turns":8},{"damage":19,"enemies":"Spheric Guardian","floor":18,"turns":4},{"damage":4,"enemies":"Shell Parasite","floor":22,"turns":6},{"damage":23,"enemies":"3 Cultists","floor":24,"turns":6},{"damage":7,"enemies":"Cultist and Chosen","floor":25,"turns":7},{"damage":22,"enemies":"Centurion and Healer","floor":28,"turns":10},{"damage":25,"enemies":"Collector","floor":33,"turns":9},{"damage":8,"enemies":"3 Darklings","floor":35,"turns":3},{"damage":0,"enemies":"3 Shapes","floor":39,"turns":1},{"damage":90,"enemies":"Nemesis","floor":41,"turns":9},{"damage":4,"enemies":"Writhing Mass","floor":46,"turns":8},{"damage":3,"enemies":"Mind Bloom Boss Battle","floor":47,"turns":7},{"damage":18,"enemies":"Transient","floor":48,"turns":5},{"damage":48,"enemies":"Donu and Deca","floor":50,"turns":11},{"damage":64,"enemies":"Shield and Spear","floor":54,"turns":8},{"damage":11,"enemies":"The Heart","floor":55,"turns":3}],"seed_played":"-4696299038260790582","potions_obtained":[{"floor":3,"key":"Block Potion"},{"floor":10,"key":"Dexterity Potion"},{"floor":11,"key":"PotionOfCapacity"},{"floor":16,"key":"Dexterity Potion"},{"floor":22,"key":"SpeedPotion"},{"floor":24,"key":"FocusPotion"},{"floor":25,"key":"Weak Potion"},{"floor":41,"key":"Explosive Potion"},{"floor":46,"key":"Block Potion"}],"is_trial":false,"path_per_floor":["M","?","M","M","M","R","E","R","T","M","E","$","?","M","R","B",null,"M","$","?","T","M","R","M","M","T","R","M","?","?","$","R","B",null,"M","?","T","?","M","R","E","R","T","$","R","M","?","M","R","B",null,"R","$","E","B"],"character_chosen":"DEFECT","items_purchased":["Thunder Strike","Loop","Double Energy"],"campfire_rested":4,"item_purchase_floors":[12,53,53],"current_hp_per_floor":[79,79,79,76,73,73,45,45,45,42,36,36,36,35,59,38,82,63,63,63,63,59,59,36,29,29,53,31,15,15,15,39,14,82,74,74,74,74,74,74,48,48,48,48,48,51,55,44,68,27,82,82,82,25,14],"gold":38,"neow_bonus":"TEN_PERCENT_HP_BONUS","is_prod":false,"is_daily":false,"chose_seed":false,"campfire_upgraded":6,"win_rate":0,"timestamp":1571233471,"path_taken":["M","?","M","M","?","R","E","R","T","M","E","$","?","M","R","BOSS","M","$","?","?","M","R","M","?","T","R","M","?","?","$","R","BOSS","M","?","?","?","?","R","E","R","T","$","R","M","?","M","R","BOSS","R","$","E","BOSS"],"build_version":"2019-10-15","purchased_purges":1,"victory":false,"max_hp_per_floor":[82,82,82,82,82,82,82,82,82,82,82,82,82,82,82,82,82,82,82,82,82,82,82,82,82,82,82,82,82,82,82,82,82,82,82,82,82,82,82,82,82,82,82,82,82,82,82,82,82,82,82,82,82,82,82],"card_choices":[{"not_picked":["Auto Shields","Blizzard"],"picked":"Go for the Eyes","floor":1},{"not_picked":["Cold Snap","Go for the Eyes"],"picked":"Lockon","floor":3},{"not_picked":["Reprogram","Rebound"],"picked":"Leap","floor":4},{"not_picked":["Redo","Rebound"],"picked":"Steam","floor":5},{"not_picked":["Barrage","Go for the Eyes"],"picked":"Storm","floor":7},{"not_picked":["Compile Driver","Redo"],"picked":"Cold Snap","floor":10},{"not_picked":["Undo","Stack"],"picked":"Meteor Strike","floor":11},{"not_picked":["Sweeping Beam","Beam Cell"],"picked":"Ball Lightning","floor":14},{"not_picked":["Amplify","Thunder Strike"],"picked":"Hyperbeam","floor":16},{"not_picked":["Darkness","Compile Driver"],"picked":"Gash+1","floor":18},{"not_picked":["BootSequence","Stack"],"picked":"Conserve Battery","floor":22},{"not_picked":["Stack","Recycle"],"picked":"Reinforced Body","floor":24},{"not_picked":["Go for the Eyes","Compile Driver"],"picked":"Scrape","floor":25},{"not_picked":["Auto Shields","Compile Driver"],"picked":"Melter","floor":28},{"not_picked":["Machine Learning","Hyperbeam"],"picked":"Rainbow","floor":33},{"not_picked":["Redo+1","Blizzard+1"],"picked":"Hologram+1","floor":35},{"not_picked":["Genetic Algorithm","Beam Cell"],"picked":"Self Repair","floor":39},{"not_picked":["Darkness","Turbo"],"picked":"Steam","floor":41},{"not_picked":["Stack+1","Ball Lightning"],"picked":"Redo+1","floor":46},{"not_picked":["Streamline","Reinforced Body+1"],"picked":"Gash+1","floor":47},{"not_picked":["Streamline+1","Steam"],"picked":"Sunder+1","floor":48},{"not_picked":["Rip and Tear","Cold Snap","Rebound"],"picked":"SKIP","floor":54}],"player_experience":484340,"relics_obtained":[{"floor":7,"key":"Orichalcum"},{"floor":9,"key":"DataDisk"},{"floor":11,"key":"Dodecahedron"},{"floor":21,"key":"Lizard Tail"},{"floor":26,"key":"Shuriken"},{"floor":29,"key":"Enchiridion"},{"floor":37,"key":"Bronze Scales"},{"floor":41,"key":"Bottled Tornado"},{"floor":47,"key":"Torii"},{"floor":54,"key":"Bag of Marbles"}],"event_choices":[{"damage_healed":0,"gold_gain":0,"player_choice":"Paid Gold","damage_taken":0,"relics_obtained":["Vajra"],"max_hp_gain":0,"max_hp_loss":0,"event_name":"WeMeetAgain","floor":2,"gold_loss":73},{"damage_healed":0,"gold_gain":0,"player_choice":"Upgraded","damage_taken":0,"max_hp_gain":0,"max_hp_loss":0,"event_name":"Upgrade Shrine","floor":13,"gold_loss":0,"cards_upgraded":["Thunder Strike"]},{"damage_healed":0,"gold_gain":0,"player_choice":"Read","damage_taken":0,"max_hp_gain":0,"max_hp_loss":0,"event_name":"The Library","floor":20,"gold_loss":0,"cards_obtained":["Glacier"]},{"damage_healed":0,"gold_gain":0,"player_choice":"Obtained Book","damage_taken":16,"max_hp_gain":0,"max_hp_loss":0,"event_name":"Cursed Tome","floor":29,"gold_loss":0},{"cards_removed":["Strike_B"],"damage_healed":0,"gold_gain":0,"player_choice":"Gave Gold","damage_taken":0,"max_hp_gain":0,"max_hp_loss":0,"event_name":"Beggar","floor":30,"gold_loss":75},{"damage_healed":0,"gold_gain":0,"player_choice":"Paid","damage_taken":0,"relics_obtained":["Red Mask"],"max_hp_gain":0,"max_hp_loss":0,"event_name":"Tomb of Lord Red Mask","floor":36,"gold_loss":236},{"cards_removed":["Meteor Strike"],"damage_healed":0,"gold_gain":0,"player_choice":"Took Card","damage_taken":0,"max_hp_gain":0,"max_hp_loss":0,"event_name":"NoteForYourself","floor":38,"gold_loss":0,"cards_obtained":["Vigilance"]},{"damage_healed":0,"gold_gain":0,"player_choice":"Fight","damage_taken":0,"max_hp_gain":0,"max_hp_loss":0,"event_name":"MindBloom","floor":47,"gold_loss":0}],"is_beta":true,"boss_relics":[{"not_picked":["Calling Bell","Fusion Hammer"],"picked":"SacredBark"},{"not_picked":["Philosopher\u0027s Stone","Coffee Dripper"],"picked":"Velvet Choker"}],"items_purged_floors":[53],"is_endless":false,"potions_floor_spawned":[3,10,11,14,16,22,24,25,41,46,48],"killed_by":"The Heart","ascension_level":0}