{"gold_per_floor":[116,133,146,160,177,177,194,194,241,241,241,75,100,110,110,185,185,201,215,229,229,243,243,243],"floor_reached":24,"playtime":1097,"items_purged":[],"score":443,"play_id":"15a06812-5ec1-44f0-bac4-dd02b3cb2106","local_time":"20190502012646","is_ascension_mode":true,"campfire_choices":[{"data":"Whirlwind","floor":6.0,"key":"SMITH"},{"floor":8.0,"key":"REST"},{"floor":10.0,"key":"REST"},{"floor":15.0,"key":"DIG"},{"floor":23,"key":"DIG"}],"neow_cost":"NONE","seed_source_timestamp":912991437973442,"circlet_count":0,"master_deck":["AscendersBane","Strike_R","Strike_R","Strike_R","Defend_R","Defend_R","Defend_R","Defend_R","Bash","Disarm","Uppercut","Whirlwind+1","Disarm","Limit Break","Clothesline","Barricade","Shrug It Off","Reaper","Battle Trance"],"special_seed":0,"relics":["Burning Blood","NeowsBlessing","Ancient Tea Set","Anchor","Shovel","Ornamental Fan","Cursed Key","Pen Nib"],"potions_floor_usage":[22,24,24],"damage_taken":[{"damage":0.0,"enemies":"Small Slimes","floor":1.0,"turns":1.0},{"damage":0.0,"enemies":"Cultist","floor":2.0,"turns":1.0},{"damage":0.0,"enemies":"2 Louse","floor":3.0,"turns":1.0},{"damage":0.0,"enemies":"Gremlin Gang","floor":4.0,"turns":1.0},{"damage":44.0,"enemies":"Large Slime","floor":5.0,"turns":5.0},{"damage":26.0,"enemies":"Exordium Wildlife","floor":7.0,"turns":4.0},{"damage":0.0,"enemies":"3 Sentries","floor":13.0,"turns":1.0},{"damage":14.0,"enemies":"Exordium Thugs","floor":14.0,"turns":4.0},{"damage":15.0,"enemies":"The Guardian","floor":16.0,"turns":10.0},{"damage":0.0,"enemies":"3 Byrds","floor":18.0,"turns":4.0},{"damage":28.0,"enemies":"Shell Parasite","floor":19.0,"turns":10.0},{"damage":9.0,"enemies":"Centurion and Healer","floor":20.0,"turns":3.0},{"damage":20,"enemies":"Cultist and Chosen","floor":22,"turns":8},{"damage":69,"enemies":"Slavers","floor":24,"turns":4}],"seed_played":"-854506009482582248","potions_obtained":[{"floor":1.0,"key":"PowerPotion"},{"floor":4.0,"key":"Strength Potion"},{"floor":14.0,"key":"PowerPotion"},{"floor":18.0,"key":"SteroidPotion"},{"floor":22,"key":"EntropicBrew"}],"is_trial":false,"path_per_floor":["M","M","M","M","M","R","M","R","T","R","?","$","E","M","R","B",null,"M","M","M","?","M","R","E"],"character_chosen":"IRONCLAD","items_purchased":["Anchor"],"campfire_rested":2,"item_purchase_floors":[12],"current_hp_per_floor":[74,75,75,75,37,37,17,39,39,61,61,61,67,59,59,50,69,75,59,65,65,55,55,0],"gold":243,"neow_bonus":"THREE_ENEMY_KILL","is_prod":false,"is_daily":false,"chose_seed":false,"campfire_upgraded":1,"win_rate":0,"timestamp":1556778406,"path_taken":["M","M","M","M","M","R","M","R","T","R","?","?","E","?","R","BOSS","M","M","?","?","?","R","E"],"build_version":"2019-01-23","purchased_purges":0,"victory":false,"max_hp_per_floor":[75,75,75,75,75,75,75,75,75,75,75,75,75,75,75,75,75,75,75,75,75,75,75,75],"card_choices":[{"not_picked":["Dual Wield","Flex"],"picked":"Disarm","floor":1.0},{"not_picked":["Bloodletting","Flex"],"picked":"Uppercut","floor":2.0},{"not_picked":["Body Slam","Infernal Blade"],"picked":"Whirlwind","floor":3.0},{"not_picked":["Perfected Strike","Anger"],"picked":"Disarm","floor":4.0},{"not_picked":["Blood for Blood","Wild Strike"],"picked":"Limit Break","floor":5.0},{"not_picked":["Body Slam","Anger"],"picked":"Clothesline","floor":7.0},{"not_picked":["Dual Wield","Burning Pact","Infernal Blade"],"picked":"SKIP","floor":13.0},{"not_picked":["True Grit","Anger"],"picked":"Shrug It Off","floor":14.0},{"not_picked":["Exhume","Double Tap"],"picked":"Reaper","floor":16.0},{"not_picked":["Havoc","Dual Wield","Power Through"],"picked":"SKIP","floor":18.0},{"not_picked":["Twin Strike","Perfected Strike"],"picked":"Battle Trance","floor":19.0},{"not_picked":["Cleave","Perfected Strike","Havoc"],"picked":"SKIP","floor":20.0},{"not_picked":["Whirlwind","Uppercut","Cleave"],"picked":"SKIP","floor":22}],"player_experience":589400,"relics_obtained":[{"floor":9.0,"key":"Ancient Tea Set"},{"floor":13.0,"key":"Shovel"},{"floor":15.0,"key":"Ornamental Fan"},{"floor":23,"key":"Pen Nib"}],"event_choices":[{"damage_healed":0.0,"max_hp_gain":0.0,"max_hp_loss":0.0,"gold_gain":0.0,"cards_transformed":["Strike_R"],"event_name":"Transmorgrifier","player_choice":"Transformed","floor":11.0,"gold_loss":0.0,"damage_taken":0.0,"cards_obtained":["Barricade"]},{"cards_removed":["Strike_R"],"damage_healed":0.0,"max_hp_gain":0.0,"max_hp_loss":0.0,"gold_gain":0.0,"event_name":"Purifier","player_choice":"Purged","floor":21.0,"gold_loss":0.0,"damage_taken":0.0}],"is_beta":false,"boss_relics":[{"not_picked":["Mark of Pain","Ectoplasm"],"picked":"Cursed Key"}],"items_purged_floors":[],"is_endless":false,"potions_floor_spawned":[1,4,5,14,18,22],"killed_by":"Slavers","ascension_level":19}