{"gold_per_floor":[117,117,117,130,199,199,249,264,264,264,163,163,191,23,23,120,170,184,434,452,284,348,348,398,177,177,177,207,257,317,367,367,471,471,490,640,650,146,158,158,184,199,199,231,242,273,323,132,132,132,132,132,94,126,126],"floor_reached":56,"playtime":4247,"items_purged":["Defend_B","Strike_B","Writhe"],"score":1226,"play_id":"d053e591-28e9-42fd-8cc5-b0ea18c3aaaa","local_time":"20190506012412","is_ascension_mode":false,"campfire_choices":[{"data":"Defragment","floor":6.0,"key":"SMITH"},{"data":"Zap","floor":10.0,"key":"SMITH"},{"data":"Dualcast","floor":12.0,"key":"SMITH"},{"data":"Self Repair","floor":15.0,"key":"SMITH"},{"data":"Core Surge","floor":23.0,"key":"SMITH"},{"floor":27.0,"key":"REST"},{"data":"Defragment","floor":32.0,"key":"SMITH"},{"data":"Creative AI","floor":40.0,"key":"SMITH"},{"floor":49.0,"key":"RECALL"},{"data":"Echo Form","floor":52.0,"key":"SMITH"}],"neow_cost":"NONE","seed_source_timestamp":1255000065194541,"circlet_count":0,"master_deck":["Strike_B","Strike_B","Defend_B","Defend_B","Zap+1","Dualcast+1","Undo","Leap","Defragment+1","Self Repair+1","Auto Shields+1","Leap","Core Surge+1","FTL","Darkness+1","Cold Snap","Defragment+1","Coolheaded","Darkness+1","Creative AI+1","BootSequence+1","Coolheaded","Ball Lightning","Capacitor","Capacitor+1","Storm+1","Echo Form+1","Glacier","Reboot","Self Repair","Defragment","Tempest+1"],"special_seed":0,"relics":["Cracked Core","Singing Bowl","SsserpentHead","Art of War","Lantern","Orichalcum","Strawberry","Tiny House","Oddly Smooth Stone","Enchiridion","Sundial","Nunchaku","Gremlin Horn","Sozu","Prayer Wheel","Vajra","Omamori","Bottled Lightning","Blue Candle","Potion Belt","Bronze Scales","Blood Vial"],"potions_floor_usage":[55],"damage_taken":[{"damage":1.0,"enemies":"Jaw Worm","floor":1.0,"turns":3.0},{"damage":0.0,"enemies":"Small Slimes","floor":4.0,"turns":2.0},{"damage":1.0,"enemies":"Cultist","floor":5.0,"turns":3.0},{"damage":3.0,"enemies":"Blue Slaver","floor":8.0,"turns":4.0},{"damage":24.0,"enemies":"Lagavulin","floor":13.0,"turns":7.0},{"damage":2.0,"enemies":"The Guardian","floor":16.0,"turns":16.0},{"damage":0.0,"enemies":"Shell Parasite","floor":18.0,"turns":8.0},{"damage":16.0,"enemies":"3 Byrds","floor":20.0,"turns":6.0},{"damage":11.0,"enemies":"3 Cultists","floor":22.0,"turns":5.0},{"damage":3.0,"enemies":"Book of Stabbing","floor":28.0,"turns":7.0},{"damage":0.0,"enemies":"Cultist and Chosen","floor":30.0,"turns":5.0},{"damage":13.0,"enemies":"Champ","floor":33.0,"turns":15.0},{"damage":3.0,"enemies":"3 Shapes","floor":35.0,"turns":4.0},{"damage":0.0,"enemies":"Mind Bloom Boss Battle","floor":36.0,"turns":9.0},{"damage":0.0,"enemies":"Orb Walker","floor":37.0,"turns":5.0},{"damage":0.0,"enemies":"Maw","floor":39.0,"turns":6.0},{"damage":8.0,"enemies":"Giant Head","floor":41.0,"turns":7.0},{"damage":19.0,"enemies":"Jaw Worm Horde","floor":42.0,"turns":3.0},{"damage":29.0,"enemies":"Nemesis","floor":44.0,"turns":5.0},{"damage":0.0,"enemies":"Transient","floor":45.0,"turns":5.0},{"damage":38.0,"enemies":"Reptomancer","floor":46.0,"turns":5.0},{"damage":16.0,"enemies":"Time Eater","floor":50.0,"turns":8.0},{"damage":38.0,"enemies":"Shield and Spear","floor":54.0,"turns":5.0},{"damage":79,"enemies":"The Heart","floor":55,"turns":8}],"seed_played":"-7473501038421472752","potions_obtained":[{"floor":13.0,"key":"Explosive Potion"},{"floor":17.0,"key":"Ancient Potion"},{"floor":18.0,"key":"PowerPotion"},{"floor":28.0,"key":"PowerPotion"},{"floor":29.0,"key":"SteroidPotion"}],"is_trial":false,"path_per_floor":["M","?","?","M","M","R","?","M","T","R","$","R","E","$","R","B",null,"M","?","M","$","M","R","?","$","T","R","E","?","M","?","R","B",null,"M","?","M","$","M","R","E","M","T","E","M","E","?","$","R","B",null,"R","$","E","B",null],"character_chosen":"DEFECT","items_purchased":["Lantern","Strawberry","Leap","Oddly Smooth Stone","Defragment","Coolheaded","Capacitor","Vajra","Omamori","Bronze Scales","Self Repair","Defragment"],"campfire_rested":1,"item_purchase_floors":[11,14,14,21,25,25,38,38,38,48,48,53],"current_hp_per_floor":[74,62,62,62,61,61,75,72,72,72,72,72,55,62,62,70,87,87,87,83,83,82,82,66,66,66,89,91,91,91,91,91,91,91,91,91,93,93,95,95,95,88,88,71,83,55,55,55,55,49,101,101,101,80,3],"gold":126,"neow_bonus":"TRANSFORM_CARD","is_prod":false,"is_daily":false,"chose_seed":false,"campfire_upgraded":8,"win_rate":0,"timestamp":1557123852,"path_taken":["M","?","?","M","?","R","?","M","T","R","?","R","E","$","R","BOSS","M","?","M","?","?","R","?","$","T","R","E","?","?","?","R","BOSS","M","?","M","$","M","R","E","M","T","E","M","E","?","$","R","BOSS","R","$","E","BOSS"],"build_version":"2019-01-23","purchased_purges":3,"victory":true,"max_hp_per_floor":[75,75,75,75,75,75,75,75,75,75,75,75,75,82,82,82,87,87,87,89,89,89,89,89,89,89,89,91,91,91,91,91,91,91,91,91,93,93,95,95,95,97,97,99,101,101,101,101,101,101,101,101,101,101,101],"card_choices":[{"not_picked":["Compile Driver","Go for the Eyes"],"picked":"Undo","floor":1.0},{"not_picked":["Scrape","Skim"],"picked":"Leap","floor":4.0},{"not_picked":["Barrage","Conserve Battery"],"picked":"Defragment","floor":5.0},{"not_picked":["All For One","Self Repair","Aggregate"],"picked":"SKIP","floor":8.0},{"not_picked":["All For One","Aggregate"],"picked":"Self Repair","floor":8.0},{"not_picked":["Aggregate","Rebound"],"picked":"Auto Shields","floor":13.0},{"not_picked":["Amplify","Hyperbeam"],"picked":"Core Surge","floor":16.0},{"not_picked":["Hello World","Turbo"],"picked":"FTL","floor":17.0},{"not_picked":["Cold Snap","Hologram"],"picked":"Darkness+1","floor":18.0},{"not_picked":["Steam Power","Turbo+1","Beam Cell+1"],"picked":"Singing Bowl","floor":20.0},{"not_picked":["Melter","Beam Cell"],"picked":"Cold Snap","floor":22.0},{"not_picked":["Sunder","Go for the Eyes","Beam Cell"],"picked":"Singing Bowl","floor":28.0},{"not_picked":["Aggregate","Blizzard"],"picked":"Darkness+1","floor":30.0},{"not_picked":["Fission","Meteor Strike"],"picked":"Creative AI","floor":33.0},{"not_picked":["Consume+1","Beam Cell"],"picked":"BootSequence+1","floor":35.0},{"not_picked":["Lockon","Cold Snap"],"picked":"Coolheaded","floor":36.0},{"not_picked":["Sweeping Beam+1","Hyperbeam"],"picked":"Ball Lightning","floor":37.0},{"not_picked":["Cold Snap+1","Stack+1","Melter+1"],"picked":"Singing Bowl","floor":37.0},{"not_picked":["Coolheaded+1","Tempest"],"picked":"Capacitor+1","floor":39.0},{"not_picked":["Genetic Algorithm+1","Stack+1","Scrape"],"picked":"Singing Bowl","floor":39.0},{"not_picked":["Steam Power+1","Aggregate+1"],"picked":"Storm+1","floor":41.0},{"not_picked":["Barrage+1","Conserve Battery"],"picked":"Echo Form","floor":42.0},{"not_picked":["Streamline+1","Go for the Eyes","Sweeping Beam+1"],"picked":"Singing Bowl","floor":42.0},{"not_picked":["Fusion+1","Recycle","Compile Driver+1"],"picked":"Singing Bowl","floor":44.0},{"not_picked":["Hologram","Barrage+1","Coolheaded"],"picked":"Singing Bowl","floor":45.0},{"not_picked":["Turbo","Cold Snap"],"picked":"Glacier","floor":45.0},{"not_picked":["Leap+1","Compile Driver+1"],"picked":"Reboot","floor":46.0},{"not_picked":["Hello World","Go for the Eyes+1"],"picked":"Tempest+1","floor":54.0}],"player_experience":608082,"relics_obtained":[{"floor":9.0,"key":"Art of War"},{"floor":13.0,"key":"Orichalcum"},{"floor":24.0,"key":"Enchiridion"},{"floor":26.0,"key":"Sundial"},{"floor":28.0,"key":"Nunchaku"},{"floor":36.0,"key":"Prayer Wheel"},{"floor":41.0,"key":"Bottled Lightning"},{"floor":44.0,"key":"Blue Candle"},{"floor":46.0,"key":"Potion Belt"},{"floor":54.0,"key":"Blood Vial"}],"event_choices":[{"damage_healed":0.0,"max_hp_gain":0.0,"max_hp_loss":0.0,"gold_gain":0.0,"event_name":"Scrap Ooze","player_choice":"Success","floor":2.0,"gold_loss":0.0,"damage_taken":12.0,"relics_obtained":["Singing Bowl"]},{"damage_healed":0.0,"max_hp_gain":0.0,"max_hp_loss":0.0,"gold_gain":0.0,"event_name":"FaceTrader","player_choice":"Trade","floor":3.0,"gold_loss":0.0,"damage_taken":0.0,"relics_obtained":["SsserpentHead"]},{"cards_removed":["Storm"],"damage_healed":14.0,"max_hp_gain":0.0,"max_hp_loss":0.0,"gold_gain":0.0,"event_name":"Bonfire Elementals","player_choice":"Offered Uncommon","floor":7.0,"gold_loss":0.0,"damage_taken":0.0},{"damage_healed":0.0,"max_hp_gain":0.0,"max_hp_loss":0.0,"gold_gain":250.0,"event_name":"The Joust","player_choice":"Bet on Owner","floor":19.0,"gold_loss":50.0,"damage_taken":0.0},{"damage_healed":0.0,"max_hp_gain":0.0,"max_hp_loss":0.0,"gold_gain":0.0,"event_name":"Cursed Tome","player_choice":"Obtained Book","floor":24.0,"gold_loss":0.0,"damage_taken":16.0},{"damage_healed":0.0,"max_hp_gain":0.0,"max_hp_loss":0.0,"gold_gain":0.0,"event_name":"Lab","player_choice":"Got Potions","floor":29.0,"gold_loss":0.0,"damage_taken":0.0},{"damage_healed":0.0,"max_hp_gain":0.0,"max_hp_loss":0.0,"gold_gain":0.0,"event_name":"The Mausoleum","player_choice":"Opened","floor":31.0,"gold_loss":0.0,"damage_taken":0.0,"relics_obtained":["Gremlin Horn"],"cards_obtained":["Writhe"]},{"damage_healed":0.0,"max_hp_gain":0.0,"max_hp_loss":0.0,"gold_gain":0.0,"event_name":"MindBloom","player_choice":"Fight","floor":36.0,"gold_loss":0.0,"damage_taken":0.0},{"cards_removed":["Strike_B"],"damage_healed":0.0,"max_hp_gain":0.0,"max_hp_loss":0.0,"gold_gain":0.0,"event_name":"Falling","player_choice":"Removed Attack","floor":47.0,"gold_loss":0.0,"damage_taken":0.0}],"is_beta":false,"boss_relics":[{"not_picked":["Runic Dome","Ectoplasm"],"picked":"Tiny House"},{"not_picked":["White Beast Statue","Astrolabe"],"picked":"Sozu"}],"items_purged_floors":[21,25,38],"is_endless":false,"potions_floor_spawned":[13,18,28,37,39,42,44,46],"ascension_level":0}