{"gold_per_floor":[116,132,132,150,19,19,31,63,89,89,89,108,127,147,147,252,252,263,111,123,123,138,138,170,170,196,121,134,134,152,187,187,187],"floor_reached":33,"playtime":2506,"items_purged":["All For One+1"],"score":434,"play_id":"7752c3b9-1334-4e9c-a469-18bc69f12ab0","local_time":"20190424155551","is_ascension_mode":true,"campfire_choices":[{"floor":6.0,"key":"REST"},{"data":"Defragment","floor":15.0,"key":"SMITH"},{"floor":23,"key":"REST"},{"floor":25,"key":"REST"},{"data":"Defragment","floor":29,"key":"SMITH"},{"floor":32,"key":"REST"}],"neow_cost":"TEN_PERCENT_HP_LOSS","seed_source_timestamp":0,"circlet_count":0,"master_deck":["AscendersBane","Strike_B","Defend_B+1","Zap","Dualcast+1","Hologram","Leap","Defragment+1","Melter","Genetic Algorithm","Ball Lightning","Glacier","Cold Snap+1","Seek+1","Redo","Defragment+1","Doom and Gloom","Coolheaded","Redo+1","FTL","Ball Lightning","Sweeping Beam"],"special_seed":0,"relics":["Cracked Core","Boot","Oddly Smooth Stone","War Paint","Astrolabe","Kunai","Orichalcum","Regal Pillow"],"potions_floor_usage":[31,31,31],"damage_taken":[{"damage":7.0,"enemies":"Small Slimes","floor":1.0,"turns":3.0},{"damage":2.0,"enemies":"Jaw Worm","floor":2.0,"turns":3.0},{"damage":1.0,"enemies":"Cultist","floor":4.0,"turns":4.0},{"damage":3.0,"enemies":"2 Fungi Beasts","floor":7.0,"turns":3.0},{"damage":28.0,"enemies":"Gremlin Nob","floor":8.0,"turns":4.0},{"damage":2.0,"enemies":"Red Slaver","floor":12.0,"turns":2.0},{"damage":13.0,"enemies":"3 Louse","floor":13.0,"turns":3.0},{"damage":5.0,"enemies":"Looter","floor":14.0,"turns":3.0},{"damage":4.0,"enemies":"The Guardian","floor":16.0,"turns":12.0},{"damage":5.0,"enemies":"Shell Parasite","floor":18.0,"turns":6.0},{"damage":2,"enemies":"Chosen","floor":20,"turns":4},{"damage":15,"enemies":"Centurion and Healer","floor":22,"turns":8},{"damage":26,"enemies":"Book of Stabbing","floor":24,"turns":5},{"damage":12,"enemies":"Snake Plant","floor":28,"turns":4},{"damage":6,"enemies":"Snecko","floor":30,"turns":4},{"damage":2,"enemies":"Slavers","floor":31,"turns":5},{"damage":74,"enemies":"Champ","floor":33,"turns":10}],"seed_played":"-1062030929332665136","potions_obtained":[{"floor":7.0,"key":"Fire Potion"},{"floor":8.0,"key":"SteroidPotion"},{"floor":12.0,"key":"GamblersBrew"},{"floor":14.0,"key":"Energy Potion"},{"floor":18.0,"key":"SpeedPotion"},{"floor":21,"key":"Explosive Potion"},{"floor":28,"key":"Energy Potion"},{"floor":31,"key":"LiquidBronze"}],"is_trial":false,"path_per_floor":["M","M","?","M","$","R","M","E","T","?","?","M","M","M","R","B",null,"M","$","M","?","M","R","E","R","T","$","M","R","M","E","R","B"],"character_chosen":"DEFECT","items_purchased":["Defragment","PowerPotion","Defragment","Doom and Gloom"],"campfire_rested":4,"item_purchase_floors":[5,5,19,19],"current_hp_per_floor":[61,59,41,40,40,60,57,29,29,51,51,49,36,31,31,27,58,53,53,51,51,36,56,30,50,50,50,38,38,32,30,65,0],"gold":187,"neow_bonus":"REMOVE_TWO","is_prod":false,"is_daily":false,"chose_seed":false,"campfire_upgraded":2,"win_rate":0,"timestamp":1556139351,"path_taken":["M","M","?","M","$","R","M","E","T","?","?","M","?","M","R","BOSS","M","$","M","?","M","R","E","R","T","$","M","R","M","E","R","BOSS"],"build_version":"2019-01-23","purchased_purges":1,"victory":false,"max_hp_per_floor":[68,68,68,68,68,68,68,68,68,68,68,68,68,68,68,68,68,68,68,68,68,68,68,68,68,68,68,68,68,68,68,68,68],"card_choices":[{"not_picked":["Steam","Go for the Eyes","Streamline"],"picked":"SKIP","floor":1.0},{"not_picked":["Beam Cell","Stack"],"picked":"Hologram","floor":2.0},{"not_picked":["Skim","Ball Lightning"],"picked":"Leap","floor":4.0},{"not_picked":["Storm","Steam Power","Genetic Algorithm"],"picked":"SKIP","floor":7.0},{"not_picked":["Undo","Turbo"],"picked":"Melter","floor":8.0},{"not_picked":["Compile Driver","Force Field"],"picked":"Ball Lightning","floor":12.0},{"not_picked":["Hologram","Steam Power","Skim"],"picked":"SKIP","floor":13.0},{"not_picked":["Auto Shields","Turbo"],"picked":"Glacier","floor":14.0},{"not_picked":["Compile Driver","Turbo"],"picked":"Redo","floor":18.0},{"not_picked":["Rip and Tear","Compile Driver"],"picked":"Coolheaded","floor":20},{"not_picked":["Hologram","Streamline"],"picked":"Redo+1","floor":22},{"not_picked":["Reboot","Redo"],"picked":"FTL","floor":24},{"not_picked":["Barrage+1","Lockon"],"picked":"Ball Lightning","floor":28},{"not_picked":["Recycle","Conserve Battery"],"picked":"Sweeping Beam","floor":30},{"not_picked":["Double Energy","Sweeping Beam","Static Discharge"],"picked":"SKIP","floor":31}],"player_experience":518887,"relics_obtained":[{"floor":8.0,"key":"Oddly Smooth Stone"},{"floor":9.0,"key":"War Paint"},{"floor":24,"key":"Kunai"},{"floor":26,"key":"Orichalcum"},{"floor":31,"key":"Regal Pillow"}],"event_choices":[{"damage_healed":0.0,"max_hp_gain":0.0,"max_hp_loss":0.0,"gold_gain":0.0,"event_name":"Scrap Ooze","player_choice":"Success","floor":3.0,"gold_loss":0.0,"damage_taken":18.0,"relics_obtained":["Boot"]},{"damage_healed":22.0,"max_hp_gain":0.0,"max_hp_loss":0.0,"gold_gain":0.0,"event_name":"Big Fish","player_choice":"Banana","floor":10.0,"gold_loss":0.0,"damage_taken":0.0},{"damage_healed":0.0,"max_hp_gain":0.0,"max_hp_loss":0.0,"gold_gain":0.0,"cards_transformed":["Strike_B"],"event_name":"Transmorgrifier","player_choice":"Transformed","floor":11.0,"gold_loss":0.0,"damage_taken":0.0,"cards_obtained":["Genetic Algorithm"]},{"damage_healed":0,"gold_gain":0,"player_choice":"Got Potions","damage_taken":0,"max_hp_gain":0,"max_hp_loss":0,"event_name":"Lab","floor":21,"gold_loss":0}],"is_beta":false,"boss_relics":[{"not_picked":["White Beast Statue","Pandora\u0027s Box"],"picked":"Astrolabe"}],"items_purged_floors":[27],"is_endless":false,"potions_floor_spawned":[7,8,12,14,18,22,28,31],"killed_by":"Champ","ascension_level":10}