{"gold_per_floor":[140,415,430,430,45,80,95,95],"floor_reached":8,"playtime":381,"items_purged":["Defend_R"],"score":95,"play_id":"8dd860a5-22b2-49a7-99bb-25eb26f2567b","local_time":"20190423164229","is_ascension_mode":true,"campfire_choices":[],"neow_cost":"NONE","seed_source_timestamp":0,"circlet_count":0,"master_deck":["AscendersBane","Strike_R","Strike_R","Strike_R","Strike_R","Strike_R","Defend_R","Defend_R","Defend_R","Bash","Whirlwind","Shrug It Off","Feel No Pain"],"special_seed":0,"relics":["Burning Blood","Tiny Chest","Magic Flower","Dream Catcher"],"potions_floor_usage":[8],"damage_taken":[{"damage":15.0,"enemies":"2 Louse","floor":1.0,"turns":3.0},{"damage":8.0,"enemies":"Cultist","floor":3.0,"turns":4.0},{"damage":65.0,"enemies":"Lagavulin","floor":6.0,"turns":7.0},{"damage":11.0,"enemies":"Jaw Worm","floor":7.0,"turns":5.0},{"damage":17,"enemies":"Red Slaver","floor":8,"turns":3}],"seed_played":"-9053427133238315519","potions_obtained":[{"floor":3.0,"key":"BloodPotion"},{"floor":6.0,"key":"Block Potion"},{"floor":7.0,"key":"Dexterity Potion"}],"is_trial":false,"path_per_floor":["M","?","M","?","$","E","M","M"],"character_chosen":"IRONCLAD","items_purchased":["Magic Flower"],"campfire_rested":0,"item_purchase_floors":[5],"current_hp_per_floor":[59,59,57,57,57,12,10,0],"gold":95,"neow_bonus":"RANDOM_COMMON_RELIC","is_prod":false,"is_daily":false,"chose_seed":false,"campfire_upgraded":0,"win_rate":0,"timestamp":1556055749,"path_taken":["M","?","?","?","$","E","M","?"],"build_version":"2019-01-23","purchased_purges":1,"victory":false,"max_hp_per_floor":[75,75,75,75,75,75,75,75],"card_choices":[{"not_picked":["True Grit","Iron Wave"],"picked":"Whirlwind","floor":1.0},{"not_picked":["Iron Wave","Headbutt"],"picked":"Shrug It Off","floor":3.0},{"not_picked":["Blood for Blood","Perfected Strike","Second Wind"],"picked":"SKIP","floor":6.0},{"not_picked":["Thunderclap","Exhume"],"picked":"Feel No Pain","floor":7.0}],"player_experience":503211,"relics_obtained":[{"floor":6.0,"key":"Dream Catcher"}],"event_choices":[{"damage_healed":0.0,"max_hp_gain":0.0,"max_hp_loss":0.0,"gold_gain":275.0,"event_name":"Golden Shrine","player_choice":"Desecrate","floor":2.0,"gold_loss":0.0,"damage_taken":0.0,"cards_obtained":["Regret"]},{"cards_removed":["Regret"],"damage_healed":0.0,"max_hp_gain":0.0,"max_hp_loss":0.0,"gold_gain":0.0,"event_name":"Fountain of Cleansing","player_choice":"Removed Curses","floor":4.0,"gold_loss":0.0,"damage_taken":0.0}],"is_beta":false,"boss_relics":[],"items_purged_floors":[5],"is_endless":false,"potions_floor_spawned":[3,6,7],"killed_by":"Red Slaver","ascension_level":14}