{"gold_per_floor":[110,127,138,138,138,138,138,138,138,138,151,151,151,151,151,244,244,259,259,279,279,295,295,320,320,347,347,347,365,383,363,363,363],"floor_reached":33,"playtime":1873,"items_purged":[],"score":483,"play_id":"818c5623-f9a8-4b1f-ba94-fd9ba4ac50e3","local_time":"20190505231953","is_ascension_mode":true,"campfire_choices":[{"floor":6.0,"key":"REST"},{"floor":8.0,"key":"REST"},{"data":"Dual Wield","floor":10.0,"key":"SMITH"},{"data":"Searing Blow","floor":12.0,"key":"SMITH"},{"floor":15.0,"key":"REST"},{"data":"Searing Blow+1","floor":23,"key":"SMITH"},{"floor":25,"key":"REST"},{"floor":27,"key":"REST"},{"floor":32,"key":"REST"}],"neow_cost":"NONE","seed_source_timestamp":1250133016453174,"circlet_count":0,"master_deck":["AscendersBane","Strike_R+1","Strike_R+1","Strike_R+1","Strike_R+1","Strike_R+1","Defend_R+1","Defend_R+1","Defend_R+1","Defend_R+1","Bash","Dual Wield+1","Searing Blow+2","Feed","Warcry","Shrug It Off","Battle Trance","Offering"],"special_seed":0,"relics":["Snecko Eye","Golden Idol","Bronze Scales","Happy Flower","Sozu","Nloth\u0027s Gift","Smiling Mask"],"potions_floor_usage":[22],"damage_taken":[{"damage":0.0,"enemies":"2 Louse","floor":1.0,"turns":2.0},{"damage":7.0,"enemies":"Small Slimes","floor":2.0,"turns":4.0},{"damage":7.0,"enemies":"Cultist","floor":3.0,"turns":4.0},{"damage":8.0,"enemies":"3 Louse","floor":11.0,"turns":3.0},{"damage":57.0,"enemies":"Hexaghost","floor":16.0,"turns":9.0},{"damage":20.0,"enemies":"2 Thieves","floor":18.0,"turns":3.0},{"damage":0.0,"enemies":"Chosen","floor":20.0,"turns":3.0},{"damage":7,"enemies":"3 Cultists","floor":22,"turns":4},{"damage":24,"enemies":"Centurion and Healer","floor":24,"turns":4},{"damage":0,"enemies":"Chosen and Byrds","floor":29,"turns":3},{"damage":8,"enemies":"Snecko","floor":30,"turns":3},{"damage":99,"enemies":"Champ","floor":33,"turns":7}],"seed_played":"8808068969468735587","potions_obtained":[{"floor":1.0,"key":"Fire Potion"},{"floor":11.0,"key":"GamblersBrew"}],"is_trial":false,"path_per_floor":["M","M","M","$","?","R","?","R","T","R","M","R","?","T","R","B",null,"M","?","M","?","M","R","M","R","T","R","?","M","M","?","R","B"],"character_chosen":"IRONCLAD","items_purchased":[],"campfire_rested":6,"item_purchase_floors":[],"current_hp_per_floor":[68,61,54,54,31,53,27,49,49,49,41,41,41,41,63,6,58,41,41,44,44,40,40,22,49,49,76,76,79,74,74,96,0],"gold":363,"neow_bonus":"BOSS_RELIC","is_prod":false,"is_daily":false,"chose_seed":false,"campfire_upgraded":3,"win_rate":0,"timestamp":1557116393,"path_taken":["M","M","M","$","?","R","?","R","T","R","M","R","?","?","R","BOSS","M","?","M","?","M","R","?","R","T","R","?","M","M","?","R","BOSS"],"build_version":"2019-01-23","purchased_purges":0,"victory":false,"max_hp_per_floor":[75,75,75,75,75,75,75,75,75,75,75,75,75,75,75,75,75,78,78,81,81,84,84,90,90,90,90,90,93,96,96,96,96],"card_choices":[{"not_picked":["Iron Wave","Flex","Clash"],"picked":"SKIP","floor":1.0},{"not_picked":["Twin Strike","Rage"],"picked":"Dual Wield","floor":2.0},{"not_picked":["Warcry","Sever Soul","Anger"],"picked":"SKIP","floor":3.0},{"not_picked":["Anger","Searing Blow","Twin Strike"],"picked":"SKIP","floor":11.0},{"not_picked":["Anger","Twin Strike"],"picked":"Searing Blow","floor":11.0},{"not_picked":["Offering","Exhume"],"picked":"Feed","floor":16.0},{"not_picked":["Sentinel+1","Armaments"],"picked":"Warcry","floor":18.0},{"not_picked":["Twin Strike","Flex","True Grit"],"picked":"SKIP","floor":20.0},{"not_picked":["Spot Weakness","Whirlwind"],"picked":"Shrug It Off","floor":22},{"not_picked":["Perfected Strike","Headbutt+1"],"picked":"Battle Trance","floor":24},{"not_picked":["Dropkick","Flex"],"picked":"Offering","floor":29},{"not_picked":["Heavy Blade","True Grit","Havoc"],"picked":"SKIP","floor":30}],"player_experience":603719,"relics_obtained":[{"floor":9.0,"key":"Bronze Scales"},{"floor":14.0,"key":"Happy Flower"},{"floor":26,"key":"Smiling Mask"}],"event_choices":[{"damage_healed":0.0,"max_hp_gain":0.0,"max_hp_loss":0.0,"gold_gain":0.0,"event_name":"Shining Light","player_choice":"Entered Light","floor":5.0,"gold_loss":0.0,"damage_taken":23.0,"cards_upgraded":["Strike_R","Defend_R"]},{"damage_healed":0.0,"max_hp_gain":0.0,"max_hp_loss":0.0,"gold_gain":0.0,"event_name":"Golden Idol","player_choice":"Take Damage","floor":7.0,"gold_loss":0.0,"damage_taken":26.0,"relics_obtained":["Golden Idol"]},{"damage_healed":0.0,"max_hp_gain":0.0,"max_hp_loss":0.0,"gold_gain":0.0,"event_name":"Dead Adventurer","player_choice":"Searched \u00272\u0027 times","floor":13.0,"gold_loss":0.0,"damage_taken":0.0,"relics_obtained":["Mercury Hourglass"]},{"damage_healed":0.0,"max_hp_gain":0.0,"max_hp_loss":0.0,"gold_gain":0.0,"event_name":"Ghosts","player_choice":"Ignored","floor":19.0,"gold_loss":0.0,"damage_taken":0.0},{"damage_healed":0.0,"max_hp_gain":0.0,"max_hp_loss":0.0,"gold_gain":0.0,"event_name":"N\u0027loth","player_choice":"Traded Relic","floor":21.0,"relics_lost":["Mercury Hourglass"],"gold_loss":0.0,"damage_taken":0.0,"relics_obtained":["Nloth\u0027s Gift"]},{"damage_healed":0,"gold_gain":0,"player_choice":"Simplicity","damage_taken":0,"max_hp_gain":0,"max_hp_loss":0,"event_name":"Back to Basics","floor":28,"gold_loss":0,"cards_upgraded":["Strike_R","Strike_R","Strike_R","Strike_R","Defend_R","Defend_R","Defend_R"]},{"damage_healed":0,"gold_gain":0,"player_choice":"Bought 1 Potion","damage_taken":0,"max_hp_gain":0,"max_hp_loss":0,"event_name":"The Woman in Blue","floor":31,"gold_loss":0}],"is_beta":false,"boss_relics":[{"not_picked":["Ectoplasm","White Beast Statue"],"picked":"Sozu"}],"items_purged_floors":[],"is_endless":false,"potions_floor_spawned":[1,11,18,22,24],"killed_by":"Champ","ascension_level":19}