{"gold_per_floor":[109,109,129,144,144,144,162,162,162,53,89,109,181,202,202,321,321,337,360,380,396,415,429,429,442,492,417,436,436,46,65,65,65],"floor_reached":33,"playtime":1157,"items_purged":["Bash"],"score":278,"play_id":"8a7faabe-00f2-47cc-92f5-16ecc092c22b","local_time":"20190601120452","is_ascension_mode":false,"campfire_choices":[{"data":"Perfected Strike","floor":6,"key":"SMITH"},{"floor":8,"key":"REST"},{"data":"Uppercut","floor":15,"key":"SMITH"},{"data":"Perfected Strike","floor":24,"key":"SMITH"},{"floor":29,"key":"REST"},{"floor":32,"key":"REST"}],"neow_cost":"NONE","seed_source_timestamp":694052476558800,"circlet_count":0,"master_deck":["Strike_R","Strike_R","Strike_R","Strike_R","Strike_R","Defend_R","Defend_R","Defend_R","Perfected Strike+1","Uppercut+1","Warcry","Wild Strike","Evolve","Wild Strike","Pommel Strike","Warcry+1","Limit Break+1","Pommel Strike","Flex+1","Perfected Strike+1","Shrug It Off+1","Disarm+1","Headbutt","Perfected Strike","Battle Trance+1","Dual Wield+1","Perfected Strike+1","Havoc+1","Metallicize","Infernal Blade+1"],"relics":["Burning Blood","NeowsBlessing","Golden Idol","Vajra","Toxic Egg 2","Letter Opener","Orrery","Bronze Scales","PrismaticShard","Boot"],"potions_floor_usage":[16,16,16,25,28,33,33],"damage_taken":[{"damage":0,"enemies":"2 Louse","floor":1,"turns":1},{"damage":0,"enemies":"Cultist","floor":3,"turns":1},{"damage":0,"enemies":"Jaw Worm","floor":4,"turns":1},{"damage":11,"enemies":"Exordium Wildlife","floor":7,"turns":4},{"damage":26,"enemies":"Lagavulin","floor":11,"turns":6},{"damage":9,"enemies":"Red Slaver","floor":12,"turns":3},{"damage":3,"enemies":"2 Fungi Beasts","floor":14,"turns":3},{"damage":43,"enemies":"The Guardian","floor":16,"turns":8},{"damage":6,"enemies":"Chosen","floor":18,"turns":3},{"damage":21,"enemies":"2 Thieves","floor":20,"turns":4},{"damage":30,"enemies":"Sentry and Sphere","floor":21,"turns":4},{"damage":7,"enemies":"Snecko","floor":22,"turns":4},{"damage":21,"enemies":"Centurion and Healer","floor":23,"turns":6},{"damage":10,"enemies":"Chosen and Byrds","floor":25,"turns":4},{"damage":10,"enemies":"Cultist and Chosen","floor":28,"turns":3},{"damage":10,"enemies":"Snake Plant","floor":31,"turns":2},{"damage":46,"enemies":"Champ","floor":33,"turns":11}],"seed_played":"2104363848370306042","potions_obtained":[{"floor":1,"key":"EssenceOfSteel"},{"floor":12,"key":"AttackPotion"},{"floor":14,"key":"Poison Potion"},{"floor":18,"key":"LiquidBronze"},{"floor":22,"key":"GamblersBrew"},{"floor":23,"key":"Strength Potion"},{"floor":31,"key":"SpeedPotion"}],"is_trial":false,"path_per_floor":["M","?","M","M","?","R","M","R","T","$","E","M","T","M","R","B",null,"M","T","M","M","M","M","R","M","T","?","M","R","$","M","R","B"],"character_chosen":"IRONCLAD","items_purchased":["Evolve","PrismaticShard","Metallicize","Boot"],"campfire_rested":3,"item_purchase_floors":[10,30,30,30],"current_hp_per_floor":[80,80,80,80,60,60,55,79,79,79,59,56,56,59,59,22,80,80,80,65,41,40,25,25,21,21,21,17,41,41,37,61,15],"gold":65,"neow_bonus":"THREE_ENEMY_KILL","is_prod":false,"is_daily":false,"chose_seed":false,"campfire_upgraded":3,"win_rate":0,"timestamp":1559379892,"path_taken":["M","?","?","M","?","R","M","R","T","$","E","M","?","M","R","BOSS","M","?","M","M","M","M","R","M","T","?","M","R","$","M","R","BOSS"],"build_version":"2019-05-31","purchased_purges":1,"victory":false,"max_hp_per_floor":[80,80,80,80,80,80,80,80,80,80,80,80,80,80,80,80,80,80,80,80,80,80,80,80,80,80,80,80,80,80,80,80,80],"card_choices":[{"not_picked":["Sword Boomerang","Clash"],"picked":"Perfected Strike","floor":1},{"not_picked":["Second Wind","Body Slam"],"picked":"Uppercut","floor":3},{"not_picked":["Hemokinesis","Bludgeon"],"picked":"Warcry","floor":4},{"not_picked":["Uppercut","Rampage"],"picked":"Wild Strike","floor":7},{"not_picked":["Warcry","Blood for Blood"],"picked":"Wild Strike","floor":11},{"not_picked":["Headbutt","Disarm+1"],"picked":"Pommel Strike","floor":12},{"not_picked":["Cleave","Corruption"],"picked":"Warcry+1","floor":14},{"not_picked":["Offering+1","Bludgeon"],"picked":"Limit Break+1","floor":16},{"not_picked":["Sword Boomerang","Thunderclap"],"picked":"Pommel Strike","floor":17},{"not_picked":["Cleave","Fire Breathing"],"picked":"Flex+1","floor":17},{"not_picked":["Flex+1","Sentinel+1"],"picked":"Perfected Strike","floor":17},{"not_picked":["Reaper","Havoc+1"],"picked":"Shrug It Off+1","floor":17},{"not_picked":["Seeing Red+1","Clothesline"],"picked":"Disarm+1","floor":18},{"not_picked":["Whirlwind","Ghostly Armor+1"],"picked":"Headbutt","floor":20},{"not_picked":["Shrug It Off+1","Clothesline"],"picked":"Perfected Strike","floor":21},{"not_picked":["Metallicize","Uppercut"],"picked":"Battle Trance+1","floor":22},{"not_picked":["Inflame","Rupture"],"picked":"Dual Wield+1","floor":23},{"not_picked":["Searing Blow+1","Body Slam"],"picked":"Perfected Strike+1","floor":25},{"not_picked":["Clash","Ghostly Armor+1"],"picked":"Havoc+1","floor":28},{"not_picked":["Hologram+1","Redo+1"],"picked":"Infernal Blade+1","floor":31}],"player_experience":423479,"relics_obtained":[{"floor":9,"key":"Vajra"},{"floor":11,"key":"Toxic Egg 2"},{"floor":13,"key":"Letter Opener"},{"floor":26,"key":"Bronze Scales"}],"event_choices":[{"damage_healed":0,"gold_gain":0,"player_choice":"Ignored","damage_taken":0,"max_hp_gain":0,"max_hp_loss":0,"event_name":"Transmorgrifier","floor":2,"gold_loss":0},{"damage_healed":0,"gold_gain":0,"player_choice":"Take Damage","damage_taken":20,"relics_obtained":["Golden Idol"],"max_hp_gain":0,"max_hp_loss":0,"event_name":"Golden Idol","floor":5,"gold_loss":0},{"cards_removed":["Defend_R"],"damage_healed":0,"gold_gain":0,"player_choice":"Gave Gold","damage_taken":0,"max_hp_gain":0,"max_hp_loss":0,"event_name":"Beggar","floor":27,"gold_loss":75}],"is_beta":true,"boss_relics":[{"not_picked":["Tiny House","Empty Cage"],"picked":"Orrery"}],"items_purged_floors":[10],"is_endless":false,"potions_floor_spawned":[1,12,14,18,22,23,31],"killed_by":"Champ","ascension_level":0}