{"gold_per_floor":[118,293,303,303,313,313,329,329,329,329,340,303,303,331,331,435,435,449,49,61,61,81,81,116,116,116,116,116,216,216,234,234,234],"floor_reached":33,"playtime":2136,"items_purged":[],"score":262,"play_id":"2d6a9a37-ba44-40e9-bd96-62c3fd9dfd17","local_time":"20191018101949","is_ascension_mode":false,"campfire_choices":[{"data":"Coolheaded","floor":6,"key":"SMITH"},{"data":"Streamline","floor":8,"key":"SMITH"},{"data":"Coolheaded","floor":10,"key":"SMITH"},{"data":"Turbo","floor":13,"key":"SMITH"},{"data":"Beam Cell","floor":15,"key":"SMITH"},{"data":"Conserve Battery","floor":23,"key":"SMITH"},{"floor":25,"key":"RECALL"},{"floor":32,"key":"REST"}],"neow_cost":"NONE","seed_source_timestamp":575893614673400,"circlet_count":0,"master_deck":["Strike_B+1","Strike_B+1","Strike_B+1","Strike_B+1","Defend_B+1","Defend_B+1","Defend_B+1","Defend_B+1","Zap","Dualcast","Coolheaded+1","Conserve Battery+1","Coolheaded+1","Streamline+1","Turbo+1","Beam Cell+1","CurseOfTheBell","Barrage+1","Steam","Redo","Hologram","Hologram"],"relics":["Snecko Eye","Spirit Poop","Meat on the Bone","Ornamental Fan","Calling Bell","Orichalcum","Incense Burner","The Courier","Runic Capacitor","Bronze Scales","Oddly Smooth Stone","Art of War","Anchor","Nunchaku","Bottled Flame"],"potions_floor_usage":[16,16,22,24,33],"damage_taken":[{"damage":0,"enemies":"Cultist","floor":1,"turns":3},{"damage":7,"enemies":"2 Louse","floor":3,"turns":6},{"damage":0,"enemies":"Jaw Worm","floor":5,"turns":4},{"damage":1,"enemies":"Large Slime","floor":7,"turns":7},{"damage":0,"enemies":"Blue Slaver","floor":11,"turns":3},{"damage":5,"enemies":"3 Sentries","floor":14,"turns":8},{"damage":7,"enemies":"Slime Boss","floor":16,"turns":15},{"damage":9,"enemies":"Spheric Guardian","floor":18,"turns":6},{"damage":4,"enemies":"Shell Parasite","floor":20,"turns":6},{"damage":4,"enemies":"3 Cultists","floor":22,"turns":5},{"damage":1,"enemies":"Slavers","floor":24,"turns":4},{"damage":0,"enemies":"Colosseum Slavers","floor":29,"turns":5},{"damage":13,"enemies":"Colosseum Nobs","floor":29,"turns":5},{"damage":13,"enemies":"Snake Plant","floor":31,"turns":4},{"damage":75,"enemies":"Automaton","floor":33,"turns":14}],"seed_played":"3937578111993081436","potions_obtained":[{"floor":7,"key":"GamblersBrew"},{"floor":14,"key":"FocusPotion"},{"floor":16,"key":"PowerPotion"},{"floor":18,"key":"DistilledChaos"},{"floor":29,"key":"EssenceOfSteel"}],"is_trial":false,"path_per_floor":["M","?","M","?","M","R","M","R","T","R","M","?","R","E","R","B",null,"M","$","M","?","M","R","E","R","T","?","$","?","?","M","R","B"],"character_chosen":"DEFECT","items_purchased":["Runic Capacitor","Steam","Bronze Scales","Oddly Smooth Stone"],"campfire_rested":1,"item_purchase_floors":[19,19,19,19],"current_hp_per_floor":[75,75,68,68,68,68,67,67,67,67,67,67,67,62,62,55,75,66,66,62,62,58,58,57,57,57,57,57,44,44,43,65,0],"gold":234,"neow_bonus":"BOSS_RELIC","is_prod":false,"is_daily":false,"chose_seed":false,"campfire_upgraded":6,"win_rate":0,"timestamp":1571383189,"path_taken":["M","?","M","?","M","R","M","R","T","R","?","?","R","E","R","BOSS","M","$","M","?","M","R","E","R","T","?","?","?","?","M","R","BOSS"],"build_version":"2019-10-17","purchased_purges":0,"victory":false,"max_hp_per_floor":[75,75,75,75,75,75,75,75,75,75,75,75,75,75,75,75,75,75,75,75,75,75,75,75,75,75,75,75,75,75,75,75,75],"card_choices":[{"not_picked":["Rebound","Ball Lightning"],"picked":"Coolheaded","floor":1},{"not_picked":["Fusion","Compile Driver"],"picked":"Conserve Battery","floor":3},{"not_picked":["Barrage","Static Discharge"],"picked":"Coolheaded","floor":5},{"not_picked":["Beam Cell","Barrage"],"picked":"Streamline","floor":7},{"not_picked":["Chaos","Darkness"],"picked":"Turbo","floor":11},{"not_picked":["Rip and Tear","Coolheaded"],"picked":"Beam Cell","floor":14},{"not_picked":["Compile Driver","Streamline"],"picked":"Barrage+1","floor":18},{"not_picked":["Heatsinks","Genetic Algorithm"],"picked":"Redo","floor":20},{"not_picked":["Chaos","Barrage","Rebound"],"picked":"SKIP","floor":22},{"not_picked":["Chaos","Barrage","Rebound"],"picked":"SKIP","floor":22},{"not_picked":["Meteor Strike","Defragment","Reinforced Body"],"picked":"SKIP","floor":24},{"not_picked":["Turbo","Capacitor"],"picked":"Hologram","floor":29},{"not_picked":["Steam Power","Loop"],"picked":"Hologram","floor":31}],"player_experience":493391,"relics_obtained":[{"floor":9,"key":"Meat on the Bone"},{"floor":14,"key":"Ornamental Fan"},{"floor":17,"key":"Orichalcum"},{"floor":17,"key":"Incense Burner"},{"floor":17,"key":"The Courier"},{"floor":24,"key":"Art of War"},{"floor":26,"key":"Anchor"},{"floor":29,"key":"Nunchaku"},{"floor":29,"key":"Bottled Flame"}],"event_choices":[{"damage_healed":0,"gold_gain":175,"player_choice":"AGREE","damage_taken":0,"max_hp_gain":0,"max_hp_loss":0,"event_name":"Liars Game","floor":2,"gold_loss":0,"cards_obtained":["Doubt"]},{"cards_removed":["Doubt"],"damage_healed":0,"gold_gain":0,"player_choice":"Offered Curse","damage_taken":0,"relics_obtained":["Spirit Poop"],"max_hp_gain":0,"max_hp_loss":0,"event_name":"Bonfire Elementals","floor":4,"gold_loss":0},{"damage_healed":0,"gold_gain":0,"player_choice":"Left Gold","damage_taken":0,"max_hp_gain":0,"max_hp_loss":0,"event_name":"World of Goop","floor":12,"gold_loss":37},{"damage_healed":0,"gold_gain":0,"player_choice":"Simplicity","damage_taken":0,"max_hp_gain":0,"max_hp_loss":0,"event_name":"Back to Basics","floor":21,"gold_loss":0,"cards_upgraded":["Strike_B","Strike_B","Strike_B","Strike_B","Defend_B","Defend_B","Defend_B","Defend_B"]},{"damage_healed":0,"gold_gain":0,"player_choice":"Ignored","damage_taken":0,"max_hp_gain":0,"max_hp_loss":0,"event_name":"Ghosts","floor":27,"gold_loss":0},{"damage_healed":0,"gold_gain":0,"player_choice":"Fight","damage_taken":0,"max_hp_gain":0,"max_hp_loss":0,"event_name":"Colosseum","floor":29,"gold_loss":0},{"damage_healed":0,"gold_gain":0,"player_choice":"Fought Nobs","damage_taken":0,"max_hp_gain":0,"max_hp_loss":0,"event_name":"Colosseum","floor":29,"gold_loss":0},{"damage_healed":0,"gold_gain":0,"player_choice":"Ignored","damage_taken":0,"max_hp_gain":0,"max_hp_loss":0,"event_name":"Vampires","floor":30,"gold_loss":0}],"is_beta":true,"boss_relics":[{"not_picked":["Velvet Choker","Coffee Dripper"],"picked":"Calling Bell"}],"items_purged_floors":[],"is_endless":false,"potions_floor_spawned":[7,14,16,18,29],"killed_by":"Automaton","ascension_level":0}