{"gold_per_floor":[109,122,12,12,12,12,31,50,75,175,194,214,234,249,249,353,353,363,383,210,223,223],"floor_reached":22,"playtime":725,"items_purged":["Defend_R","Strike_R"],"score":182,"play_id":"5586ad58-933e-496d-8919-0f08b823a2a8","local_time":"20190531222454","is_ascension_mode":false,"campfire_choices":[{"data":"Dropkick","floor":6,"key":"SMITH"},{"floor":15,"key":"REST"}],"neow_cost":"NONE","seed_source_timestamp":645283582846200,"circlet_count":0,"master_deck":["Strike_R","Strike_R","Strike_R","Strike_R","Defend_R","Defend_R","Bash","Dropkick+1","Dropkick","Thunderclap","Shrug It Off"],"relics":["Burning Blood","Boot","Runic Cube"],"potions_floor_usage":[16,16,19,19,21,21],"damage_taken":[{"damage":4,"enemies":"Jaw Worm","floor":1,"turns":5},{"damage":2,"enemies":"2 Louse","floor":2,"turns":3},{"damage":0,"enemies":"Cultist","floor":7,"turns":2},{"damage":18,"enemies":"Lots of Slimes","floor":8,"turns":5},{"damage":26,"enemies":"Gremlin Gang","floor":11,"turns":4},{"damage":10,"enemies":"Looter","floor":12,"turns":2},{"damage":11,"enemies":"Exordium Wildlife","floor":13,"turns":3},{"damage":11,"enemies":"Red Slaver","floor":14,"turns":3},{"damage":29,"enemies":"Hexaghost","floor":16,"turns":7},{"damage":10,"enemies":"Chosen","floor":18,"turns":4},{"damage":26,"enemies":"Spheric Guardian","floor":19,"turns":5},{"damage":49,"enemies":"Shelled Parasite and Fungi","floor":21,"turns":8},{"damage":0,"enemies":"Chosen and Byrds","floor":22,"turns":1}],"seed_played":"-2266447135704382567","potions_obtained":[{"floor":1,"key":"SpeedPotion"},{"floor":8,"key":"Strength Potion"},{"floor":12,"key":"Block Potion"},{"floor":18,"key":"SkillPotion"},{"floor":19,"key":"Weak Potion"}],"is_trial":false,"path_per_floor":["M","M","$","?","$","R","M","M","T","?","M","M","M","M","R","B",null,"M","M","$","M","M"],"character_chosen":"IRONCLAD","items_purchased":["Dropkick","Ancient Potion"],"campfire_rested":1,"item_purchase_floors":[3,20],"current_hp_per_floor":[80,80,80,80,80,80,80,68,68,68,48,44,39,34,58,35,80,76,56,56,13,13],"gold":223,"neow_bonus":"THREE_CARDS","is_prod":false,"is_daily":false,"chose_seed":false,"campfire_upgraded":1,"win_rate":0,"timestamp":1559330694,"path_taken":["M","M","$","?","?","R","M","M","T","?","M","M","?","M","R","BOSS","M","M","?","?","M"],"build_version":"2019-05-28","purchased_purges":2,"victory":false,"max_hp_per_floor":[80,80,80,80,80,80,80,80,80,80,80,80,80,80,80,80,80,80,80,80,80,80],"card_choices":[{"not_picked":["Seeing Red","Pommel Strike","True Grit"],"picked":"SKIP","floor":1},{"not_picked":["Pommel Strike","Headbutt","Bloodletting"],"picked":"SKIP","floor":2},{"not_picked":["Anger","Armaments","Sword Boomerang"],"picked":"SKIP","floor":7},{"not_picked":["Sword Boomerang","Perfected Strike"],"picked":"Dropkick","floor":8},{"not_picked":["Flex","Cleave","Headbutt"],"picked":"SKIP","floor":11},{"not_picked":["Uppercut","Headbutt","True Grit"],"picked":"SKIP","floor":12},{"not_picked":["Armaments","True Grit"],"picked":"Thunderclap","floor":13},{"not_picked":["Demon Form","Perfected Strike","Carnage"],"picked":"SKIP","floor":14},{"not_picked":["Twin Strike+1","Whirlwind","Headbutt"],"picked":"SKIP","floor":18},{"not_picked":["True Grit","Twin Strike+1","Armaments+1"],"picked":"SKIP","floor":19},{"not_picked":["Sword Boomerang","True Grit"],"picked":"Shrug It Off","floor":21}],"player_experience":422398,"relics_obtained":[{"floor":9,"key":"Boot"}],"event_choices":[{"cards_removed":["Defend_R"],"damage_healed":0,"gold_gain":0,"player_choice":"Forget","damage_taken":0,"max_hp_gain":0,"max_hp_loss":0,"event_name":"Living Wall","floor":4,"gold_loss":0},{"damage_healed":0,"gold_gain":100,"player_choice":"Pray","damage_taken":0,"max_hp_gain":0,"max_hp_loss":0,"event_name":"Golden Shrine","floor":10,"gold_loss":0}],"is_beta":true,"boss_relics":[{"not_picked":["Eternal Feather","Snecko Eye"],"picked":"Runic Cube"}],"items_purged_floors":[3,20],"is_endless":false,"potions_floor_spawned":[1,8,12,14,18,19],"killed_by":"Chosen and Byrds","ascension_level":0}