{"gold_per_floor":[119,132,132,132,132,166,184,220,220,289,289,82,82,97,97,218,218,237,67,67,67,67,67,17,17],"floor_reached":25,"playtime":1144,"items_purged":["Defend_B","Pain","Shame"],"score":205,"play_id":"c160e112-aadc-4c6d-8751-bd8c9d60ea30","local_time":"20190502231817","is_ascension_mode":false,"campfire_choices":[{"floor":11.0,"key":"REST"},{"data":"Self Repair","floor":15.0,"key":"SMITH"},{"data":"Electrodynamics","floor":23,"key":"SMITH"}],"neow_cost":"NONE","seed_source_timestamp":991550585960101,"circlet_count":0,"master_deck":["Strike_B","Strike_B","Strike_B","Strike_B","Defend_B","Defend_B","Defend_B","Zap+1","Dualcast","Echo Form","Capacitor+1","Sunder+1","Injury","Glacier","Coolheaded","Self Repair+1","Echo Form","Leap","Steam","Electrodynamics+1","Shame","Creative AI"],"special_seed":0,"relics":["Cracked Core","Bloody Idol","Regal Pillow","Nunchaku","Ornamental Fan","Smiling Mask","Calling Bell","Symbiotic Virus","Boot","Torii","Tiny Chest"],"potions_floor_usage":[25],"damage_taken":[{"damage":11.0,"enemies":"Jaw Worm","floor":1.0,"turns":3.0},{"damage":1.0,"enemies":"2 Louse","floor":2.0,"turns":3.0},{"damage":8.0,"enemies":"Gremlin Nob","floor":6.0,"turns":3.0},{"damage":0.0,"enemies":"Small Slimes","floor":7.0,"turns":3.0},{"damage":18.0,"enemies":"Lagavulin","floor":8.0,"turns":6.0},{"damage":18.0,"enemies":"3 Sentries","floor":10.0,"turns":11.0},{"damage":1.0,"enemies":"Looter","floor":14.0,"turns":3.0},{"damage":33.0,"enemies":"Slime Boss","floor":16.0,"turns":10.0},{"damage":9.0,"enemies":"3 Byrds","floor":18.0,"turns":3.0},{"damage":41,"enemies":"Colosseum Slavers","floor":21,"turns":4},{"damage":55,"enemies":"Gremlin Leader","floor":25,"turns":4}],"seed_played":"-8644085247038244647","potions_obtained":[{"floor":2.0,"key":"SteroidPotion"},{"floor":6.0,"key":"AttackPotion"},{"floor":10.0,"key":"SteroidPotion"},{"floor":16.0,"key":"Weak Potion"},{"floor":18.0,"key":"PowerPotion"}],"is_trial":false,"path_per_floor":["M","M","?","?","$","E","M","E","T","?","R","$","?","M","R","B",null,"M","$","?","?","?","R","$","E"],"character_chosen":"DEFECT","items_purchased":["Echo Form","Leap","Tiny Chest"],"campfire_rested":1,"item_purchase_floors":[12,12,19],"current_hp_per_floor":[64,63,63,63,63,55,55,37,37,33,70,70,55,54,54,41,75,66,66,66,45,45,45,45,0],"gold":17,"neow_bonus":"ONE_RANDOM_RARE_CARD","is_prod":false,"is_daily":false,"chose_seed":false,"campfire_upgraded":2,"win_rate":0,"timestamp":1556857097,"path_taken":["M","M","?","?","$","E","M","E","T","?","R","$","?","M","R","BOSS","M","$","?","?","?","R","$","E"],"build_version":"2019-01-23","purchased_purges":3,"victory":false,"max_hp_per_floor":[75,75,75,75,75,75,75,75,75,75,75,75,75,75,75,75,75,75,75,75,75,75,75,75,75],"card_choices":[{"not_picked":["Compile Driver","Fusion"],"picked":"Capacitor","floor":1.0},{"not_picked":["Steam Power","Cold Snap"],"picked":"Sunder","floor":2.0},{"not_picked":["Multi-Cast","Storm"],"picked":"Glacier","floor":6.0},{"not_picked":["Fusion","Go for the Eyes"],"picked":"Coolheaded","floor":7.0},{"not_picked":["Barrage","FTL"],"picked":"Self Repair","floor":8.0},{"not_picked":["Skim","Fusion"],"picked":"Steam","floor":14.0},{"not_picked":["Reboot","Thunder Strike"],"picked":"Electrodynamics","floor":16.0},{"not_picked":["Stack","Turbo","Chaos"],"picked":"SKIP","floor":18.0}],"player_experience":600999,"relics_obtained":[{"floor":6.0,"key":"Regal Pillow"},{"floor":8.0,"key":"Nunchaku"},{"floor":9.0,"key":"Ornamental Fan"},{"floor":10.0,"key":"Smiling Mask"},{"floor":17.0,"key":"Symbiotic Virus"},{"floor":17.0,"key":"Boot"},{"floor":17.0,"key":"Torii"}],"event_choices":[{"damage_healed":0.0,"max_hp_gain":0.0,"max_hp_loss":0.0,"gold_gain":0.0,"event_name":"Golden Idol","player_choice":"Take Wound","floor":3.0,"gold_loss":0.0,"damage_taken":0.0,"relics_obtained":["Golden Idol"],"cards_obtained":["Injury"]},{"damage_healed":0.0,"max_hp_gain":0.0,"max_hp_loss":0.0,"gold_gain":0.0,"event_name":"Living Wall","player_choice":"Grow","floor":4.0,"gold_loss":0.0,"damage_taken":0.0,"cards_upgraded":["Sunder"]},{"damage_healed":0.0,"max_hp_gain":0.0,"max_hp_loss":0.0,"gold_gain":30.0,"event_name":"Dead Adventurer","player_choice":"Searched \u00273\u0027 times","floor":10.0,"gold_loss":0.0,"damage_taken":0.0},{"damage_healed":0.0,"max_hp_gain":0.0,"max_hp_loss":0.0,"gold_gain":0.0,"event_name":"Shining Light","player_choice":"Entered Light","floor":13.0,"gold_loss":0.0,"damage_taken":15.0,"cards_upgraded":["Capacitor","Zap"]},{"damage_healed":0.0,"max_hp_gain":0.0,"max_hp_loss":0.0,"gold_gain":0.0,"event_name":"The Library","player_choice":"Read","floor":20.0,"gold_loss":0.0,"damage_taken":0.0,"cards_obtained":["Creative AI"]},{"damage_healed":0,"gold_gain":0,"player_choice":"Fight","damage_taken":0,"max_hp_gain":0,"max_hp_loss":0,"event_name":"Colosseum","floor":21,"gold_loss":0},{"damage_healed":0,"gold_gain":0,"player_choice":"Fled From Nobs","damage_taken":0,"max_hp_gain":0,"max_hp_loss":0,"event_name":"Colosseum","floor":21,"gold_loss":0},{"damage_healed":0,"gold_gain":0,"player_choice":"Gave Idol","damage_taken":0,"relics_obtained":["Bloody Idol"],"max_hp_gain":0,"max_hp_loss":0,"event_name":"Forgotten Altar","floor":22,"relics_lost":["Golden Idol"],"gold_loss":0}],"is_beta":false,"boss_relics":[{"not_picked":["Busted Crown","Runic Dome"],"picked":"Calling Bell"}],"items_purged_floors":[12,19,24],"is_endless":false,"potions_floor_spawned":[2,6,10,16,18],"killed_by":"Gremlin Leader","ascension_level":0}