{"gold_per_floor":[109,119,119,294,24,24,36,53,80,98,111,111,111,141,141,141],"floor_reached":16,"playtime":1292,"items_purged":["Doubt"],"score":158,"play_id":"9015b9ee-bc0c-4a3c-b7aa-6878c3b8c123","local_time":"20190603200736","is_ascension_mode":true,"campfire_choices":[{"data":"Neutralize","floor":6.0,"key":"SMITH"},{"data":"Backflip","floor":13.0,"key":"SMITH"},{"data":"Backstab","floor":15.0,"key":"SMITH"}],"neow_cost":"NONE","seed_source_timestamp":438496608777518,"circlet_count":0,"master_deck":["AscendersBane","Defend_G","Defend_G","Defend_G","Defend_G","Strike_G","Strike_G","Strike_G","Strike_G","Strike_G","Survivor","Neutralize+1","Deadly Poison+1","Dodge and Roll","Leg Sweep","Leg Sweep","Backflip+1","Leg Sweep","Backstab+1"],"special_seed":0,"relics":["Ring of the Snake","OrangePellets","Oddly Smooth Stone","Snake Skull"],"potions_floor_usage":[16,16],"damage_taken":[{"damage":0.0,"enemies":"Cultist","floor":1.0,"turns":4.0},{"damage":7.0,"enemies":"2 Louse","floor":2.0,"turns":3.0},{"damage":0.0,"enemies":"Jaw Worm","floor":7.0,"turns":5.0},{"damage":1.0,"enemies":"Looter","floor":8.0,"turns":4.0},{"damage":0.0,"enemies":"2 Fungi Beasts","floor":10.0,"turns":6.0},{"damage":0.0,"enemies":"Blue Slaver","floor":11.0,"turns":5.0},{"damage":1.0,"enemies":"Lagavulin","floor":14.0,"turns":9.0},{"damage":62,"enemies":"Slime Boss","floor":16,"turns":17}],"seed_played":"-4864987273882704302","potions_obtained":[{"floor":2.0,"key":"Swift Potion"},{"floor":10.0,"key":"Strength Potion"}],"is_trial":false,"path_per_floor":["M","M","?","?","$","R","M","M","T","M","M","?","R","E","R","B"],"character_chosen":"THE_SILENT","items_purchased":["OrangePellets"],"campfire_rested":0,"item_purchase_floors":[5],"current_hp_per_floor":[70,63,63,63,63,63,63,62,62,62,62,55,55,54,54,0],"gold":141,"neow_bonus":"TEN_PERCENT_HP_BONUS","is_prod":false,"is_daily":false,"chose_seed":false,"campfire_upgraded":3,"win_rate":0,"timestamp":1559617656,"path_taken":["M","M","?","?","?","R","M","M","T","M","M","?","R","E","R","BOSS"],"build_version":"2019-01-23","purchased_purges":1,"victory":false,"max_hp_per_floor":[77,77,77,77,77,77,77,77,77,77,77,77,77,77,77,77],"card_choices":[{"not_picked":["Poisoned Stab","Sucker Punch"],"picked":"Deadly Poison","floor":1.0},{"not_picked":["Reflex","Bane"],"picked":"Dodge and Roll","floor":2.0},{"not_picked":["Cloak And Dagger","Acrobatics"],"picked":"Leg Sweep","floor":7.0},{"not_picked":["Underhanded Strike","Night Terror"],"picked":"Leg Sweep","floor":8.0},{"not_picked":["Dodge and Roll","Dash"],"picked":"Backflip","floor":10.0},{"not_picked":["Well Laid Plans","PiercingWail"],"picked":"Leg Sweep","floor":11.0},{"not_picked":["Blur","Accuracy"],"picked":"Backstab","floor":14.0}],"player_experience":631298,"relics_obtained":[{"floor":9.0,"key":"Oddly Smooth Stone"},{"floor":14.0,"key":"Snake Skull"}],"event_choices":[{"damage_healed":0.0,"max_hp_gain":0.0,"max_hp_loss":0.0,"gold_gain":0.0,"event_name":"Living Wall","player_choice":"Grow","floor":3.0,"gold_loss":0.0,"damage_taken":0.0,"cards_upgraded":["Deadly Poison"]},{"damage_healed":0.0,"max_hp_gain":0.0,"max_hp_loss":0.0,"gold_gain":175.0,"event_name":"Liars Game","player_choice":"AGREE","floor":4.0,"gold_loss":0.0,"damage_taken":0.0,"cards_obtained":["Doubt"]},{"cards_removed":["Defend_G"],"damage_healed":0.0,"max_hp_gain":0.0,"max_hp_loss":0.0,"gold_gain":0.0,"event_name":"Golden Wing","player_choice":"Card Removal","floor":12.0,"gold_loss":0.0,"damage_taken":7.0}],"is_beta":false,"boss_relics":[],"items_purged_floors":[5],"is_endless":false,"potions_floor_spawned":[2,10,11],"killed_by":"Slime Boss","ascension_level":11}