{"gold_per_floor":[116,116,129,58,72,97,97,109,109,140,140,175,175,192,192,296,296,310,15,0,0,14,14,14,14,37,66,77,103,120,138,138,243,293,313,313,313,27,44,70,88,88,88,88,88,13,33,67,67,67,67,67,30,59,59],"floor_reached":55,"playtime":3538,"items_purged":["Bash"],"score":978,"play_id":"1897ec7c-2dc5-4cb0-b505-c0101ad4300f","local_time":"20191015145533","is_ascension_mode":true,"campfire_choices":[{"data":"Clothesline","floor":7.0,"key":"SMITH"},{"data":"Metallicize","floor":15.0,"key":"SMITH"},{"floor":23.0,"key":"REST"},{"data":"Entrench","floor":32.0,"key":"SMITH"},{"data":"Deep Breath","floor":42.0,"key":"SMITH"},{"data":"Armaments","floor":44.0,"key":"SMITH"},{"floor":49.0,"key":"RECALL"},{"data":"Pommel Strike","floor":52,"key":"SMITH"}],"neow_cost":"NONE","seed_source_timestamp":239297514017800,"circlet_count":0,"master_deck":["Defend_R","Defend_R","Defend_R","Defend_R","Pommel Strike+1","Clothesline+1","Offering","Ghostly Armor","Metallicize+1","Cleave+1","Reaper","Iron Wave","Body Slam+1","Bludgeon+1","CurseOfTheBell","Flame Barrier","Deep Breath+1","Shrug It Off","Bite+1","Bite+1","Bite+1","Bite+1","Bite+1","Entrench+1","Body Slam+1","Flame Barrier","Flame Barrier","Feed+1","Armaments+1","Iron Wave+1","Shrug It Off","Fire Breathing","Demon Form"],"special_seed":0,"relics":["Burning Blood","NeowsBlessing","Sundial","CaptainsWheel","Mango","Regal Pillow","Calipers","Molten Egg 2","Calling Bell","Vajra","Dodecahedron","Incense Burner","Strawberry","Bag of Preparation","Gremlin Horn","Kunai","Tiny House","Thread and Needle","PreservedInsect","Centennial Puzzle","White Beast Statue"],"potions_floor_usage":[50,50,50],"damage_taken":[{"damage":0.0,"enemies":"Jaw Worm","floor":1.0,"turns":1.0},{"damage":0.0,"enemies":"Small Slimes","floor":3.0,"turns":1.0},{"damage":0.0,"enemies":"2 Louse","floor":5.0,"turns":1.0},{"damage":19.0,"enemies":"3 Sentries","floor":6.0,"turns":10.0},{"damage":18.0,"enemies":"Large Slime","floor":8.0,"turns":6.0},{"damage":6.0,"enemies":"Gremlin Nob","floor":10.0,"turns":4.0},{"damage":16.0,"enemies":"3 Sentries","floor":12.0,"turns":7.0},{"damage":19.0,"enemies":"Gremlin Gang","floor":14.0,"turns":3.0},{"damage":56.0,"enemies":"The Guardian","floor":16.0,"turns":16.0},{"damage":0.0,"enemies":"Spheric Guardian","floor":18.0,"turns":3.0},{"damage":22.0,"enemies":"2 Thieves","floor":22.0,"turns":4.0},{"damage":44.0,"enemies":"Gremlin Leader","floor":27.0,"turns":12.0},{"damage":6.0,"enemies":"Snecko","floor":28.0,"turns":4.0},{"damage":0.0,"enemies":"Slavers","floor":29.0,"turns":4.0},{"damage":6.0,"enemies":"Cultist and Chosen","floor":30.0,"turns":6.0},{"damage":11.0,"enemies":"Chosen and Byrds","floor":31.0,"turns":5.0},{"damage":15.0,"enemies":"Automaton","floor":33.0,"turns":12.0},{"damage":9.0,"enemies":"Orb Walker","floor":35.0,"turns":3.0},{"damage":6.0,"enemies":"3 Shapes","floor":39.0,"turns":3.0},{"damage":6.0,"enemies":"Reptomancer","floor":40.0,"turns":7.0},{"damage":12.0,"enemies":"3 Darklings","floor":41.0,"turns":5.0},{"damage":6.0,"enemies":"Sphere and 2 Shapes","floor":47.0,"turns":5.0},{"damage":6.0,"enemies":"Nemesis","floor":48.0,"turns":9.0},{"damage":0,"enemies":"Time Eater","floor":50,"turns":10},{"damage":60,"enemies":"Shield and Spear","floor":54,"turns":15},{"damage":65,"enemies":"The Heart","floor":55,"turns":5}],"seed_played":"4744532048551769189","potions_obtained":[{"floor":6.0,"key":"Dexterity Potion"},{"floor":8.0,"key":"PowerPotion"},{"floor":10.0,"key":"ElixirPotion"},{"floor":14.0,"key":"Swift Potion"},{"floor":18.0,"key":"PowerPotion"},{"floor":27.0,"key":"BloodPotion"},{"floor":28.0,"key":"LiquidBronze"},{"floor":34.0,"key":"Block Potion"},{"floor":39.0,"key":"Block Potion"}],"is_trial":false,"path_per_floor":["M","?","M","$","M","E","R","M","T","E","?","E","T","M","R","B",null,"M","$","?","?","M","R","?","?","T","E","M","E","M","M","R","B",null,"M","?","?","$","M","E","M","R","T","R","?","$","M","E","R","B",null,"R","$","E","B"],"character_chosen":"IRONCLAD","items_purchased":["Offering","Deep Breath","Shrug It Off","Strawberry","Thread and Needle","Fire Breathing"],"campfire_rested":1,"item_purchase_floors":[4,19,19,19,38,53],"current_hp_per_floor":[80,73,79,79,80,67,67,55,55,69,69,71,71,74,74,28,94,94,101,101,81,77,106,74,74,74,60,74,74,74,74,74,74,79,79,79,79,79,79,79,79,79,79,79,79,79,79,79,79,79,79,79,79,49,0],"gold":59,"neow_bonus":"THREE_ENEMY_KILL","is_prod":false,"is_daily":false,"chose_seed":false,"campfire_upgraded":6,"win_rate":0,"timestamp":1571169333,"path_taken":["M","?","M","$","M","E","R","M","T","E","?","E","?","M","R","BOSS","M","$","?","?","M","R","?","?","T","E","M","E","M","M","R","BOSS","M","?","?","$","M","E","M","R","T","R","?","$","?","E","R","BOSS","R","$","E","BOSS"],"build_version":"2019-10-14","purchased_purges":1,"victory":false,"max_hp_per_floor":[80,80,80,80,80,80,80,80,80,94,94,94,94,94,94,94,94,94,101,101,106,106,106,74,74,74,74,74,74,74,74,74,74,79,79,79,79,79,79,79,79,79,79,79,79,79,79,79,79,79,79,79,79,79,79],"card_choices":[{"not_picked":["Thunderclap","True Grit"],"picked":"Pommel Strike","floor":1.0},{"not_picked":["Flex","Sever Soul"],"picked":"Clothesline","floor":3.0},{"not_picked":["True Grit","Second Wind"],"picked":"Ghostly Armor","floor":5.0},{"not_picked":["Infernal Blade","Dropkick"],"picked":"Metallicize","floor":6.0},{"not_picked":["Clothesline","Ghostly Armor"],"picked":"Cleave","floor":8.0},{"not_picked":["Intimidate","Impervious"],"picked":"Reaper","floor":10.0},{"not_picked":["Second Wind","Twin Strike"],"picked":"Iron Wave","floor":12.0},{"not_picked":["Flex","Anger+1"],"picked":"Body Slam+1","floor":14.0},{"not_picked":["Berserk","Offering"],"picked":"Bludgeon+1","floor":16.0},{"not_picked":["Thunderclap+1","Warcry"],"picked":"Flame Barrier","floor":18.0},{"not_picked":["Thunderclap+1","Twin Strike+1","Second Wind"],"picked":"SKIP","floor":22.0},{"not_picked":["Shockwave","True Grit"],"picked":"Entrench","floor":27.0},{"not_picked":["Warcry","Sword Boomerang+1"],"picked":"Body Slam+1","floor":28.0},{"not_picked":["Anger+1","Double Tap"],"picked":"Flame Barrier","floor":29.0},{"not_picked":["Cleave+1","Hemokinesis+1","Clothesline+1"],"picked":"SKIP","floor":30.0},{"not_picked":["Flex","Rupture"],"picked":"Flame Barrier","floor":31.0},{"not_picked":["Double Tap","Reaper+1"],"picked":"Feed+1","floor":33.0},{"not_picked":["Second Wind","Heavy Blade+1"],"picked":"Armaments","floor":34.0},{"not_picked":["Twin Strike+1","Clash+1"],"picked":"Iron Wave+1","floor":35.0},{"not_picked":["Inflame","Thunderclap+1","Uppercut+1"],"picked":"SKIP","floor":39.0},{"not_picked":["Rage+1","Bloodletting+1","Sword Boomerang+1"],"picked":"SKIP","floor":40.0},{"not_picked":["Cleave+1","Iron Wave+1"],"picked":"Shrug It Off","floor":41.0},{"not_picked":["Carnage+1","Pommel Strike+1","True Grit+1"],"picked":"SKIP","floor":47.0},{"not_picked":["Anger+1","Rage+1","Whirlwind+1"],"picked":"SKIP","floor":48.0},{"not_picked":["Shrug It Off","Heavy Blade+1"],"picked":"Demon Form","floor":54}],"player_experience":32650,"relics_obtained":[{"floor":6.0,"key":"Sundial"},{"floor":9.0,"key":"CaptainsWheel"},{"floor":10.0,"key":"Mango"},{"floor":12.0,"key":"Calipers"},{"floor":13.0,"key":"Molten Egg 2"},{"floor":17.0,"key":"Vajra"},{"floor":17.0,"key":"Dodecahedron"},{"floor":17.0,"key":"Incense Burner"},{"floor":26.0,"key":"Bag of Preparation"},{"floor":27.0,"key":"Gremlin Horn"},{"floor":29.0,"key":"Kunai"},{"floor":40.0,"key":"PreservedInsect"},{"floor":48.0,"key":"Centennial Puzzle"},{"floor":54,"key":"White Beast Statue"}],"event_choices":[{"cards_removed":["Strike_R"],"damage_healed":0.0,"max_hp_gain":0.0,"max_hp_loss":0.0,"gold_gain":0.0,"event_name":"Golden Wing","player_choice":"Card Removal","floor":2.0,"gold_loss":0.0,"damage_taken":7.0},{"damage_healed":0.0,"max_hp_gain":0.0,"max_hp_loss":0.0,"gold_gain":0.0,"event_name":"Dead Adventurer","player_choice":"Searched \u00271\u0027 times","floor":11.0,"gold_loss":0.0,"damage_taken":0.0,"relics_obtained":["Regal Pillow"]},{"damage_healed":0.0,"max_hp_gain":0.0,"max_hp_loss":0.0,"gold_gain":0.0,"event_name":"Masked Bandits","player_choice":"Paid Fearfully","floor":20.0,"gold_loss":15.0,"damage_taken":0.0},{"damage_healed":0.0,"max_hp_gain":5.0,"max_hp_loss":0.0,"gold_gain":0.0,"event_name":"Forgotten Altar","player_choice":"Shed Blood","floor":21.0,"gold_loss":0.0,"damage_taken":25.0},{"damage_healed":0.0,"max_hp_gain":0.0,"max_hp_loss":32.0,"gold_gain":0.0,"event_name":"Vampires","player_choice":"Became a vampire","floor":24.0,"gold_loss":0.0,"damage_taken":0.0,"cards_obtained":["Bite","Bite","Bite","Bite","Bite"]},{"damage_healed":0.0,"max_hp_gain":0.0,"max_hp_loss":0.0,"gold_gain":0.0,"event_name":"The Mausoleum","player_choice":"Ignored","floor":25.0,"gold_loss":0.0,"damage_taken":0.0},{"damage_healed":0.0,"max_hp_gain":0.0,"max_hp_loss":0.0,"gold_gain":0.0,"event_name":"Tomb of Lord Red Mask","player_choice":"Ignored","floor":36.0,"gold_loss":0.0,"damage_taken":0.0},{"damage_healed":0.0,"max_hp_gain":0.0,"max_hp_loss":0.0,"gold_gain":0.0,"event_name":"SensoryStone","player_choice":"Memory 1","floor":37.0,"gold_loss":0.0,"damage_taken":0.0},{"damage_healed":0.0,"max_hp_gain":0.0,"max_hp_loss":0.0,"gold_gain":0.0,"event_name":"Match and Keep!","player_choice":"0 cards matched","floor":45.0,"gold_loss":0.0,"damage_taken":0.0,"cards_obtained":[]}],"is_beta":true,"boss_relics":[{"not_picked":["Philosopher\u0027s Stone","Black Blood"],"picked":"Calling Bell"},{"not_picked":["Mark of Pain","Runic Cube"],"picked":"Tiny House"}],"items_purged_floors":[46],"is_endless":false,"potions_floor_spawned":[6,8,10,12,14,18,27,28,39,41,47],"killed_by":"The Heart","ascension_level":1}