{"gold_per_floor":[116,116,126,126,126,126,143,143,169,169,169,169,169,184,184,289,289,305,321,321,29,45,45,60,60,60,60,74,74,74,94,94,194,194,213,213,213,230,230,230,250,0,0,0,0,0,100,113,113,113],"floor_reached":51,"playtime":1825,"items_purged":[],"score":683,"play_id":"0dd15e1b-f259-4dc9-9952-b6e66e428655","local_time":"20190529131134","is_ascension_mode":false,"campfire_choices":[{"data":"Heavy Blade","floor":8,"key":"SMITH"},{"data":"Bash","floor":10,"key":"SMITH"},{"data":"Clothesline","floor":13,"key":"SMITH"},{"data":"Flex","floor":15,"key":"SMITH"},{"data":"Armaments","floor":23,"key":"SMITH"},{"data":"Sword Boomerang","floor":27,"key":"SMITH"},{"data":"Clothesline","floor":30,"key":"SMITH"},{"data":"Spot Weakness","floor":32,"key":"SMITH"},{"data":"Intimidate","floor":40,"key":"SMITH"},{"data":"Offering","floor":44,"key":"SMITH"},{"data":"Reaper","floor":45,"key":"SMITH"},{"data":"Shockwave","floor":49,"key":"SMITH"}],"neow_cost":"NONE","seed_source_timestamp":438103579957400,"circlet_count":0,"master_deck":["Strike_R","Strike_R","Defend_R","Defend_R","Defend_R","Defend_R","Bash+1","Spot Weakness+1","Sword Boomerang+1","Heavy Blade+1","Clothesline+1","Flex+1","Reaper+1","Headbutt+1","Cleave","Armaments+1","Blood for Blood+1","Necronomicurse","Clothesline+1","Intimidate+1","Offering+1","Writhe","Blood for Blood+1","Parasite","Shockwave+1","Infernal Blade"],"relics":["Burning Blood","FaceOfCleric","Regal Pillow","Letter Opener","Snecko Eye","Mummified Hand","Necronomicon","WingedGreaves","Busted Crown","Whetstone","Red Mask","Bird Faced Urn","Prayer Wheel"],"potions_floor_usage":[16,16,22,24,48],"damage_taken":[{"damage":6,"enemies":"Cultist","floor":1,"turns":3},{"damage":7,"enemies":"2 Louse","floor":3,"turns":3},{"damage":3,"enemies":"Jaw Worm","floor":7,"turns":4},{"damage":8,"enemies":"Red Slaver","floor":14,"turns":2},{"damage":41,"enemies":"HollowMod:FalseKnight","floor":16,"turns":10},{"damage":23,"enemies":"2 Thieves","floor":18,"turns":4},{"damage":5,"enemies":"Shell Parasite","floor":19,"turns":3},{"damage":16,"enemies":"Shelled Parasite and Fungi","floor":22,"turns":6},{"damage":13,"enemies":"3 Cultists","floor":24,"turns":4},{"damage":6,"enemies":"Snake Plant","floor":28,"turns":5},{"damage":0,"enemies":"Snecko","floor":31,"turns":3},{"damage":65,"enemies":"Champ","floor":33,"turns":7},{"damage":17,"enemies":"3 Darklings","floor":35,"turns":3},{"damage":20,"enemies":"3 Shapes","floor":38,"turns":3},{"damage":23,"enemies":"Jaw Worm Horde","floor":41,"turns":4},{"damage":6,"enemies":"Mind Bloom Boss Battle","floor":47,"turns":3},{"damage":17,"enemies":"Writhing Mass","floor":48,"turns":3},{"damage":57,"enemies":"Donu and Deca","floor":50,"turns":5}],"seed_played":"-6516885865510399182","potions_obtained":[{"floor":1,"key":"Explosive Potion"},{"floor":7,"key":"Explosive Potion"},{"floor":19,"key":"LiquidBronze"},{"floor":31,"key":"SpeedPotion"},{"floor":35,"key":"Swift Potion"},{"floor":38,"key":"Ancient Potion"}],"is_trial":false,"path_per_floor":["M","$","M","$","?","?","M","R","T","R","T","?","R","M","R","B",null,"M","M","?","$","M","R","M","?","T","R","M","?","R","M","R","B",null,"M","?","T","M","?","R","M","?","T","R","R","$","?","M","R","B",null],"character_chosen":"IRONCLAD","items_purchased":["Mummified Hand","PowerPotion"],"campfire_rested":0,"item_purchase_floors":[21,21],"current_hp_per_floor":[88,88,87,87,80,80,84,84,84,84,84,84,84,83,83,49,91,82,93,93,93,94,94,88,72,72,72,73,73,73,88,88,50,98,88,88,88,81,100,100,94,94,94,94,94,94,102,102,102,74],"gold":113,"neow_bonus":"TEN_PERCENT_HP_BONUS","is_prod":false,"is_daily":false,"chose_seed":false,"campfire_upgraded":12,"win_rate":0,"timestamp":1559124694,"path_taken":["M","$","M","?","?","?","?","R","T","R","?","?","R","?","R","BOSS","M","M","?","$","M","R","M","?","T","R","M","?","R","M","R","BOSS","M","?","?","?","?","R","M","?","T","R","R","$","?","?","R","BOSS"],"build_version":"2019-01-23","purchased_purges":0,"victory":true,"max_hp_per_floor":[88,88,88,88,88,88,89,89,89,89,89,89,89,90,90,91,91,92,93,93,93,94,94,95,95,95,95,96,96,96,97,97,98,98,99,99,99,100,100,100,101,101,101,101,101,101,102,103,103,104],"card_choices":[{"not_picked":["Dual Wield","Pummel"],"picked":"Spot Weakness","floor":1},{"not_picked":["Twin Strike","Sentinel"],"picked":"Sword Boomerang","floor":3},{"not_picked":["Clothesline","Iron Wave"],"picked":"Heavy Blade","floor":7},{"not_picked":["Iron Wave","Dark Embrace"],"picked":"Flex","floor":14},{"not_picked":["Immolate","Brutality"],"picked":"Reaper","floor":16},{"not_picked":["Iron Wave","Sword Boomerang+1"],"picked":"Headbutt","floor":18},{"not_picked":["Headbutt","Twin Strike"],"picked":"Cleave","floor":19},{"not_picked":["Battle Trance","Hemokinesis"],"picked":"Armaments","floor":22},{"not_picked":["Body Slam","Clash"],"picked":"Blood for Blood","floor":24},{"not_picked":["Clash","Heavy Blade+1"],"picked":"Clothesline","floor":28},{"not_picked":["Pummel","Hemokinesis","Heavy Blade"],"picked":"SKIP","floor":31},{"not_picked":["Pummel","Hemokinesis","Heavy Blade"],"picked":"SKIP","floor":31},{"not_picked":["Berserk","Brutality"],"picked":"Offering","floor":33},{"not_picked":["Cleave"],"picked":"SKIP","floor":35},{"not_picked":["Second Wind"],"picked":"SKIP","floor":38},{"not_picked":["Wild Strike"],"picked":"SKIP","floor":41},{"not_picked":[],"picked":"Blood for Blood+1","floor":47},{"not_picked":[],"picked":"Shockwave","floor":48},{"not_picked":[],"picked":"Infernal Blade","floor":48}],"player_experience":379915,"relics_obtained":[{"floor":9,"key":"Regal Pillow"},{"floor":11,"key":"Letter Opener"},{"floor":25,"key":"Necronomicon"},{"floor":26,"key":"WingedGreaves"},{"floor":37,"key":"Whetstone"},{"floor":43,"key":"Bird Faced Urn"},{"floor":47,"key":"Prayer Wheel"}],"event_choices":[{"cards_removed":["Strike_R"],"damage_healed":0,"gold_gain":0,"player_choice":"Card Removal","damage_taken":7,"max_hp_gain":0,"max_hp_loss":0,"event_name":"Golden Wing","floor":5,"gold_loss":0},{"damage_healed":0,"gold_gain":0,"player_choice":"Trade","damage_taken":0,"relics_obtained":["FaceOfCleric"],"max_hp_gain":0,"max_hp_loss":0,"event_name":"FaceTrader","floor":6,"gold_loss":0},{"damage_healed":0,"gold_gain":0,"cards_transformed":["Strike_R"],"player_choice":"Transformed","damage_taken":0,"max_hp_gain":0,"max_hp_loss":0,"event_name":"Transmorgrifier","floor":12,"gold_loss":0,"cards_obtained":["Clothesline"]},{"damage_healed":0,"gold_gain":0,"player_choice":"Ignored","damage_taken":0,"max_hp_gain":0,"max_hp_loss":0,"event_name":"Vampires","floor":20,"gold_loss":0},{"damage_healed":0,"gold_gain":0,"player_choice":"Obtained Book","damage_taken":16,"max_hp_gain":0,"max_hp_loss":0,"event_name":"Cursed Tome","floor":25,"gold_loss":0},{"damage_healed":0,"gold_gain":0,"cards_transformed":["Strike_R"],"player_choice":"Transformed","damage_taken":0,"max_hp_gain":0,"max_hp_loss":0,"event_name":"Transmorgrifier","floor":29,"gold_loss":0,"cards_obtained":["Intimidate"]},{"damage_healed":0,"gold_gain":0,"player_choice":"Ignored","damage_taken":0,"max_hp_gain":0,"max_hp_loss":0,"event_name":"Mysterious Sphere","floor":36,"gold_loss":0},{"damage_healed":25,"gold_gain":0,"player_choice":"Writhe","damage_taken":0,"max_hp_gain":0,"max_hp_loss":0,"event_name":"Winding Halls","floor":39,"gold_loss":0,"cards_obtained":["Writhe"]},{"damage_healed":0,"gold_gain":0,"player_choice":"Paid","damage_taken":0,"relics_obtained":["Red Mask"],"max_hp_gain":0,"max_hp_loss":0,"event_name":"Tomb of Lord Red Mask","floor":42,"gold_loss":250},{"damage_healed":0,"gold_gain":0,"player_choice":"Fight","damage_taken":0,"max_hp_gain":0,"max_hp_loss":0,"event_name":"MindBloom","floor":47,"gold_loss":0}],"is_beta":false,"boss_relics":[{"not_picked":["Runic Dome","Black Blood"],"picked":"Snecko Eye"},{"not_picked":["Philosopher\u0027s Stone","Tiny House"],"picked":"Busted Crown"}],"items_purged_floors":[],"is_endless":false,"potions_floor_spawned":[1,7,19,31,35,38],"ascension_level":0}