{"gold_per_floor":[114,64,80,5,17,17,52,52,52,127,142,152,171,71,71,71],"floor_reached":16,"playtime":526,"items_purged":["Defend_R","Strike_R"],"score":102,"play_id":"197e499d-d74e-4a65-ae30-891ab4c1713f","local_time":"20190531215746","is_ascension_mode":false,"campfire_choices":[{"data":"Thunderclap","floor":6,"key":"SMITH"},{"data":"Shrug It Off","floor":8,"key":"SMITH"},{"data":"Bash","floor":15,"key":"SMITH"}],"neow_cost":"NONE","seed_source_timestamp":643854558462200,"circlet_count":0,"master_deck":["Strike_R","Strike_R","Defend_R","Defend_R","Defend_R","Bash+1","Thunderclap+1","Shrug It Off+1"],"relics":["Burning Blood","Self Forming Clay","Singing Bowl"],"potions_floor_usage":[16,16,16],"damage_taken":[{"damage":10,"enemies":"Cultist","floor":1,"turns":4},{"damage":3,"enemies":"2 Louse","floor":3,"turns":3},{"damage":2,"enemies":"Small Slimes","floor":5,"turns":5},{"damage":29,"enemies":"Gremlin Nob","floor":7,"turns":5},{"damage":1,"enemies":"2 Fungi Beasts","floor":11,"turns":4},{"damage":8,"enemies":"Large Slime","floor":12,"turns":8},{"damage":0,"enemies":"Looter","floor":13,"turns":4},{"damage":61,"enemies":"Slime Boss","floor":16,"turns":14}],"seed_played":"8273132569232832542","potions_obtained":[{"floor":1,"key":"SpeedPotion"},{"floor":7,"key":"Weak Potion"},{"floor":13,"key":"LiquidBronze"}],"is_trial":false,"path_per_floor":["M","?","M","$","M","R","E","R","T","?","M","M","M","$","R","B"],"character_chosen":"IRONCLAD","items_purchased":[],"campfire_rested":0,"item_purchase_floors":[],"current_hp_per_floor":[76,76,79,79,80,80,57,57,57,46,53,53,61,61,61,0],"gold":71,"neow_bonus":"REMOVE_CARD","is_prod":false,"is_daily":false,"chose_seed":false,"campfire_upgraded":3,"win_rate":0,"timestamp":1559329066,"path_taken":["M","?","M","$","M","R","E","R","T","?","M","M","M","$","R","BOSS"],"build_version":"2019-05-28","purchased_purges":2,"victory":false,"max_hp_per_floor":[80,80,80,80,80,80,80,80,80,80,82,84,86,86,86,86],"card_choices":[{"not_picked":["Combust","Blood for Blood"],"picked":"Thunderclap","floor":1},{"not_picked":["Infernal Blade","True Grit","Headbutt"],"picked":"SKIP","floor":3},{"not_picked":["Wild Strike","Carnage"],"picked":"Shrug It Off","floor":5},{"not_picked":["Combust","Inflame","Corruption"],"picked":"SKIP","floor":7},{"not_picked":["Anger","Warcry","Offering"],"picked":"Singing Bowl","floor":11},{"not_picked":["Uppercut","Warcry","Thunderclap"],"picked":"Singing Bowl","floor":12},{"not_picked":["Wild Strike","Rupture","Combust"],"picked":"Singing Bowl","floor":13}],"player_experience":420986,"relics_obtained":[{"floor":7,"key":"Self Forming Clay"},{"floor":9,"key":"Singing Bowl"}],"event_choices":[{"cards_removed":["Strike_R"],"damage_healed":0,"gold_gain":0,"player_choice":"Card Removal","damage_taken":0,"max_hp_gain":0,"max_hp_loss":0,"event_name":"The Cleric","floor":2,"gold_loss":50},{"damage_healed":0,"gold_gain":75,"player_choice":"Gather Gold","damage_taken":11,"max_hp_gain":0,"max_hp_loss":0,"event_name":"World of Goop","floor":10,"gold_loss":0}],"is_beta":true,"boss_relics":[],"items_purged_floors":[4,14],"is_endless":false,"potions_floor_spawned":[1,7,13],"killed_by":"Slime Boss","ascension_level":0}