{"gold_per_floor":[116,116,132,232,242,242,253,253,278,298,325,325,325,60,60,162,162,179,179,11,26,26,26,45,45,45,45,45,63,63,78,78,173,173,192,208,222,222,234,234,234],"floor_reached":41,"playtime":1730,"items_purged":["Defend_B"],"score":518,"play_id":"346c2e2a-e216-4883-871c-13605c7d44d8","local_time":"20190601142302","is_ascension_mode":false,"campfire_choices":[{"data":"Zap","floor":6,"key":"SMITH"},{"floor":8,"key":"REST"},{"data":"Glacier","floor":12,"key":"SMITH"},{"floor":15,"key":"REST"},{"data":"Echo Form","floor":23,"key":"SMITH"},{"floor":25,"key":"REST"},{"floor":30,"key":"REST"},{"floor":32,"key":"REST"},{"floor":40,"key":"REST"}],"neow_cost":"NONE","seed_source_timestamp":701769662801800,"circlet_count":0,"master_deck":["Strike_B+1","Strike_B+1","Strike_B+1","Defend_B","Defend_B","Zap+1","Dualcast","Coolheaded","Doom and Gloom+1","Glacier+1","Steam","Coolheaded","Cold Snap","Biased Cognition","Cold Snap","Echo Form+1","Coolheaded","RitualDagger","Blizzard","Enlightenment","Blizzard+1","Cold Snap","Reboot","Biased Cognition","Coolheaded+1","Glacier+1","Cold Snap+1"],"relics":["FrozenCore","Whetstone","Torii","Inserter","Sundial","MutagenicStrength","hubris:BallOfYels","hubris:Towel"],"potions_floor_usage":[7,11,16,21,21],"damage_taken":[{"damage":1,"enemies":"Cultist","floor":1,"turns":3},{"damage":4,"enemies":"2 Louse","floor":3,"turns":3},{"damage":11,"enemies":"Jaw Worm","floor":5,"turns":3},{"damage":6,"enemies":"Exordium Wildlife","floor":7,"turns":4},{"damage":0,"enemies":"Large Slime","floor":10,"turns":3},{"damage":12,"enemies":"Gremlin Nob","floor":11,"turns":3},{"damage":0,"enemies":"Slime Boss","floor":16,"turns":12},{"damage":10,"enemies":"Shell Parasite","floor":18,"turns":5},{"damage":2,"enemies":"Spheric Guardian","floor":21,"turns":4},{"damage":9,"enemies":"Snecko","floor":24,"turns":6},{"damage":22,"enemies":"Snake Plant","floor":29,"turns":6},{"damage":23,"enemies":"Sentry and Sphere","floor":31,"turns":5},{"damage":25,"enemies":"Automaton","floor":33,"turns":8},{"damage":21,"enemies":"3 Darklings","floor":35,"turns":6},{"damage":8,"enemies":"3 Shapes","floor":36,"turns":8},{"damage":26,"enemies":"3 Darklings","floor":37,"turns":6},{"damage":2,"enemies":"Maw","floor":39,"turns":9},{"damage":28,"enemies":"Nemesis","floor":41,"turns":7}],"seed_played":"2369574469853967682","potions_obtained":[{"floor":1,"key":"SpeedPotion"},{"floor":5,"key":"AttackPotion"},{"floor":7,"key":"SkillPotion"},{"floor":10,"key":"Strength Potion"},{"floor":18,"key":"SpeedPotion"},{"floor":29,"key":"FearPotion"},{"floor":36,"key":"FearPotion"}],"is_trial":false,"path_per_floor":["M","?","M","?","M","R","M","R","T","M","E","R","?","$","R","B",null,"M","?","$","M","?","R","M","R","T","?","?","M","R","M","R","B",null,"M","M","M","?","M","R","E"],"character_chosen":"DEFECT","items_purchased":["Biased Cognition","Cold Snap","Blizzard","Enlightenment"],"campfire_rested":6,"item_purchase_floors":[14,14,20,20],"current_hp_per_floor":[74,59,55,55,44,44,38,60,60,60,48,48,41,41,63,63,75,65,59,59,57,43,43,34,58,58,58,58,36,60,37,61,36,80,59,51,25,25,23,47,19],"gold":234,"neow_bonus":"REMOVE_CARD","is_prod":false,"is_daily":false,"chose_seed":false,"campfire_upgraded":3,"win_rate":0,"timestamp":1559388182,"path_taken":["M","?","M","?","M","R","?","R","T","M","E","R","?","?","R","BOSS","M","?","?","?","?","R","M","R","T","?","?","M","R","?","R","BOSS","M","?","?","?","?","R","E"],"build_version":"2019-01-23","purchased_purges":1,"victory":false,"max_hp_per_floor":[75,75,75,75,75,75,75,75,75,75,75,75,75,75,75,75,75,75,75,75,75,80,80,80,80,80,80,80,80,80,80,80,80,80,80,80,80,80,80,80,80],"card_choices":[{"not_picked":["Chill","Steam"],"picked":"Coolheaded","floor":1},{"not_picked":["Steam","Cold Snap"],"picked":"Doom and Gloom","floor":3},{"not_picked":["Coolheaded","Blizzard"],"picked":"Glacier","floor":5},{"not_picked":["Chill","Cold Snap"],"picked":"Steam","floor":7},{"not_picked":["Doom and Gloom","Glacier"],"picked":"Coolheaded","floor":10},{"not_picked":["Coolheaded","Glacier"],"picked":"Cold Snap","floor":11},{"not_picked":["Buffer","Rainbow"],"picked":"Echo Form","floor":16},{"not_picked":["Steam","Doom and Gloom+1"],"picked":"Coolheaded","floor":18},{"not_picked":["Coolheaded","Steam+1"],"picked":"Blizzard+1","floor":21},{"not_picked":["Coolheaded+1","Doom and Gloom","Cold Snap"],"picked":"SKIP","floor":24},{"not_picked":["Steam","Doom and Gloom"],"picked":"Cold Snap","floor":29},{"not_picked":["Cold Snap","Steam"],"picked":"Reboot","floor":31},{"not_picked":["Echo Form","Buffer"],"picked":"Biased Cognition","floor":33},{"not_picked":["Blizzard+1","Steam"],"picked":"Coolheaded+1","floor":35},{"not_picked":["Cold Snap","Coolheaded"],"picked":"Glacier+1","floor":36},{"not_picked":["Coolheaded","Cold Snap+1","Steam"],"picked":"SKIP","floor":37},{"not_picked":["Steam+1","Coolheaded+1"],"picked":"Cold Snap+1","floor":39}],"player_experience":445972,"relics_obtained":[{"floor":9,"key":"Whetstone"},{"floor":11,"key":"Torii"},{"floor":26,"key":"Sundial"}],"event_choices":[{"damage_healed":0,"gold_gain":0,"player_choice":"Entered Light","damage_taken":15,"max_hp_gain":0,"max_hp_loss":0,"event_name":"Shining Light","floor":2,"gold_loss":0,"cards_upgraded":["Strike_B","Strike_B"]},{"damage_healed":0,"gold_gain":100,"player_choice":"Pray","damage_taken":0,"max_hp_gain":0,"max_hp_loss":0,"event_name":"Golden Shrine","floor":4,"gold_loss":0},{"cards_removed":["Defend_B"],"damage_healed":0,"gold_gain":0,"player_choice":"Card Removal","damage_taken":7,"max_hp_gain":0,"max_hp_loss":0,"event_name":"Golden Wing","floor":13,"gold_loss":0},{"damage_healed":0,"gold_gain":0,"player_choice":"Joined the Cult","damage_taken":6,"max_hp_gain":0,"max_hp_loss":0,"event_name":"Nest","floor":19,"gold_loss":0,"cards_obtained":["RitualDagger"]},{"damage_healed":0,"gold_gain":0,"player_choice":"Shed Blood","damage_taken":19,"max_hp_gain":5,"max_hp_loss":0,"event_name":"Forgotten Altar","floor":22,"gold_loss":0},{"damage_healed":0,"gold_gain":0,"player_choice":"Inject Mutagens","damage_taken":0,"relics_obtained":["MutagenicStrength"],"max_hp_gain":0,"max_hp_loss":0,"event_name":"Drug Dealer","floor":27,"gold_loss":0},{"damage_healed":0,"gold_gain":0,"player_choice":"Opened","damage_taken":0,"relics_obtained":["hubris:BallOfYels"],"max_hp_gain":0,"max_hp_loss":0,"event_name":"The Mausoleum","floor":28,"gold_loss":0}],"is_beta":false,"boss_relics":[{"not_picked":["Runic Dome","hubris:GrandSneckoEye"],"picked":"Inserter"},{"not_picked":["Busted Crown","Philosopher\u0027s Stone"],"picked":"FrozenCore"}],"items_purged_floors":[14],"is_endless":false,"potions_floor_spawned":[1,5,7,10,18,29,36],"killed_by":"Nemesis","ascension_level":0}