{"gold_per_floor":[110,133,150,100,70,104,104,119,145,171,171,201,217,63,63,63],"floor_reached":16,"playtime":593,"items_purged":["Strike_R"],"score":193,"play_id":"4b3457e8-2d11-4acf-b8a4-26875b40bd14","local_time":"20191016224711","is_ascension_mode":true,"campfire_choices":[{"data":"Bash","floor":7,"key":"SMITH"},{"data":"Flex","floor":11,"key":"SMITH"},{"data":"Shockwave","floor":15,"key":"SMITH"}],"neow_cost":"NONE","seed_source_timestamp":193040599698000,"circlet_count":0,"master_deck":["Strike_R","Strike_R","Strike_R","Defend_R","Defend_R","Defend_R","Defend_R","Bash+1","Disarm","Twin Strike","Reaper","Pummel","Flex+1","Shrug It Off","Heavy Blade","Shockwave+1"],"relics":["Burning Blood","NeowsBlessing","Bag of Marbles","Ancient Tea Set","Strawberry","Blue Candle","Bag of Preparation"],"potions_floor_usage":[16,16,16],"damage_taken":[{"damage":0,"enemies":"Cultist","floor":1,"turns":1},{"damage":0,"enemies":"Jaw Worm","floor":3,"turns":1},{"damage":0,"enemies":"Lagavulin","floor":6,"turns":1},{"damage":0,"enemies":"Small Slimes","floor":8,"turns":3},{"damage":28,"enemies":"Gremlin Nob","floor":10,"turns":4},{"damage":15,"enemies":"3 Sentries","floor":12,"turns":7},{"damage":1,"enemies":"Red Slaver","floor":13,"turns":2},{"damage":76,"enemies":"Slime Boss","floor":16,"turns":12}],"seed_played":"-3283673730235526793","potions_obtained":[{"floor":1,"key":"Dexterity Potion"},{"floor":5,"key":"SpeedPotion"},{"floor":5,"key":"LiquidMemories"},{"floor":8,"key":"Block Potion"},{"floor":12,"key":"DistilledChaos"}],"is_trial":false,"path_per_floor":["M","T","M","?","?","E","R","M","T","E","R","E","M","$","R","B"],"character_chosen":"IRONCLAD","items_purchased":["Shockwave"],"campfire_rested":0,"item_purchase_floors":[14],"current_hp_per_floor":[78,78,80,80,80,80,80,80,87,65,65,64,69,69,69,0],"gold":63,"neow_bonus":"THREE_ENEMY_KILL","is_prod":false,"is_daily":false,"chose_seed":false,"campfire_upgraded":3,"win_rate":0,"timestamp":1571258831,"path_taken":["M","?","M","?","?","E","R","M","T","E","R","E","M","$","R","BOSS"],"build_version":"2019-10-16","purchased_purges":1,"victory":false,"max_hp_per_floor":[80,80,80,80,80,80,80,80,87,87,87,87,87,87,87,87],"card_choices":[{"not_picked":["Feel No Pain","Rupture"],"picked":"Disarm","floor":1},{"not_picked":["Disarm","True Grit"],"picked":"Twin Strike","floor":3},{"not_picked":["Reckless Charge","Ghostly Armor"],"picked":"Reaper","floor":6},{"not_picked":["Blood for Blood","Twin Strike"],"picked":"Pummel","floor":8},{"not_picked":["Headbutt","Sever Soul"],"picked":"Flex","floor":10},{"not_picked":["True Grit","Wild Strike"],"picked":"Shrug It Off","floor":12},{"not_picked":["Disarm","Evolve"],"picked":"Heavy Blade","floor":13}],"player_experience":517566,"relics_obtained":[{"floor":2,"key":"Bag of Marbles"},{"floor":6,"key":"Ancient Tea Set"},{"floor":9,"key":"Strawberry"},{"floor":10,"key":"Blue Candle"},{"floor":12,"key":"Bag of Preparation"}],"event_choices":[{"cards_removed":["Strike_R"],"damage_healed":0,"gold_gain":0,"player_choice":"Card Removal","damage_taken":0,"max_hp_gain":0,"max_hp_loss":0,"event_name":"The Cleric","floor":4,"gold_loss":50},{"damage_healed":0,"gold_gain":0,"player_choice":"Bought 2 Potions","damage_taken":0,"max_hp_gain":0,"max_hp_loss":0,"event_name":"The Woman in Blue","floor":5,"gold_loss":0}],"is_beta":true,"boss_relics":[],"items_purged_floors":[14],"is_endless":false,"potions_floor_spawned":[1,8,12],"killed_by":"Slime Boss","ascension_level":7}