{"gold_per_floor":[110,123,8,21,21,21,53,53,53,72,88,88,88,88,88,184,184,152,169,169,25,35,35,52],"floor_reached":24,"playtime":769,"items_purged":[],"score":198,"play_id":"32a99cbf-7f7d-444b-8719-c323f9b03f3a","local_time":"20190602144901","is_ascension_mode":false,"campfire_choices":[{"data":"Defragment","floor":6,"key":"SMITH"},{"data":"Zap","floor":8,"key":"SMITH"},{"floor":12,"key":"REST"},{"data":"Consume","floor":15,"key":"SMITH"},{"data":"Echo Form","floor":23,"key":"SMITH"}],"neow_cost":"NONE","seed_source_timestamp":11973167459300,"circlet_count":0,"master_deck":["Strike_B","Strike_B","Strike_B","Strike_B","Defend_B","Defend_B","Defend_B","Defend_B","Zap+1","Dualcast","Glacier","Streamline","Defragment+1","Conserve Battery","Rip and Tear","Core Surge","Consume+1","Hologram","Echo Form+1","Steam Power","Sunder+1","Double Energy+1"],"relics":["Cracked Core","Dodecahedron","Pantograph","NlothsMask","Nuclear Battery","Nloth\u0027s Gift","Oddly Smooth Stone"],"potions_floor_usage":[7,24],"damage_taken":[{"damage":0,"enemies":"Cultist","floor":1,"turns":1},{"damage":0,"enemies":"Jaw Worm","floor":2,"turns":1},{"damage":0,"enemies":"2 Louse","floor":4,"turns":1},{"damage":29,"enemies":"Gremlin Nob","floor":7,"turns":5},{"damage":6,"enemies":"Lots of Slimes","floor":10,"turns":4},{"damage":8,"enemies":"Blue Slaver","floor":11,"turns":4},{"damage":35,"enemies":"Slime Boss","floor":16,"turns":10},{"damage":11,"enemies":"2 Thieves","floor":18,"turns":5},{"damage":10,"enemies":"Spheric Guardian","floor":19,"turns":5},{"damage":12,"enemies":"3 Cultists","floor":22,"turns":6},{"damage":22,"enemies":"Centurion and Healer","floor":24,"turns":5}],"seed_played":"-4171388997676209400","potions_obtained":[{"floor":1,"key":"LiquidBronze"},{"floor":7,"key":"SteroidPotion"},{"floor":18,"key":"Weak Potion"},{"floor":24,"key":"SpeedPotion"}],"is_trial":false,"path_per_floor":["M","M","$","M","?","R","E","R","T","M","M","R","$","?","R","B",null,"M","M","?","$","M","R","M"],"character_chosen":"DEFECT","items_purchased":["Defragment","Conserve Battery","Oddly Smooth Stone"],"campfire_rested":1,"item_purchase_floors":[3,3,21],"current_hp_per_floor":[75,75,75,75,75,75,46,46,46,40,32,54,54,54,54,40,75,64,54,54,54,42,42,20],"gold":52,"neow_bonus":"THREE_ENEMY_KILL","is_prod":false,"is_daily":false,"chose_seed":false,"campfire_upgraded":4,"win_rate":0,"timestamp":1559476141,"path_taken":["M","?","$","M","?","R","E","R","T","M","M","R","?","?","R","BOSS","M","?","?","$","M","R","M"],"build_version":"2019-06-01","purchased_purges":0,"victory":false,"max_hp_per_floor":[75,75,75,75,75,75,75,75,75,75,75,75,75,75,75,75,75,75,75,75,75,75,75,75],"card_choices":[{"not_picked":["Turbo","Hologram"],"picked":"Glacier","floor":1},{"not_picked":["Steam","Barrage"],"picked":"Streamline","floor":2},{"not_picked":["Barrage","Rebound"],"picked":"Rip and Tear","floor":4},{"not_picked":["Steam","Rip and Tear"],"picked":"Core Surge","floor":7},{"not_picked":["Stack","Doom and Gloom"],"picked":"Consume","floor":10},{"not_picked":["Rebound","Redo"],"picked":"Hologram","floor":11},{"not_picked":["Fission","Thunder Strike"],"picked":"Echo Form","floor":16},{"not_picked":["Barrage","Rebound"],"picked":"Steam Power","floor":18},{"not_picked":["Compile Driver","Reinforced Body+1"],"picked":"Sunder+1","floor":19},{"not_picked":["Rebound","Barrage"],"picked":"Double Energy+1","floor":22}],"player_experience":432758,"relics_obtained":[{"floor":7,"key":"Dodecahedron"},{"floor":9,"key":"Pantograph"}],"event_choices":[{"damage_healed":0,"gold_gain":0,"player_choice":"Leave","damage_taken":0,"max_hp_gain":0,"max_hp_loss":0,"event_name":"The Cleric","floor":5,"gold_loss":0},{"damage_healed":0,"gold_gain":0,"player_choice":"Trade","damage_taken":0,"relics_obtained":["NlothsMask"],"max_hp_gain":0,"max_hp_loss":0,"event_name":"FaceTrader","floor":14,"gold_loss":0},{"damage_healed":0,"gold_gain":0,"player_choice":"Traded Relic","damage_taken":0,"relics_obtained":["Nloth\u0027s Gift"],"max_hp_gain":0,"max_hp_loss":0,"event_name":"N\u0027loth","floor":20,"relics_lost":["NeowsBlessing"],"gold_loss":0}],"is_beta":true,"boss_relics":[{"not_picked":["Eternal Feather","Pandora\u0027s Box"],"picked":"Nuclear Battery"}],"items_purged_floors":[],"is_endless":false,"potions_floor_spawned":[1,7,18,24],"killed_by":"Centurion and Healer","ascension_level":0}