{"gold_per_floor":[118,131,147,222,222,253,253,269,269,269,269,251,251,265,265,363,363,375,375,103,122,136,136,136,136,136,136,136,152,165,42,42,145,145,164,179,179,192,92,92,192,202,202,221,96,96,109,109,109,109],"floor_reached":51,"playtime":1959,"items_purged":["Strike_R","Strike_R","Defend_R"],"score":724,"play_id":"0dbfeda2-a32c-42d6-ab1d-3556c3dac1ec","local_time":"20190423015147","is_ascension_mode":false,"campfire_choices":[{"floor":7,"key":"REST"},{"data":"Headbutt","floor":10,"key":"SMITH"},{"floor":15,"key":"REST"},{"floor":23,"key":"REST"},{"data":"Defend_R","floor":27,"key":"SMITH"},{"floor":32,"key":"REST"},{"floor":46,"key":"REST"},{"data":"Strike_R","floor":49,"key":"SMITH"}],"neow_cost":"NONE","seed_source_timestamp":136107280825966,"circlet_count":0,"master_deck":["Strike_R+1","Defend_R+1","Defend_R","Bash+1","Headbutt+1","Rampage+1","Shrug It Off+1","Rampage+1","Metallicize+1","Dropkick+1","Pommel Strike+1"],"relics":["Burning Blood","Molten Egg 2","Dead Branch","Runic Pyramid","MutagenicStrength","HandDrill","Sundial","Black Star","FaceOfCleric","Lantern"],"potions_floor_usage":[6,12,44],"damage_taken":[{"damage":4,"enemies":"2 Louse","floor":1,"turns":3},{"damage":11,"enemies":"Jaw Worm","floor":2,"turns":3},{"damage":0,"enemies":"Small Slimes","floor":3,"turns":3},{"damage":52,"enemies":"3 Sentries","floor":6,"turns":10},{"damage":9,"enemies":"2 Fungi Beasts","floor":8,"turns":3},{"damage":12,"enemies":"Exordium Thugs","floor":12,"turns":4},{"damage":12,"enemies":"3 Louse","floor":14,"turns":4},{"damage":52,"enemies":"Hexaghost","floor":16,"turns":8},{"damage":10,"enemies":"Chosen","floor":18,"turns":4},{"damage":24,"enemies":"3 Byrds","floor":21,"turns":5},{"damage":13,"enemies":"Snake Plant","floor":22,"turns":3},{"damage":15,"enemies":"3 Cultists","floor":29,"turns":5},{"damage":0,"enemies":"Cultist and Chosen","floor":30,"turns":4},{"damage":6,"enemies":"Champ","floor":33,"turns":7},{"damage":17,"enemies":"3 Shapes","floor":35,"turns":5},{"damage":20,"enemies":"Orb Walker","floor":36,"turns":3},{"damage":33,"enemies":"Jaw Worm Horde","floor":38,"turns":4},{"damage":22,"enemies":"3 Darklings","floor":42,"turns":3},{"damage":14,"enemies":"Sphere and 2 Shapes","floor":44,"turns":4},{"damage":8,"enemies":"Spire Growth","floor":47,"turns":3},{"damage":33,"enemies":"Time Eater","floor":50,"turns":6}],"seed_played":"1286262752409182075","potions_obtained":[{"floor":3,"key":"Regen Potion"},{"floor":8,"key":"BloodPotion"},{"floor":12,"key":"SteroidPotion"},{"floor":16,"key":"PowerPotion"},{"floor":30,"key":"Poison Potion"}],"is_trial":false,"path_per_floor":["M","M","M","?","?","E","R","M","T","R","?","M","?","M","R","B",null,"M","?","$","M","M","R","?","?","T","R","?","M","M","$","R","B",null,"M","M","?","M","$","$","?","M","T","M","$","R","M","?","R","B",null],"character_chosen":"IRONCLAD","items_purchased":["HandDrill","Dropkick+1","Pommel Strike+1"],"campfire_rested":5,"item_purchase_floors":[20,31,31],"current_hp_per_floor":[80,75,80,69,62,31,55,52,52,52,57,59,59,53,78,32,85,81,81,81,63,56,81,81,65,65,65,65,56,62,62,89,89,90,79,65,65,39,39,39,39,24,24,17,17,44,43,82,82,56],"gold":109,"neow_bonus":"UPGRADE_CARD","is_prod":false,"is_daily":false,"chose_seed":false,"campfire_upgraded":3,"win_rate":0,"timestamp":1556002307,"path_taken":["M","M","M","?","?","E","R","M","T","R","?","M","?","M","R","BOSS","M","?","$","M","M","R","?","?","T","R","?","M","M","?","R","BOSS","M","?","?","M","?","$","?","M","T","M","$","R","?","?","R","BOSS"],"build_version":"2019-01-23","purchased_purges":3,"victory":true,"max_hp_per_floor":[80,80,80,80,80,80,80,80,80,80,85,85,85,85,85,85,85,85,85,85,85,85,85,85,90,90,90,90,90,90,90,90,90,90,90,90,90,91,91,91,91,92,92,93,93,93,94,82,82,83],"card_choices":[{"not_picked":["Burning Pact","True Grit"],"picked":"Headbutt","floor":1},{"not_picked":["Havoc","Power Through","Clothesline"],"picked":"SKIP","floor":2},{"not_picked":["Sword Boomerang","Havoc","Heavy Blade"],"picked":"SKIP","floor":3},{"not_picked":["Burning Pact","Wild Strike"],"picked":"Rampage","floor":6},{"not_picked":["Blood for Blood+1","Flex","Reckless Charge+1"],"picked":"SKIP","floor":8},{"not_picked":["Sword Boomerang+1","Perfected Strike+1","Anger+1"],"picked":"SKIP","floor":12},{"not_picked":["Uppercut+1","Infernal Blade","Flex"],"picked":"SKIP","floor":14},{"not_picked":["Rupture+1","Perfected Strike+1"],"picked":"Shrug It Off+1","floor":18},{"not_picked":["Clothesline+1","Combust+1","Perfected Strike+1"],"picked":"SKIP","floor":21},{"not_picked":["Iron Wave+1","Uppercut+1","Havoc"],"picked":"SKIP","floor":22},{"not_picked":["Perfected Strike+1","Warcry"],"picked":"Rampage+1","floor":29},{"not_picked":["True Grit","Cleave+1"],"picked":"Metallicize+1","floor":30},{"not_picked":["Rampage+1","Thunderclap+1","Clothesline+1"],"picked":"SKIP","floor":35},{"not_picked":["Perfected Strike+1","Dual Wield+1","Sword Boomerang+1"],"picked":"SKIP","floor":36},{"not_picked":["Infernal Blade+1","Clothesline+1","Heavy Blade+1"],"picked":"SKIP","floor":38},{"not_picked":["Sentinel+1","Twin Strike+1","Sword Boomerang+1"],"picked":"SKIP","floor":42},{"not_picked":["Body Slam+1","Anger+1","Intimidate"],"picked":"SKIP","floor":44},{"not_picked":["Cleave+1","Feed+1","Pommel Strike+1"],"picked":"SKIP","floor":47}],"player_experience":497130,"relics_obtained":[{"floor":6,"key":"Molten Egg 2"},{"floor":9,"key":"Dead Branch"},{"floor":26,"key":"Sundial"},{"floor":43,"key":"Lantern"}],"event_choices":[{"damage_healed":0,"gold_gain":75,"player_choice":"Gather Gold","damage_taken":11,"max_hp_gain":0,"max_hp_loss":0,"event_name":"World of Goop","floor":4,"gold_loss":0},{"cards_removed":["Defend_R"],"damage_healed":0,"gold_gain":0,"player_choice":"Card Removal","damage_taken":7,"max_hp_gain":0,"max_hp_loss":0,"event_name":"Golden Wing","floor":5,"gold_loss":0},{"damage_healed":0,"gold_gain":0,"player_choice":"Donut","damage_taken":0,"max_hp_gain":5,"max_hp_loss":0,"event_name":"Big Fish","floor":11,"gold_loss":0},{"cards_removed":["Strike_R"],"damage_healed":0,"gold_gain":0,"player_choice":"Purged","damage_taken":0,"max_hp_gain":0,"max_hp_loss":0,"event_name":"Purifier","floor":13,"gold_loss":0},{"damage_healed":0,"gold_gain":0,"player_choice":"Inject Mutagens","damage_taken":0,"relics_obtained":["MutagenicStrength"],"max_hp_gain":0,"max_hp_loss":0,"event_name":"Drug Dealer","floor":19,"gold_loss":0},{"cards_removed":["Strike_R"],"damage_healed":0,"gold_gain":0,"player_choice":"Elegance","damage_taken":0,"max_hp_gain":0,"max_hp_loss":0,"event_name":"Back to Basics","floor":24,"gold_loss":0},{"damage_healed":0,"gold_gain":0,"player_choice":"Shed Blood","damage_taken":21,"max_hp_gain":5,"max_hp_loss":0,"event_name":"Forgotten Altar","floor":25,"gold_loss":0},{"damage_healed":0,"gold_gain":0,"player_choice":"Ignored","damage_taken":0,"max_hp_gain":0,"max_hp_loss":0,"event_name":"Ghosts","floor":28,"gold_loss":0},{"damage_healed":0,"gold_gain":0,"player_choice":"Trade","damage_taken":0,"relics_obtained":["FaceOfCleric"],"max_hp_gain":0,"max_hp_loss":0,"event_name":"FaceTrader","floor":37,"gold_loss":0},{"damage_healed":0,"gold_gain":100,"player_choice":"Pray","damage_taken":0,"max_hp_gain":0,"max_hp_loss":0,"event_name":"Golden Shrine","floor":41,"gold_loss":0},{"damage_healed":82,"gold_gain":0,"player_choice":"Heal","damage_taken":0,"max_hp_gain":0,"max_hp_loss":12,"event_name":"The Moai Head","floor":48,"gold_loss":0}],"is_beta":false,"boss_relics":[{"not_picked":["White Beast Statue","Pandora\u0027s Box"],"picked":"Runic Pyramid"},{"not_picked":["Cursed Key","Orrery"],"picked":"Black Star"}],"items_purged_floors":[20,39,45],"is_endless":false,"potions_floor_spawned":[3,8,12,16,30,36,42],"ascension_level":0}