{"gold_per_floor":[112,112,126,51,64,64,64,64,89,101,111,137,137,157,157,157],"floor_reached":16,"playtime":608,"items_purged":["Rage"],"score":204,"play_id":"fc5cd2d6-7050-466e-b8ef-f11ad3a5c19a","local_time":"20190527144516","is_ascension_mode":true,"campfire_choices":[{"data":"Bash","floor":6,"key":"SMITH"},{"floor":8,"key":"REST"},{"floor":15,"key":"REST"}],"neow_cost":"NONE","seed_source_timestamp":277259119645,"circlet_count":0,"master_deck":["AscendersBane","Strike_R","Strike_R","Strike_R","Strike_R","Strike_R","Defend_R","Defend_R","Defend_R","Bash+1","Evolve","Battle Trance","Warcry","Cleave","Reaper"],"relics":["Philosopher\u0027s Stone","Dodecahedron","Bag of Marbles","Juzu Bracelet"],"potions_floor_usage":[16,16],"damage_taken":[{"damage":12,"enemies":"Small Slimes","floor":1,"turns":4},{"damage":3,"enemies":"Jaw Worm","floor":3,"turns":3},{"damage":2,"enemies":"Cultist","floor":5,"turns":3},{"damage":13,"enemies":"Blue Slaver","floor":10,"turns":3},{"damage":9,"enemies":"3 Louse","floor":11,"turns":2},{"damage":39,"enemies":"Gremlin Nob","floor":12,"turns":4},{"damage":9,"enemies":"2 Fungi Beasts","floor":14,"turns":3},{"damage":37,"enemies":"The Guardian","floor":16,"turns":6}],"seed_played":"2320306694731535134","potions_obtained":[{"floor":3,"key":"Dexterity Potion"},{"floor":10,"key":"EssenceOfSteel"},{"floor":11,"key":"PowerPotion"}],"is_trial":false,"path_per_floor":["M","?","M","$","M","R","T","R","T","M","M","E","?","M","R","B"],"character_chosen":"IRONCLAD","items_purchased":[],"campfire_rested":2,"item_purchase_floors":[],"current_hp_per_floor":[56,56,53,53,51,51,51,73,73,60,51,12,12,15,37,0],"gold":157,"neow_bonus":"BOSS_RELIC","is_prod":false,"is_daily":false,"chose_seed":false,"campfire_upgraded":1,"win_rate":0,"timestamp":1558993516,"path_taken":["M","?","M","$","M","R","?","R","T","M","M","E","?","M","R","BOSS"],"build_version":"2019-01-23","purchased_purges":1,"victory":false,"max_hp_per_floor":[75,75,75,75,75,75,75,75,75,75,75,75,75,75,75,75],"card_choices":[{"not_picked":["Flex","Burning Pact","Body Slam"],"picked":"SKIP","floor":1},{"not_picked":["True Grit","Havoc"],"picked":"Evolve","floor":3},{"not_picked":["Warcry","Headbutt"],"picked":"Battle Trance","floor":5},{"not_picked":["Sentinel","Headbutt"],"picked":"Warcry","floor":10},{"not_picked":["Perfected Strike","Flex"],"picked":"Cleave","floor":11},{"not_picked":["Havoc","Dropkick"],"picked":"Reaper","floor":12},{"not_picked":["Heavy Blade","Feel No Pain","Headbutt"],"picked":"SKIP","floor":14}],"player_experience":627519,"relics_obtained":[{"floor":7,"key":"Dodecahedron"},{"floor":9,"key":"Bag of Marbles"},{"floor":12,"key":"Juzu Bracelet"}],"event_choices":[{"damage_healed":0,"gold_gain":0,"cards_transformed":["Defend_R"],"player_choice":"Change","damage_taken":0,"max_hp_gain":0,"max_hp_loss":0,"event_name":"Living Wall","floor":2,"gold_loss":0,"cards_obtained":["Rage"]},{"damage_healed":0,"gold_gain":0,"player_choice":"Fled","damage_taken":0,"max_hp_gain":0,"max_hp_loss":0,"event_name":"Scrap Ooze","floor":13,"gold_loss":0}],"is_beta":false,"boss_relics":[],"items_purged_floors":[4],"is_endless":false,"potions_floor_spawned":[3,10,11,14],"killed_by":"The Guardian","ascension_level":20}