{"gold_per_floor":[116,131,131,131,131,131,143,143,198,208,208,222,249,304,304,399,399,410,410,16,29,45,45,62,62,114,128,146,146,146,163,163,263,293,311,321,321,67,67,67,80,80,125,125,125,137,137,137,137,137],"floor_reached":51,"playtime":2299,"items_purged":["Strike_B"],"score":772,"play_id":"e0e64448-0c9c-427b-8952-0f905bc6c076","local_time":"20190614162849","is_ascension_mode":false,"campfire_choices":[{"data":"Dualcast","floor":6,"key":"SMITH"},{"data":"Echo Form","floor":8,"key":"SMITH"},{"data":"Lockon","floor":11,"key":"SMITH"},{"data":"Hologram","floor":15,"key":"SMITH"},{"data":"Loop","floor":23,"key":"SMITH"},{"data":"Hyperbeam","floor":25,"key":"SMITH"},{"floor":30,"key":"REST"},{"data":"Go for the Eyes","floor":32,"key":"SMITH"},{"floor":40,"key":"REST"},{"data":"Storm","floor":42,"key":"SMITH"},{"data":"Seek","floor":44,"key":"SMITH"},{"floor":49,"key":"REST"}],"neow_cost":"NONE","seed_source_timestamp":23263628188200,"circlet_count":0,"master_deck":["Strike_B+1","Strike_B","Strike_B+1","Defend_B","Defend_B","Defend_B","Defend_B","Zap+1","Dualcast+1","Sweeping Beam","Lockon+1","Echo Form+1","Cold Snap","Hologram+1","Auto Shields","Hyperbeam+1","Beam Cell+1","Loop+1","Coolheaded","Go for the Eyes+1","Steam+1","Decay","Go for the Eyes+1","FTL+1","Necronomicurse","Leap","Seek+1","Clumsy","AscMod:ascendersbane","Regret","Hologram+1","Storm+1","Self Repair","Coolheaded","Injury","Shrug It Off+1"],"relics":["Cracked Core","aspiration:Nostalgia","Ring of the Snake","aspiration:Lifesprig","Lantern","Centennial Puzzle","Cursed Key","aspiration:FaultyCoupler","Happy Flower","Necronomicon","Calling Bell","Dead Branch","Letter Opener","Tiny Chest","PrismaticShard","Juzu Bracelet","aspiration:EnhancedActuators","theFactory:ChargeChargeCharge"],"potions_floor_usage":[13,13,27,33,33,36,41],"damage_taken":[{"damage":0,"enemies":"Small Slimes","floor":1,"turns":3},{"damage":1,"enemies":"2 Louse","floor":2,"turns":3},{"damage":0,"enemies":"Jaw Worm","floor":7,"turns":1},{"damage":2,"enemies":"Blue Slaver","floor":10,"turns":3},{"damage":7,"enemies":"2 Fungi Beasts","floor":12,"turns":2},{"damage":9,"enemies":"Lagavulin","floor":13,"turns":4},{"damage":23,"enemies":"The Guardian","floor":16,"turns":10},{"damage":0,"enemies":"Spheric Guardian","floor":18,"turns":3},{"damage":0,"enemies":"2 Thieves","floor":21,"turns":2},{"damage":25,"enemies":"Shelled Parasite and Fungi","floor":22,"turns":6},{"damage":5,"enemies":"3 Cultists","floor":24,"turns":3},{"damage":0,"enemies":"Chosen and Byrds","floor":27,"turns":3},{"damage":0,"enemies":"Snecko","floor":28,"turns":3},{"damage":0,"enemies":"Centurion and Healer","floor":31,"turns":3},{"damage":35,"enemies":"Champ","floor":33,"turns":12},{"damage":2,"enemies":"theFactory:BigBot","floor":35,"turns":4},{"damage":36,"enemies":"theFactory:2_Experiment_Personnel","floor":36,"turns":9},{"damage":0,"enemies":"theFactory:Personnel_and_Mini-Bots","floor":41,"turns":2},{"damage":0,"enemies":"theFactory:Sentries_and_Big_Bot","floor":46,"turns":2},{"damage":47,"enemies":"theFactory:SPIDER","floor":50,"turns":13}],"seed_played":"-7650274695740080611","potions_obtained":[{"floor":7,"key":"GamblersBrew"},{"floor":10,"key":"FocusPotion"},{"floor":12,"key":"Poison Potion"},{"floor":13,"key":"SteroidPotion"},{"floor":16,"key":"Explosive Potion"},{"floor":24,"key":"SkillPotion"},{"floor":27,"key":"SteroidPotion"},{"floor":28,"key":"Dexterity Potion"},{"floor":35,"key":"AttackPotion"},{"floor":36,"key":"SmokeBomb"},{"floor":39,"key":"PowerPotion"}],"is_trial":false,"path_per_floor":["M","M","?","?","$","R","M","R","T","M","R","M","E","T","R","B",null,"M","?","$","M","M","R","M","R","T","M","M","?","R","M","R","B",null,"M","M","?","$","?","R","M","R","T","R","?","M","?","?","R","B",null],"character_chosen":"DEFECT","items_purchased":["Loop","aspiration:FaultyCoupler","Self Repair","Coolheaded","Juzu Bracelet"],"campfire_rested":3,"item_purchase_floors":[20,20,38,38,38],"current_hp_per_floor":[75,74,59,59,59,59,59,59,59,57,57,50,42,42,42,22,75,75,75,75,75,51,51,47,47,47,48,49,33,55,56,56,28,75,74,43,27,27,27,49,50,50,50,50,50,51,51,51,73,45],"gold":137,"neow_bonus":"NOSTALGIA","is_prod":false,"is_daily":false,"chose_seed":false,"campfire_upgraded":9,"win_rate":0,"timestamp":1560518929,"path_taken":["M","M","?","?","?","R","M","R","T","M","R","M","E","?","R","BOSS","M","?","$","M","M","R","M","R","T","M","M","?","R","?","R","BOSS","M","M","?","$","?","R","M","R","T","R","?","M","?","?","R","BOSS"],"build_version":"2019-01-23","purchased_purges":1,"victory":true,"max_hp_per_floor":[75,75,75,75,75,75,75,75,75,75,75,75,75,75,75,75,75,75,75,75,75,75,75,75,75,75,75,75,75,75,75,75,75,75,75,75,75,75,75,75,75,75,75,75,75,75,75,75,75,75],"card_choices":[{"not_picked":["Turbo","Skim"],"picked":"Sweeping Beam","floor":1},{"not_picked":["Cold Snap","Leap"],"picked":"Lockon","floor":2},{"not_picked":["Stack","Tempest"],"picked":"Echo Form","floor":7},{"not_picked":["Beam Cell","Consume"],"picked":"Cold Snap","floor":10},{"not_picked":["Rebound","Ball Lightning"],"picked":"Hologram","floor":12},{"not_picked":["Reinforced Body","Turbo"],"picked":"Auto Shields","floor":13},{"not_picked":["Creative AI","Echo Form"],"picked":"Hyperbeam","floor":16},{"not_picked":["Cold Snap","Ball Lightning"],"picked":"Beam Cell+1","floor":18},{"not_picked":["Streamline+1","Static Discharge"],"picked":"Coolheaded","floor":21},{"not_picked":["Turbo","Sunder"],"picked":"Go for the Eyes","floor":22},{"not_picked":["Echo Form","Sweeping Beam"],"picked":"Steam+1","floor":24},{"not_picked":["Steam","Gash"],"picked":"Go for the Eyes+1","floor":27},{"not_picked":["Steam+1","Redo"],"picked":"FTL+1","floor":28},{"not_picked":["Redo","Hologram"],"picked":"Leap","floor":31},{"not_picked":["Hyperbeam","Amplify"],"picked":"Seek","floor":33},{"not_picked":["Go for the Eyes+1","Steam+1"],"picked":"Hologram","floor":35},{"not_picked":["Rebound","Skim"],"picked":"Storm","floor":36},{"not_picked":["Anger+1","HollowMod:NewJinnsSoul+1","Rebound+1"],"picked":"SKIP","floor":41},{"not_picked":["Hemokinesis","Deflect"],"picked":"Shrug It Off+1","floor":46}],"player_experience":476540,"relics_obtained":[{"floor":9,"key":"aspiration:Lifesprig"},{"floor":13,"key":"Lantern"},{"floor":14,"key":"Centennial Puzzle"},{"floor":26,"key":"Happy Flower"},{"floor":29,"key":"Necronomicon"},{"floor":34,"key":"Dead Branch"},{"floor":34,"key":"Letter Opener"},{"floor":34,"key":"Tiny Chest"},{"floor":43,"key":"aspiration:EnhancedActuators"}],"event_choices":[{"damage_healed":0,"gold_gain":0,"player_choice":"Entered Light","damage_taken":15,"max_hp_gain":0,"max_hp_loss":0,"event_name":"Shining Light","floor":3,"gold_loss":0,"cards_upgraded":["Strike_B","Strike_B"]},{"damage_healed":0,"gold_gain":0,"player_choice":"Grow","damage_taken":0,"max_hp_gain":0,"max_hp_loss":0,"event_name":"Living Wall","floor":4,"gold_loss":0,"cards_upgraded":["Zap"]},{"damage_healed":0,"gold_gain":0,"player_choice":"Ignored","damage_taken":0,"max_hp_gain":0,"max_hp_loss":0,"event_name":"Vampires","floor":19,"gold_loss":0},{"damage_healed":0,"gold_gain":0,"player_choice":"Obtained Book","damage_taken":16,"max_hp_gain":0,"max_hp_loss":0,"event_name":"Cursed Tome","floor":29,"gold_loss":0},{"damage_healed":0,"gold_gain":0,"player_choice":"Got Potions","damage_taken":0,"max_hp_gain":0,"max_hp_loss":0,"event_name":"Lab","floor":39,"gold_loss":0},{"damage_healed":0,"gold_gain":0,"player_choice":"Forge","damage_taken":0,"max_hp_gain":0,"max_hp_loss":0,"event_name":"Accursed Blacksmith","floor":45,"gold_loss":0,"cards_upgraded":["Hologram"]}],"is_beta":false,"boss_relics":[{"not_picked":["Empty Cage","Runic Pyramid"],"picked":"Cursed Key"},{"not_picked":["White Beast Statue","aspiration:TrainingWeights"],"picked":"Calling Bell"}],"items_purged_floors":[20],"is_endless":false,"potions_floor_spawned":[7,10,12,13,16,24,27,28,31,35,36,50],"ascension_level":0}