{"gold_per_floor":[115,130,147,147,21,21,50,50,101,101,120,137,137,167,167,241,241,258,158,171,270,270,299,0,0,74,92,109,109],"floor_reached":29,"playtime":1855,"items_purged":["Strike_R","Burning Pact"],"score":430,"play_id":"d2155f65-ec56-48bf-9d43-f88772ad72a5","local_time":"20190423171344","is_ascension_mode":true,"campfire_choices":[{"data":"Bash","floor":6,"key":"SMITH"},{"floor":8,"key":"REST"},{"floor":10,"key":"REST"},{"data":"Clash","floor":13,"key":"SMITH"},{"data":"Seeing Red","floor":15,"key":"SMITH"},{"data":"Dual Wield","floor":25,"key":"SMITH"}],"neow_cost":"NONE","seed_source_timestamp":191545547680707,"circlet_count":0,"master_deck":["AscendersBane","Strike_R","Strike_R","Strike_R","Strike_R","Defend_R","Defend_R","Defend_R","Bash+1","Seeing Red+1","Shrug It Off","Clash+1","Pommel Strike","Reaper","Dual Wield+1","Metallicize"],"relics":["Burning Blood","NeowsBlessing","Bronze Scales","Dream Catcher","Pantograph","Runic Dome","Art of War","Matryoshka"],"potions_floor_usage":[7,7,14,16,23,23],"damage_taken":[{"damage":0,"enemies":"Jaw Worm","floor":1,"turns":1},{"damage":0,"enemies":"Cultist","floor":2,"turns":1},{"damage":0,"enemies":"2 Louse","floor":3,"turns":2},{"damage":53,"enemies":"3 Sentries","floor":7,"turns":10},{"damage":18,"enemies":"Large Slime","floor":11,"turns":8},{"damage":3,"enemies":"Blue Slaver","floor":12,"turns":4},{"damage":32,"enemies":"Lagavulin","floor":14,"turns":4},{"damage":55,"enemies":"The Guardian","floor":16,"turns":14},{"damage":15,"enemies":"2 Thieves","floor":18,"turns":4},{"damage":13,"enemies":"3 Byrds","floor":20,"turns":3},{"damage":23,"enemies":"Gremlin Leader","floor":23,"turns":8},{"damage":24,"enemies":"Centurion and Healer","floor":27,"turns":6},{"damage":24,"enemies":"Snake Plant","floor":28,"turns":3},{"damage":37,"enemies":"Book of Stabbing","floor":29,"turns":3}],"seed_played":"-6804750990159985923","potions_obtained":[{"floor":3,"key":"Strength Potion"},{"floor":7,"key":"BloodPotion"},{"floor":11,"key":"PowerPotion"},{"floor":14,"key":"SkillPotion"},{"floor":18,"key":"BloodPotion"}],"is_trial":false,"path_per_floor":["M","M","M","?","$","R","E","R","T","R","M","M","R","E","R","B",null,"M","$","M","?","?","E","?","R","T","M","M","E"],"character_chosen":"IRONCLAD","items_purchased":["Block Potion"],"campfire_rested":2,"item_purchase_floors":[5],"current_hp_per_floor":[74,75,75,75,75,75,28,50,50,72,60,63,63,44,44,20,61,60,60,59,59,45,42,42,42,42,34,22,0],"gold":109,"neow_bonus":"THREE_ENEMY_KILL","is_prod":false,"is_daily":false,"chose_seed":false,"campfire_upgraded":4,"win_rate":0,"timestamp":1556057624,"path_taken":["M","M","M","?","$","R","E","R","T","R","M","M","R","E","R","BOSS","M","$","M","?","?","E","?","R","T","M","?","E"],"build_version":"2019-01-23","purchased_purges":2,"victory":false,"max_hp_per_floor":[75,75,75,75,75,75,75,75,75,75,75,75,75,75,75,75,75,75,75,75,75,80,80,80,80,80,80,80,80],"card_choices":[{"not_picked":["Cleave","True Grit"],"picked":"Seeing Red","floor":1},{"not_picked":["Sword Boomerang","Anger","Body Slam"],"picked":"SKIP","floor":2},{"not_picked":["Clothesline","Second Wind"],"picked":"Burning Pact","floor":3},{"not_picked":["Armaments","Flex"],"picked":"Shrug It Off","floor":7},{"not_picked":["Wild Strike","Iron Wave"],"picked":"Clash","floor":10},{"not_picked":["Armaments","Cleave","Whirlwind"],"picked":"SKIP","floor":11},{"not_picked":["Carnage","Immolate"],"picked":"Pommel Strike","floor":12},{"not_picked":["Infernal Blade","Burning Pact","Flame Barrier"],"picked":"SKIP","floor":14},{"not_picked":["Demon Form","Immolate"],"picked":"Reaper","floor":16},{"not_picked":["Perfected Strike","Sentinel"],"picked":"Dual Wield","floor":18},{"not_picked":["Shockwave","Headbutt","Dropkick"],"picked":"SKIP","floor":20},{"not_picked":["Heavy Blade","Second Wind"],"picked":"Metallicize","floor":23},{"not_picked":["Heavy Blade","Pommel Strike","Uppercut"],"picked":"SKIP","floor":27},{"not_picked":["Bloodletting","Hemokinesis","Brutality"],"picked":"SKIP","floor":28}],"player_experience":503592,"relics_obtained":[{"floor":7,"key":"Bronze Scales"},{"floor":9,"key":"Dream Catcher"},{"floor":14,"key":"Pantograph"},{"floor":23,"key":"Art of War"},{"floor":26,"key":"Matryoshka"}],"event_choices":[{"cards_removed":["Defend_R"],"damage_healed":0,"gold_gain":0,"player_choice":"Offered Basic","damage_taken":0,"max_hp_gain":0,"max_hp_loss":0,"event_name":"Bonfire Elementals","floor":4,"gold_loss":0},{"damage_healed":0,"gold_gain":99,"player_choice":"Stole From Cult","damage_taken":0,"max_hp_gain":0,"max_hp_loss":0,"event_name":"Nest","floor":21,"gold_loss":0},{"damage_healed":0,"gold_gain":0,"player_choice":"Shed Blood","damage_taken":19,"max_hp_gain":5,"max_hp_loss":0,"event_name":"Forgotten Altar","floor":22,"gold_loss":0},{"damage_healed":0,"gold_gain":0,"player_choice":"Paid Fearfully","damage_taken":0,"max_hp_gain":0,"max_hp_loss":0,"event_name":"Masked Bandits","floor":24,"gold_loss":299}],"is_beta":false,"boss_relics":[{"not_picked":["Astrolabe","Philosopher\u0027s Stone"],"picked":"Runic Dome"}],"items_purged_floors":[5,19],"is_endless":false,"potions_floor_spawned":[3,7,11,14,18],"killed_by":"Book of Stabbing","ascension_level":14}