{"gold_per_floor":[16,31,46,0,0,0,26,26,26,55,15,35,35,55,55,126,126,143,143,159,159,25,25,36,36,36,64,82,0,50,9,9,9],"floor_reached":33,"playtime":3171,"items_purged":["Strike_R"],"score":491,"play_id":"d6cd68fe-4fa4-4d89-974e-c85a75f0bfbc","local_time":"20190427182145","is_ascension_mode":true,"campfire_choices":[{"data":"Immolate","floor":6.0,"key":"SMITH"},{"floor":8.0,"key":"REST"},{"floor":13.0,"key":"REST"},{"floor":15.0,"key":"REST"},{"floor":23,"key":"REST"},{"data":"Strike_R","floor":25,"key":"PURGE"},{"floor":32,"key":"REST"}],"neow_cost":"NO_GOLD","seed_source_timestamp":539570543920928,"circlet_count":0,"master_deck":["AscendersBane","Strike_R","Strike_R","Strike_R","Defend_R","Defend_R","Defend_R","Bash","Spot Weakness","Immolate+1","Ghostly Armor","Offering","Reaper","Burning Pact","Shrug It Off","Disarm","Heavy Blade+1","Dropkick+1","Carnage"],"special_seed":0,"relics":["Burning Blood","Peace Pipe","Blood Vial","Pen Nib","Sundial","Juzu Bracelet","Snecko Eye","NlothsMask","Ice Cream","Paper Frog"],"potions_floor_usage":[16,16,20,33,33],"damage_taken":[{"damage":2.0,"enemies":"2 Louse","floor":1.0,"turns":3.0},{"damage":12.0,"enemies":"Jaw Worm","floor":2.0,"turns":2.0},{"damage":3.0,"enemies":"Small Slimes","floor":3.0,"turns":3.0},{"damage":30.0,"enemies":"Gremlin Nob","floor":7.0,"turns":4.0},{"damage":50.0,"enemies":"Lagavulin","floor":10.0,"turns":7.0},{"damage":9.0,"enemies":"Red Slaver","floor":12.0,"turns":4.0},{"damage":0.0,"enemies":"Gremlin Gang","floor":14.0,"turns":1.0},{"damage":57,"enemies":"Hexaghost","floor":16,"turns":8},{"damage":60,"enemies":"Shell Parasite","floor":18,"turns":5},{"damage":28,"enemies":"2 Thieves","floor":20,"turns":4},{"damage":12,"enemies":"Chosen and Byrds","floor":24,"turns":4},{"damage":10,"enemies":"Gremlin Leader","floor":27,"turns":3},{"damage":65,"enemies":"Shelled Parasite and Fungi","floor":28,"turns":7},{"damage":62,"enemies":"Champ","floor":33,"turns":6}],"seed_played":"673937184504892443","potions_obtained":[{"floor":1.0,"key":"Weak Potion"},{"floor":7.0,"key":"SpeedPotion"},{"floor":11.0,"key":"Dexterity Potion"},{"floor":11.0,"key":"FearPotion"},{"floor":14.0,"key":"Dexterity Potion"},{"floor":18,"key":"Dexterity Potion"},{"floor":20,"key":"Weak Potion"},{"floor":28,"key":"Explosive Potion"}],"is_trial":false,"path_per_floor":["M","M","M","?","T","R","E","R","T","E","?","M","R","M","R","B",null,"M","?","M","?","$","R","M","R","T","E","M","?","?","$","R","B"],"character_chosen":"IRONCLAD","items_purchased":["Shrug It Off","Carnage"],"campfire_rested":5,"item_purchase_floors":[22,31],"current_hp_per_floor":[72,66,69,69,69,69,47,69,69,27,27,26,48,56,75,24,62,10,10,25,25,25,47,52,52,52,64,14,14,14,14,36,0],"gold":9,"neow_bonus":"ONE_RARE_RELIC","is_prod":false,"is_daily":false,"chose_seed":false,"campfire_upgraded":1,"win_rate":0,"timestamp":1556407305,"path_taken":["M","M","M","?","?","R","E","R","T","E","?","M","R","M","R","BOSS","M","?","M","?","?","R","M","R","T","E","M","?","?","$","R","BOSS"],"build_version":"2019-01-23","purchased_purges":1,"victory":false,"max_hp_per_floor":[75,75,75,75,75,75,75,75,75,75,75,75,75,75,75,75,75,75,75,75,75,75,75,75,75,75,75,75,75,75,75,75,75],"card_choices":[{"not_picked":["Thunderclap","Body Slam"],"picked":"Spot Weakness","floor":1.0},{"not_picked":["Carnage","Clash"],"picked":"Immolate","floor":2.0},{"not_picked":["Hemokinesis","Flex","Reckless Charge"],"picked":"SKIP","floor":3.0},{"not_picked":["Hemokinesis","Body Slam"],"picked":"Ghostly Armor","floor":7.0},{"not_picked":["Anger","Uppercut"],"picked":"Offering","floor":10.0},{"not_picked":["Clothesline","Entrench","Second Wind"],"picked":"SKIP","floor":12.0},{"not_picked":["Fire Breathing","Thunderclap","Body Slam"],"picked":"SKIP","floor":14.0},{"not_picked":["Fire Breathing","Thunderclap","Body Slam"],"picked":"SKIP","floor":14.0},{"not_picked":["Demon Form","Feed"],"picked":"Reaper","floor":16},{"not_picked":["Clash+1","Perfected Strike"],"picked":"Burning Pact","floor":18},{"not_picked":["Warcry","Seeing Red","Combust"],"picked":"SKIP","floor":20},{"not_picked":["Clash","Headbutt"],"picked":"Disarm","floor":24},{"not_picked":["Rupture","Pommel Strike"],"picked":"Heavy Blade+1","floor":27},{"not_picked":["Inflame","Clothesline"],"picked":"Dropkick+1","floor":28}],"player_experience":552534,"relics_obtained":[{"floor":5.0,"key":"Blood Vial"},{"floor":7.0,"key":"Pen Nib"},{"floor":9.0,"key":"Sundial"},{"floor":10.0,"key":"Juzu Bracelet"},{"floor":27,"key":"Ice Cream"}],"event_choices":[{"damage_healed":0.0,"max_hp_gain":0.0,"max_hp_loss":0.0,"gold_gain":0.0,"event_name":"World of Goop","player_choice":"Left Gold","floor":4.0,"gold_loss":46.0,"damage_taken":0.0},{"damage_healed":0.0,"max_hp_gain":0.0,"max_hp_loss":0.0,"gold_gain":0.0,"event_name":"The Woman in Blue","player_choice":"Bought 3 Potions","floor":11.0,"gold_loss":0.0,"damage_taken":0.0},{"damage_healed":0,"gold_gain":0,"player_choice":"Trade","damage_taken":0,"relics_obtained":["NlothsMask"],"max_hp_gain":0,"max_hp_loss":0,"event_name":"FaceTrader","floor":19,"gold_loss":0},{"cards_removed":["Defend_R"],"damage_healed":0,"gold_gain":0,"player_choice":"Purged","damage_taken":0,"max_hp_gain":0,"max_hp_loss":0,"event_name":"Purifier","floor":21,"gold_loss":0},{"damage_healed":0,"gold_gain":0,"player_choice":"Paid Gold","damage_taken":0,"relics_obtained":["Paper Frog"],"max_hp_gain":0,"max_hp_loss":0,"event_name":"WeMeetAgain","floor":29,"gold_loss":82},{"damage_healed":0,"gold_gain":50,"player_choice":"Stole From Cult","damage_taken":0,"max_hp_gain":0,"max_hp_loss":0,"event_name":"Nest","floor":30,"gold_loss":0}],"is_beta":false,"boss_relics":[{"not_picked":["Velvet Choker","Ectoplasm"],"picked":"Snecko Eye"}],"items_purged_floors":[22],"is_endless":false,"potions_floor_spawned":[1,7,14,18,20,28],"killed_by":"Champ","ascension_level":16}