{"gold_per_floor":[113,131,186,198,123,123,141,141,141,156,170,201,220,220,220,299,299,310,335,30,30,49,49,79,79,79,105,105,118,118,134,134,211,211,222,222,232,232,78,108,108,108,108],"floor_reached":44,"playtime":2208,"items_purged":["Strike_B","Meteor Strike"],"score":1856,"play_id":"d1d52a19-921b-46ce-a8e5-dc6fa06f6f9d","local_time":"20191010214209","is_ascension_mode":true,"campfire_choices":[{"data":"Defragment","floor":6.0,"key":"SMITH"},{"data":"Sunder","floor":8.0,"key":"SMITH"},{"floor":15.0,"key":"REST"},{"data":"Biased Cognition","floor":23.0,"key":"SMITH"},{"data":"Echo Form","floor":30.0,"key":"SMITH"},{"data":"Biased Cognition","floor":32.0,"key":"SMITH"},{"data":"Blizzard","floor":41,"key":"SMITH"}],"neow_cost":"NONE","seed_source_timestamp":0,"circlet_count":0,"master_deck":["AscendersBane","Strike_B+1","Defend_B+1","Defend_B+1","Defend_B+1","Defend_B+1","Zap","Dualcast+1","Defragment+1","Gash","Rebound","Sunder+1","Conserve Battery","Biased Cognition+1","Ball Lightning","Biased Cognition+1","Cold Snap","Capacitor","Leap","Chill","Echo Form+1","Ball Lightning","Rip and Tear+1","Seek","Undo","Blizzard+1","Gash+1"],"special_seed":0,"relics":["FrozenCore","Orichalcum","Symbiotic Virus","Centennial Puzzle","Ancient Tea Set","Nuclear Battery","Red Mask","Lee\u0027s Waffle","FossilizedHelix","Gambling Chip","Matryoshka","Question Card"],"potions_floor_usage":[43,43],"damage_taken":[{"damage":2.0,"enemies":"Cultist","floor":1.0,"turns":4.0},{"damage":11.0,"enemies":"Small Slimes","floor":2.0,"turns":4.0},{"damage":2.0,"enemies":"Jaw Worm","floor":4.0,"turns":3.0},{"damage":0.0,"enemies":"2 Fungi Beasts","floor":7.0,"turns":3.0},{"damage":6.0,"enemies":"Large Slime","floor":10.0,"turns":3.0},{"damage":2.0,"enemies":"Blue Slaver","floor":11.0,"turns":2.0},{"damage":11.0,"enemies":"3 Sentries","floor":12.0,"turns":4.0},{"damage":8.0,"enemies":"Red Slaver","floor":13.0,"turns":2.0},{"damage":0.0,"enemies":"Slime Boss","floor":16.0,"turns":6.0},{"damage":21.0,"enemies":"2 Thieves","floor":18.0,"turns":3.0},{"damage":21.0,"enemies":"Masked Bandits","floor":19.0,"turns":3.0},{"damage":6.0,"enemies":"Chosen","floor":22.0,"turns":3.0},{"damage":3.0,"enemies":"Gremlin Leader","floor":24.0,"turns":6.0},{"damage":0.0,"enemies":"Slavers","floor":27.0,"turns":6.0},{"damage":4.0,"enemies":"Shelled Parasite and Fungi","floor":29.0,"turns":3.0},{"damage":0.0,"enemies":"Cultist and Chosen","floor":31.0,"turns":5.0},{"damage":14.0,"enemies":"Champ","floor":33.0,"turns":11.0},{"damage":37.0,"enemies":"3 Darklings","floor":35.0,"turns":6.0},{"damage":0.0,"enemies":"Orb Walker","floor":37.0,"turns":6.0},{"damage":18,"enemies":"Reptomancer","floor":40,"turns":7},{"damage":54,"enemies":"Donu and Deca","floor":43,"turns":11}],"seed_played":"6634824805714421143","potions_obtained":[{"floor":1.0,"key":"EssenceOfSteel"},{"floor":2.0,"key":"Ancient Potion"},{"floor":12.0,"key":"PowerPotion"},{"floor":18.0,"key":"Ancient Potion"},{"floor":24.0,"key":"Swift Potion"},{"floor":33.0,"key":"FearPotion"},{"floor":40,"key":"Regen Potion"}],"is_trial":false,"path_per_floor":["M","M","T","M","$","R","M","R","T","M","M","E","M","?","R","B",null,"M","?","$","?","M","R","E","?","T","E","?","M","R","M","R","B",null,"M","?","M","?","$","E","R","?","B",null],"character_chosen":"DEFECT","items_purchased":["Capacitor","Lee\u0027s Waffle","PowerPotion"],"campfire_rested":1,"item_purchase_floors":[20,20,39],"current_hp_per_floor":[62,51,51,49,49,49,49,49,49,43,41,30,22,17,38,38,63,42,21,78,56,50,50,47,47,47,47,47,43,43,43,43,29,70,33,68,68,65,65,47,47,47,8],"gold":108,"neow_bonus":"UPGRADE_CARD","is_prod":false,"is_daily":false,"chose_seed":false,"campfire_upgraded":6,"win_rate":0,"timestamp":1570761729,"path_taken":["M","M","?","M","$","R","M","R","T","M","M","E","M","?","R","BOSS","M","?","$","?","M","R","E","?","T","E","?","M","R","M","R","BOSS","M","?","M","?","$","E","R","?","BOSS"],"build_version":"2019-07-17","purchased_purges":2,"victory":true,"max_hp_per_floor":[71,71,71,71,71,71,71,71,71,71,71,71,71,71,71,71,71,71,71,78,83,83,83,83,83,83,83,83,83,83,83,83,83,83,83,68,68,65,65,65,65,65,65],"card_choices":[{"not_picked":["Skim","Barrage"],"picked":"Defragment","floor":1.0},{"not_picked":["Coolheaded","Conserve Battery"],"picked":"Gash","floor":2.0},{"not_picked":["Leap","Lockon"],"picked":"Rebound","floor":4.0},{"not_picked":["Doom and Gloom","Leap"],"picked":"Sunder","floor":7.0},{"not_picked":["Barrage","Recycle","Blizzard"],"picked":"SKIP","floor":10.0},{"not_picked":["Compile Driver","Thunder Strike"],"picked":"Conserve Battery","floor":11.0},{"not_picked":["Self Repair","Conserve Battery"],"picked":"Biased Cognition","floor":12.0},{"not_picked":["Beam Cell","Go for the Eyes"],"picked":"Ball Lightning","floor":13.0},{"not_picked":["Amplify","Buffer"],"picked":"Biased Cognition","floor":16.0},{"not_picked":["Ball Lightning","Steam Power"],"picked":"Cold Snap","floor":18.0},{"not_picked":["Gash","Sweeping Beam"],"picked":"Leap","floor":22.0},{"not_picked":["Turbo","Hologram","Double Energy"],"picked":"SKIP","floor":24.0},{"not_picked":["Sweeping Beam","Blizzard"],"picked":"Echo Form","floor":27.0},{"not_picked":["Turbo","Stack"],"picked":"Ball Lightning","floor":29.0},{"not_picked":["Darkness","Melter"],"picked":"Rip and Tear+1","floor":31.0},{"not_picked":["Thunder Strike","Meteor Strike"],"picked":"Seek","floor":33.0},{"not_picked":["Force Field","Rebound"],"picked":"Undo","floor":35.0},{"not_picked":["Glacier","Sunder"],"picked":"Blizzard","floor":37.0},{"not_picked":["Steam","Reboot"],"picked":"Gash+1","floor":40}],"player_experience":316699,"relics_obtained":[{"floor":3.0,"key":"Orichalcum"},{"floor":9.0,"key":"Symbiotic Virus"},{"floor":12.0,"key":"Centennial Puzzle"},{"floor":19.0,"key":"Red Mask"},{"floor":24.0,"key":"FossilizedHelix"},{"floor":26.0,"key":"Gambling Chip"},{"floor":27.0,"key":"Matryoshka"},{"floor":40,"key":"Question Card"}],"event_choices":[{"damage_healed":0.0,"max_hp_gain":0.0,"max_hp_loss":0.0,"gold_gain":0.0,"event_name":"Scrap Ooze","player_choice":"Success","floor":14.0,"gold_loss":0.0,"damage_taken":5.0,"relics_obtained":["Ancient Tea Set"]},{"damage_healed":0.0,"max_hp_gain":0.0,"max_hp_loss":0.0,"gold_gain":0.0,"event_name":"Masked Bandits","player_choice":"Fought Bandits","floor":19.0,"gold_loss":0.0,"damage_taken":0.0},{"damage_healed":0.0,"max_hp_gain":5.0,"max_hp_loss":0.0,"gold_gain":0.0,"event_name":"Forgotten Altar","player_choice":"Shed Blood","floor":21.0,"gold_loss":0.0,"damage_taken":27.0},{"damage_healed":0.0,"max_hp_gain":0.0,"max_hp_loss":0.0,"gold_gain":0.0,"cards_transformed":["Strike_B","Strike_B"],"event_name":"Drug Dealer","player_choice":"Became Test Subject","floor":25.0,"gold_loss":0.0,"damage_taken":0.0,"cards_obtained":["Meteor Strike","Chill"]},{"damage_healed":0.0,"max_hp_gain":0.0,"max_hp_loss":0.0,"gold_gain":0.0,"event_name":"Back to Basics","player_choice":"Simplicity","floor":28.0,"gold_loss":0.0,"damage_taken":0.0,"cards_upgraded":["Strike_B","Defend_B","Defend_B","Defend_B","Defend_B"]},{"damage_healed":68.0,"max_hp_gain":0.0,"max_hp_loss":15.0,"gold_gain":0.0,"event_name":"The Moai Head","player_choice":"Heal","floor":36.0,"gold_loss":0.0,"damage_taken":0.0},{"damage_healed":0.0,"max_hp_gain":0.0,"max_hp_loss":3.0,"gold_gain":0.0,"event_name":"Winding Halls","player_choice":"Max HP","floor":38.0,"gold_loss":0.0,"damage_taken":0.0},{"damage_healed":0,"gold_gain":0,"player_choice":"Took Portal","damage_taken":0,"max_hp_gain":0,"max_hp_loss":0,"event_name":"SecretPortal","floor":42,"gold_loss":0}],"is_beta":false,"boss_relics":[{"not_picked":["Cursed Key","Sozu"],"picked":"Nuclear Battery"},{"not_picked":["White Beast Statue","Black Star"],"picked":"FrozenCore"}],"items_purged_floors":[5,39],"is_endless":false,"potions_floor_spawned":[1,2,12,13,18,24,33,40],"ascension_level":19}