{"gold_per_floor":[118,130,145,145,95,95,113,113,113,129,204,215,215,227,227,329,329,348,17,17,17],"floor_reached":21,"playtime":401,"items_purged":["Dark Embrace"],"score":171,"play_id":"474af56f-a520-427e-bf74-63073e6ad55f","local_time":"20190502213546","is_ascension_mode":false,"campfire_choices":[{"data":"Bludgeon","floor":6,"key":"SMITH"},{"floor":8,"key":"REST"},{"floor":13,"key":"REST"},{"floor":15,"key":"REST"}],"neow_cost":"CURSE","seed_source_timestamp":986368930361744,"circlet_count":0,"master_deck":["Bash","Bludgeon+1","Shrug It Off","Cleave","Disarm","Impervious","Demon Form","Burning Pact","Rupture","Anger","Berserk","Hemokinesis","Feed","Whirlwind"],"relics":["Burning Blood","Bag of Preparation","Pandora\u0027s Box","Blood Vial","GremlinMask"],"potions_floor_usage":[16,16,19],"damage_taken":[{"damage":7,"enemies":"Small Slimes","floor":1,"turns":2},{"damage":6,"enemies":"Jaw Worm","floor":2,"turns":2},{"damage":0,"enemies":"2 Louse","floor":3,"turns":3},{"damage":15,"enemies":"Exordium Thugs","floor":7,"turns":3},{"damage":4,"enemies":"Blue Slaver","floor":10,"turns":2},{"damage":52,"enemies":"Gremlin Gang","floor":12,"turns":4},{"damage":5,"enemies":"2 Fungi Beasts","floor":14,"turns":3},{"damage":34,"enemies":"Hexaghost","floor":16,"turns":7},{"damage":36,"enemies":"Shell Parasite","floor":18,"turns":5},{"damage":0,"enemies":"Spheric Guardian","floor":21,"turns":1}],"seed_played":"593059875040763912","potions_obtained":[{"floor":10,"key":"LiquidBronze"},{"floor":12,"key":"Strength Potion"}],"is_trial":false,"path_per_floor":["M","M","M","?","?","R","M","R","T","M","?","M","R","M","R","B",null,"M","$","?","M"],"character_chosen":"IRONCLAD","items_purchased":["Blood Vial","Fruit Juice"],"campfire_rested":3,"item_purchase_floors":[19,19],"current_hp_per_floor":[79,79,80,64,64,64,55,79,79,80,69,23,47,48,72,44,80,53,58,58,60],"gold":17,"neow_bonus":"THREE_RARE_CARDS","is_prod":false,"is_daily":false,"chose_seed":false,"campfire_upgraded":1,"win_rate":0,"timestamp":1556850946,"path_taken":["M","M","M","?","?","R","M","R","T","M","?","M","R","?","R","BOSS","M","$","?","M"],"build_version":"2019-01-23","purchased_purges":1,"victory":false,"max_hp_per_floor":[80,80,80,80,80,80,80,80,80,80,80,80,80,80,80,80,80,83,88,88,88],"card_choices":[{"not_picked":["Fiend Fire","Impervious"],"picked":"Bludgeon","floor":0},{"not_picked":["True Grit","Cleave","Thunderclap"],"picked":"SKIP","floor":1},{"not_picked":["Rampage","Clash","Perfected Strike"],"picked":"SKIP","floor":2},{"not_picked":["True Grit","Clash","Armaments"],"picked":"SKIP","floor":3},{"not_picked":["Clothesline","Sever Soul"],"picked":"Shrug It Off","floor":7},{"not_picked":["Armaments","Body Slam","Perfected Strike"],"picked":"SKIP","floor":10},{"not_picked":["Blood for Blood","Anger"],"picked":"Cleave","floor":12},{"not_picked":["Dark Embrace","Heavy Blade"],"picked":"Disarm","floor":14},{"not_picked":["Berserk","Fiend Fire"],"picked":"Impervious","floor":16},{"not_picked":["Ghostly Armor","Rupture","Thunderclap"],"picked":"SKIP","floor":18}],"player_experience":596103,"relics_obtained":[{"floor":9,"key":"Bag of Preparation"}],"event_choices":[{"damage_healed":0,"gold_gain":0,"player_choice":"Entered Light","damage_taken":16,"max_hp_gain":0,"max_hp_loss":0,"event_name":"Shining Light","floor":4,"gold_loss":0,"cards_upgraded":["Strike_R","Defend_R"]},{"cards_removed":["Shame"],"damage_healed":0,"gold_gain":0,"player_choice":"Card Removal","damage_taken":0,"max_hp_gain":0,"max_hp_loss":0,"event_name":"The Cleric","floor":5,"gold_loss":50},{"damage_healed":0,"gold_gain":75,"player_choice":"Gather Gold","damage_taken":11,"max_hp_gain":0,"max_hp_loss":0,"event_name":"World of Goop","floor":11,"gold_loss":0},{"damage_healed":0,"gold_gain":0,"player_choice":"Trade","damage_taken":0,"relics_obtained":["GremlinMask"],"max_hp_gain":0,"max_hp_loss":0,"event_name":"FaceTrader","floor":20,"gold_loss":0}],"is_beta":false,"boss_relics":[{"not_picked":["Coffee Dripper","Tiny House"],"picked":"Pandora\u0027s Box"}],"items_purged_floors":[19],"is_endless":false,"potions_floor_spawned":[10,12],"killed_by":"Spheric Guardian","ascension_level":0}