{"gold_per_floor":[112,131,131,145,145,145,188,188,188,188,70,70,83,99,99,99],"floor_reached":16,"playtime":1020,"items_purged":["Regret"],"score":185,"play_id":"a9601fe9-afdf-4e47-94f0-ce98e6c26a09","local_time":"20191018125707","is_ascension_mode":true,"campfire_choices":[{"data":"1","floor":6.0,"key":"LIFT"},{"floor":8.0,"key":"REST"},{"data":"2","floor":10.0,"key":"LIFT"},{"data":"Iron Wave","floor":12.0,"key":"SMITH"},{"data":"True Grit","floor":15.0,"key":"SMITH"}],"neow_cost":"CURSE","seed_source_timestamp":0,"circlet_count":0,"master_deck":["AscendersBane","Strike_R","Strike_R","Strike_R","Strike_R","Strike_R","Defend_R","Defend_R","Defend_R","Defend_R","Bash","Clumsy","Thunderclap","Iron Wave+1","True Grit+1","Spot Weakness","Evolve"],"special_seed":0,"relics":["Burning Blood","Girya","Golden Idol","Dead Branch","Oddly Smooth Stone","Bird Faced Urn"],"potions_floor_usage":[],"damage_taken":[{"damage":9.0,"enemies":"Jaw Worm","floor":1.0,"turns":5.0},{"damage":7.0,"enemies":"Small Slimes","floor":2.0,"turns":4.0},{"damage":0.0,"enemies":"2 Louse","floor":4.0,"turns":1.0},{"damage":33.0,"enemies":"3 Sentries","floor":7.0,"turns":8.0},{"damage":8.0,"enemies":"Large Slime","floor":13.0,"turns":7.0},{"damage":0.0,"enemies":"Blue Slaver","floor":14.0,"turns":3.0},{"damage":44,"enemies":"Hexaghost","floor":16,"turns":9}],"seed_played":"1295370734246647313","potions_obtained":[{"floor":1.0,"key":"Explosive Potion"},{"floor":7.0,"key":"GamblersBrew"}],"is_trial":false,"path_per_floor":["M","M","?","M","?","R","E","R","T","R","$","R","M","M","R","B"],"character_chosen":"IRONCLAD","items_purchased":["Spot Weakness"],"campfire_rested":1,"item_purchase_floors":[11],"current_hp_per_floor":[65,64,38,44,44,44,17,39,39,39,39,39,37,43,43,0],"gold":99,"neow_bonus":"ONE_RARE_RELIC","is_prod":false,"is_daily":false,"chose_seed":false,"campfire_upgraded":2,"win_rate":0,"timestamp":1571417827,"path_taken":["M","M","?","M","?","R","E","R","T","R","$","R","M","M","R","BOSS"],"build_version":"2019-07-17","purchased_purges":1,"victory":false,"max_hp_per_floor":[75,75,75,75,75,75,75,75,75,75,75,75,75,75,75,75],"card_choices":[{"not_picked":["Power Through","Body Slam","Headbutt"],"picked":"SKIP","floor":1.0},{"not_picked":["Armaments","Anger"],"picked":"Thunderclap","floor":2.0},{"not_picked":["Body Slam","Flex"],"picked":"Iron Wave","floor":4.0},{"not_picked":["Rupture","Armaments"],"picked":"True Grit","floor":7.0},{"not_picked":["Sentinel","Exhume","Clash"],"picked":"SKIP","floor":13.0},{"not_picked":["Thunderclap","True Grit"],"picked":"Evolve","floor":14.0}],"player_experience":837683,"relics_obtained":[{"floor":7.0,"key":"Oddly Smooth Stone"},{"floor":9.0,"key":"Bird Faced Urn"}],"event_choices":[{"damage_healed":0.0,"max_hp_gain":0.0,"max_hp_loss":0.0,"gold_gain":0.0,"event_name":"Golden Idol","player_choice":"Take Damage","floor":3.0,"gold_loss":0.0,"damage_taken":26.0,"relics_obtained":["Golden Idol"]},{"damage_healed":0.0,"max_hp_gain":0.0,"max_hp_loss":0.0,"gold_gain":0.0,"event_name":"Big Fish","player_choice":"Box","floor":5.0,"gold_loss":0.0,"damage_taken":0.0,"relics_obtained":["Dead Branch"],"cards_obtained":["Regret"]}],"is_beta":false,"boss_relics":[],"items_purged_floors":[11],"is_endless":false,"potions_floor_spawned":[1,7],"killed_by":"Hexaghost","ascension_level":17}