{"gold_per_floor":[113,63,63,63,79,109,109,109,160,175,175,175,175,208,208,303,303,319,39,0,19,33,33,33,33,111,4,4,4,19,34,34,129,129,148,48,48,64,64,64],"floor_reached":40,"playtime":1283,"items_purged":["Strike_R","Strike_R","Defend_R"],"score":415,"play_id":"9dc08887-a6c5-49f0-abfe-7a8e7923124c","local_time":"20191016141421","is_ascension_mode":false,"campfire_choices":[{"data":"Uppercut","floor":7,"key":"SMITH"},{"floor":15,"key":"REST"},{"data":"Body Slam","floor":23,"key":"SMITH"},{"data":"Dropkick","floor":28,"key":"SMITH"},{"data":"Barricade","floor":32,"key":"SMITH"}],"neow_cost":"NONE","seed_source_timestamp":418010662189900,"circlet_count":0,"master_deck":["Strike_R+1","Strike_R+1","Uppercut+1","Body Slam+1","Dropkick","Barricade+1","Thunderclap","Dropkick+1"],"relics":["Burning Blood","NeowsBlessing","Mummified Hand","Du-Vu Doll","Juzu Bracelet","FaceOfCleric","Magic Flower","Coffee Dripper","Bronze Scales","MutagenicStrength","The Courier","Empty Cage"],"potions_floor_usage":[16,16,30,33,33],"damage_taken":[{"damage":0,"enemies":"Small Slimes","floor":1,"turns":1},{"damage":0,"enemies":"2 Louse","floor":5,"turns":1},{"damage":0,"enemies":"Lagavulin","floor":6,"turns":1},{"damage":3,"enemies":"Jaw Worm","floor":10,"turns":3},{"damage":26,"enemies":"3 Sentries","floor":14,"turns":7},{"damage":47,"enemies":"Hexaghost","floor":16,"turns":8},{"damage":1,"enemies":"Chosen","floor":18,"turns":4},{"damage":0,"enemies":"Shell Parasite","floor":21,"turns":5},{"damage":15,"enemies":"Shelled Parasite and Fungi","floor":22,"turns":6},{"damage":10,"enemies":"3 Cultists","floor":30,"turns":4},{"damage":0,"enemies":"Snecko","floor":31,"turns":3},{"damage":18,"enemies":"Automaton","floor":33,"turns":11},{"damage":35,"enemies":"3 Darklings","floor":35,"turns":4},{"damage":37,"enemies":"3 Shapes","floor":38,"turns":2},{"damage":35,"enemies":"Nemesis","floor":40,"turns":3}],"seed_played":"6595378206336869132","potions_obtained":[{"floor":1,"key":"Fire Potion"},{"floor":5,"key":"SteroidPotion"},{"floor":18,"key":"AttackPotion"},{"floor":21,"key":"Explosive Potion"}],"is_trial":false,"path_per_floor":["M","?","?","$","M","E","R","?","T","M","?","?","?","E","R","B",null,"M","$","?","M","M","R","?","?","T","$","R","$","M","M","R","B",null,"M","$","?","M","?","E"],"character_chosen":"IRONCLAD","items_purchased":["Bronze Scales","Fire Potion","Dropkick"],"campfire_rested":1,"item_purchase_floors":[19,19,27],"current_hp_per_floor":[80,80,68,68,74,80,80,80,80,80,64,64,64,45,69,33,82,83,83,83,84,80,80,80,80,80,80,80,80,81,87,87,80,88,64,64,64,38,38,3],"gold":64,"neow_bonus":"THREE_ENEMY_KILL","is_prod":false,"is_daily":false,"chose_seed":false,"campfire_upgraded":4,"win_rate":0,"timestamp":1571224461,"path_taken":["M","?","?","$","M","E","R","?","T","M","?","?","?","E","R","BOSS","M","$","?","M","M","R","?","?","T","$","R","?","M","M","R","BOSS","M","$","?","M","?","E"],"build_version":"2019-10-15","purchased_purges":3,"victory":false,"max_hp_per_floor":[80,80,80,80,80,80,80,80,80,80,80,80,80,81,81,82,82,83,83,83,84,85,85,85,85,85,85,85,85,86,87,87,88,88,89,89,89,90,90,90],"card_choices":[{"not_picked":["Havoc","Blood for Blood"],"picked":"Uppercut","floor":1},{"not_picked":["Rage","True Grit"],"picked":"Body Slam","floor":5},{"not_picked":["Pommel Strike","Sentinel","Iron Wave"],"picked":"SKIP","floor":6},{"not_picked":["True Grit","Corruption"],"picked":"Dropkick","floor":10},{"not_picked":["Anger","Bloodletting","Exhume"],"picked":"SKIP","floor":14},{"not_picked":["Juggernaut","Berserk"],"picked":"Barricade","floor":16},{"not_picked":["Reckless Charge+1","Perfected Strike"],"picked":"Power Through","floor":18},{"not_picked":["Pommel Strike+1","Sentinel","Warcry"],"picked":"SKIP","floor":21},{"not_picked":["Armaments","Fire Breathing"],"picked":"Thunderclap","floor":22},{"not_picked":["Iron Wave+1","Corruption","Havoc+1"],"picked":"SKIP","floor":30},{"not_picked":["Clash","Headbutt","Pommel Strike"],"picked":"SKIP","floor":31},{"not_picked":["Shrug It Off+1","Flex","Headbutt"],"picked":"SKIP","floor":35},{"not_picked":["Hemokinesis+1","Power Through+1","Rage+1"],"picked":"SKIP","floor":38}],"player_experience":479376,"relics_obtained":[{"floor":6,"key":"Du-Vu Doll"},{"floor":9,"key":"Juzu Bracelet"},{"floor":14,"key":"Magic Flower"},{"floor":26,"key":"The Courier"}],"event_choices":[{"cards_removed":["Bash"],"damage_healed":0,"gold_gain":0,"player_choice":"Card Removal","damage_taken":0,"max_hp_gain":0,"max_hp_loss":0,"event_name":"The Cleric","floor":2,"gold_loss":50},{"damage_healed":0,"gold_gain":0,"player_choice":"Success","damage_taken":12,"relics_obtained":["Mummified Hand"],"max_hp_gain":0,"max_hp_loss":0,"event_name":"Scrap Ooze","floor":3,"gold_loss":0},{"cards_removed":["Strike_R"],"damage_healed":0,"gold_gain":0,"player_choice":"Offered Basic","damage_taken":0,"max_hp_gain":0,"max_hp_loss":0,"event_name":"Bonfire Elementals","floor":8,"gold_loss":0},{"damage_healed":0,"gold_gain":0,"player_choice":"Entered Light","damage_taken":16,"max_hp_gain":0,"max_hp_loss":0,"event_name":"Shining Light","floor":11,"gold_loss":0,"cards_upgraded":["Strike_R","Strike_R"]},{"cards_removed":["Defend_R"],"damage_healed":0,"gold_gain":0,"player_choice":"Forget","damage_taken":0,"max_hp_gain":0,"max_hp_loss":0,"event_name":"Living Wall","floor":12,"gold_loss":0},{"damage_healed":0,"gold_gain":0,"player_choice":"Trade","damage_taken":0,"relics_obtained":["FaceOfCleric"],"max_hp_gain":0,"max_hp_loss":0,"event_name":"FaceTrader","floor":13,"gold_loss":0},{"damage_healed":0,"gold_gain":0,"player_choice":"Paid Fearfully","damage_taken":0,"max_hp_gain":0,"max_hp_loss":0,"event_name":"Masked Bandits","floor":20,"gold_loss":39},{"damage_healed":0,"gold_gain":0,"player_choice":"Ignored","damage_taken":0,"max_hp_gain":0,"max_hp_loss":0,"event_name":"Vampires","floor":24,"gold_loss":0},{"damage_healed":0,"gold_gain":0,"player_choice":"Inject Mutagens","damage_taken":0,"relics_obtained":["MutagenicStrength"],"max_hp_gain":0,"max_hp_loss":0,"event_name":"Drug Dealer","floor":25,"gold_loss":0},{"cards_removed":["Defend_R"],"damage_healed":0,"gold_gain":0,"player_choice":"Removed Skill","damage_taken":0,"max_hp_gain":0,"max_hp_loss":0,"event_name":"Falling","floor":37,"gold_loss":0},{"damage_healed":0,"gold_gain":0,"player_choice":"Bought 0 Potions","damage_taken":0,"max_hp_gain":0,"max_hp_loss":0,"event_name":"The Woman in Blue","floor":39,"gold_loss":0}],"is_beta":true,"boss_relics":[{"not_picked":["Philosopher\u0027s Stone","Mark of Pain"],"picked":"Coffee Dripper"},{"not_picked":["Runic Pyramid","SacredBark"],"picked":"Empty Cage"}],"items_purged_floors":[19,27,36],"is_endless":false,"potions_floor_spawned":[1,5,18,21,22],"killed_by":"Nemesis","ascension_level":0}