{"gold_per_floor":[111,111,76,92,104,136,136,171,194,194,194,214,232,267,267,366,366,377,390,410,410,8,38,38,54,135,0,0,29,29,63,63,162,162,176,30,47,65,81,81,100,133,133,133,103,103,129,140,140,140],"floor_reached":51,"playtime":4576,"items_purged":[],"score":979,"play_id":"fc465757-2a16-42d8-ad19-39d5ff766051","local_time":"20191015164756","is_ascension_mode":true,"campfire_choices":[{"floor":7.0,"key":"REST"},{"data":"Glass Knife","floor":11.0,"key":"SMITH"},{"floor":15.0,"key":"REST"},{"data":"Caltrops","floor":24.0,"key":"SMITH"},{"data":"Calculated Gamble","floor":28.0,"key":"SMITH"},{"data":"Neutralize","floor":30.0,"key":"SMITH"},{"data":"Dagger Throw","floor":32.0,"key":"SMITH"},{"floor":40.0,"key":"REST"},{"data":"Crippling Poison","floor":46.0,"key":"SMITH"},{"data":"Acrobatics","floor":49.0,"key":"SMITH"}],"neow_cost":"NONE","seed_source_timestamp":245737133379400,"circlet_count":0,"master_deck":["Strike_G","Defend_G","Defend_G","Defend_G+1","Defend_G","Defend_G","Survivor","Neutralize+1","Glass Knife+1","Escape Plan","Dagger Throw+1","Dodge and Roll+1","Night Terror","Reflex","Caltrops+1","Blur","Acrobatics+1","Crippling Poison+1","After Image","Footwork+1","Flying Knee+1","Ghostly","Ghostly","Ghostly","Ghostly","Ghostly","Enlightenment","Calculated Gamble+1","Outmaneuver+1","Doppelganger","Leg Sweep+1","Choke+1","Bane+1","Eviscerate","Dodge and Roll+1","Outmaneuver+1","Blur"],"special_seed":0,"relics":["Ring of the Snake","Oddly Smooth Stone","Toy Ornithopter","Eternal Feather","Vajra","War Paint","Runic Pyramid","Calipers","Paper Crane","Bottled Flame","Lizard Tail","Potion Belt","Astrolabe","Medical Kit","Omamori","Juzu Bracelet","Thread and Needle"],"potions_floor_usage":[50,50,50,50],"damage_taken":[{"damage":0.0,"enemies":"Small Slimes","floor":1.0,"turns":4.0},{"damage":1.0,"enemies":"Jaw Worm","floor":4.0,"turns":3.0},{"damage":0.0,"enemies":"2 Louse","floor":5.0,"turns":2.0},{"damage":39.0,"enemies":"Gremlin Nob","floor":6.0,"turns":6.0},{"damage":30.0,"enemies":"Lagavulin","floor":8.0,"turns":10.0},{"damage":0.0,"enemies":"Large Slime","floor":12.0,"turns":4.0},{"damage":0.0,"enemies":"Looter","floor":13.0,"turns":3.0},{"damage":4.0,"enemies":"Gremlin Nob","floor":14.0,"turns":3.0},{"damage":14.0,"enemies":"Hexaghost","floor":16.0,"turns":11.0},{"damage":8.0,"enemies":"3 Byrds","floor":18.0,"turns":3.0},{"damage":0.0,"enemies":"Spheric Guardian","floor":19.0,"turns":8.0},{"damage":10.0,"enemies":"Snake Plant","floor":20.0,"turns":8.0},{"damage":0.0,"enemies":"Slavers","floor":23.0,"turns":10.0},{"damage":0.0,"enemies":"Chosen and Byrds","floor":25.0,"turns":4.0},{"damage":0.0,"enemies":"Book of Stabbing","floor":29.0,"turns":7.0},{"damage":0.0,"enemies":"Slavers","floor":31.0,"turns":7.0},{"damage":17.0,"enemies":"Automaton","floor":33.0,"turns":14.0},{"damage":6.0,"enemies":"3 Darklings","floor":35.0,"turns":9.0},{"damage":0.0,"enemies":"Orb Walker","floor":37.0,"turns":5.0},{"damage":0.0,"enemies":"Maw","floor":38.0,"turns":12.0},{"damage":0.0,"enemies":"Writhing Mass","floor":39.0,"turns":7.0},{"damage":12.0,"enemies":"Jaw Worm Horde","floor":41.0,"turns":7.0},{"damage":1.0,"enemies":"Nemesis","floor":42.0,"turns":9.0},{"damage":0.0,"enemies":"Giant Head","floor":47.0,"turns":14.0},{"damage":0.0,"enemies":"Maw","floor":48.0,"turns":11.0},{"damage":0,"enemies":"Donu and Deca","floor":50,"turns":18}],"seed_played":"3444251789149141301","potions_obtained":[{"floor":5.0,"key":"GamblersBrew"},{"floor":8.0,"key":"Poison Potion"},{"floor":16.0,"key":"AttackPotion"},{"floor":23.0,"key":"Fire Potion"},{"floor":33.0,"key":"Weak Potion"},{"floor":37.0,"key":"Weak Potion"},{"floor":38.0,"key":"SpeedPotion"},{"floor":39.0,"key":"DuplicationPotion"},{"floor":45.0,"key":"FairyPotion"},{"floor":45.0,"key":"SteroidPotion"}],"is_trial":false,"path_per_floor":["M","?","?","M","M","E","R","E","T","?","R","M","M","E","R","B",null,"M","M","M","?","$","E","R","M","T","?","R","E","R","E","R","B",null,"M","$","M","M","M","R","M","E","T","?","?","R","E","M","R","B",null],"character_chosen":"THE_SILENT","items_purchased":["Calipers","Enlightenment","Medical Kit"],"campfire_rested":3,"item_purchase_floors":[22,22,36],"current_hp_per_floor":[70,58,70,69,69,30,51,21,21,21,30,30,30,26,59,45,70,62,62,52,35,35,35,35,35,35,35,35,35,35,35,35,18,35,29,29,29,29,29,35,28,27,27,27,27,35,35,35,35,35],"gold":140,"neow_bonus":"ONE_RANDOM_RARE_CARD","is_prod":false,"is_daily":false,"chose_seed":false,"campfire_upgraded":7,"win_rate":0,"timestamp":1571176076,"path_taken":["M","?","?","M","M","E","R","E","T","?","R","M","M","E","R","BOSS","M","M","M","?","$","E","R","M","T","?","R","E","R","E","R","BOSS","M","$","M","M","M","R","M","E","T","?","?","R","E","M","R","BOSS"],"build_version":"2019-10-14","purchased_purges":0,"victory":true,"max_hp_per_floor":[70,70,70,70,70,70,70,70,70,70,70,70,70,70,70,70,70,70,70,70,35,35,35,35,35,35,35,35,35,35,35,35,35,35,35,35,35,35,35,35,35,35,35,35,35,35,35,35,35,35],"card_choices":[{"not_picked":["Dagger Spray","Choke"],"picked":"Escape Plan","floor":1.0},{"not_picked":["Bane","Slice"],"picked":"Dagger Throw","floor":4.0},{"not_picked":["Distraction","Flying Knee"],"picked":"Dodge and Roll","floor":5.0},{"not_picked":["Deadly Poison","Prepared"],"picked":"Night Terror","floor":6.0},{"not_picked":["Deflect","Riddle With Holes"],"picked":"Reflex","floor":8.0},{"not_picked":["Phantasmal Killer","Underhanded Strike"],"picked":"Blur","floor":12.0},{"not_picked":["Poisoned Stab","Footwork"],"picked":"Acrobatics","floor":13.0},{"not_picked":["Deflect","Bouncing Flask"],"picked":"Crippling Poison","floor":14.0},{"not_picked":["Glass Knife","Unload"],"picked":"After Image","floor":16.0},{"not_picked":["Outmaneuver+1","Dodge and Roll"],"picked":"Footwork+1","floor":18.0},{"not_picked":["Dagger Spray","Blade Dance","Eviscerate+1"],"picked":"SKIP","floor":19.0},{"not_picked":["Endless Agony","Infinite Blades"],"picked":"Flying Knee+1","floor":20.0},{"not_picked":["Unload","Finisher+1"],"picked":"Calculated Gamble","floor":23.0},{"not_picked":["Bane","Dagger Spray"],"picked":"Outmaneuver+1","floor":25.0},{"not_picked":["Deadly Poison+1","Endless Agony","Deflect"],"picked":"SKIP","floor":29.0},{"not_picked":["Flying Knee","Underhanded Strike","Backflip"],"picked":"SKIP","floor":31.0},{"not_picked":["Venomology","Wraith Form v2"],"picked":"Doppelganger","floor":33.0},{"not_picked":["Blade Dance","Slice+1"],"picked":"Eviscerate","floor":35.0},{"not_picked":["Heel Hook+1","Slice+1","Poisoned Stab"],"picked":"SKIP","floor":37.0},{"not_picked":["Choke+1","Slice","Terror"],"picked":"SKIP","floor":38.0},{"not_picked":["Acrobatics+1","Sucker Punch+1"],"picked":"Dodge and Roll+1","floor":39.0},{"not_picked":["Flying Knee+1","Quick Slash+1","Flechettes"],"picked":"SKIP","floor":41.0},{"not_picked":["Acrobatics","Slice","Deadly Poison+1"],"picked":"SKIP","floor":42.0},{"not_picked":["Crippling Poison","Dodge and Roll+1"],"picked":"Outmaneuver+1","floor":47.0},{"not_picked":["All Out Attack+1","Reflex"],"picked":"Blur","floor":48.0}],"player_experience":38015,"relics_obtained":[{"floor":6.0,"key":"Toy Ornithopter"},{"floor":8.0,"key":"Eternal Feather"},{"floor":9.0,"key":"Vajra"},{"floor":14.0,"key":"War Paint"},{"floor":23.0,"key":"Paper Crane"},{"floor":26.0,"key":"Bottled Flame"},{"floor":29.0,"key":"Lizard Tail"},{"floor":31.0,"key":"Potion Belt"},{"floor":42.0,"key":"Omamori"},{"floor":43.0,"key":"Juzu Bracelet"},{"floor":47.0,"key":"Thread and Needle"}],"event_choices":[{"damage_healed":0.0,"max_hp_gain":0.0,"max_hp_loss":0.0,"gold_gain":0.0,"event_name":"Scrap Ooze","player_choice":"Success","floor":2.0,"gold_loss":0.0,"damage_taken":12.0,"relics_obtained":["Oddly Smooth Stone"]},{"damage_healed":17.0,"max_hp_gain":0.0,"max_hp_loss":0.0,"gold_gain":0.0,"event_name":"The Cleric","player_choice":"Healed","floor":3.0,"gold_loss":35.0,"damage_taken":0.0},{"damage_healed":0.0,"max_hp_gain":0.0,"max_hp_loss":0.0,"gold_gain":0.0,"cards_transformed":["Strike_G"],"event_name":"Living Wall","player_choice":"Change","floor":10.0,"gold_loss":0.0,"damage_taken":0.0,"cards_obtained":["Caltrops"]},{"damage_healed":0.0,"max_hp_gain":0.0,"max_hp_loss":35.0,"gold_gain":0.0,"event_name":"Ghosts","player_choice":"Became a Ghost","floor":21.0,"gold_loss":0.0,"damage_taken":0.0,"cards_obtained":["Ghostly","Ghostly","Ghostly","Ghostly","Ghostly"]},{"damage_healed":0.0,"max_hp_gain":0.0,"max_hp_loss":0.0,"gold_gain":0.0,"event_name":"Masked Bandits","player_choice":"Paid Fearfully","floor":27.0,"gold_loss":135.0,"damage_taken":0.0},{"damage_healed":0.0,"max_hp_gain":0.0,"max_hp_loss":0.0,"gold_gain":0.0,"event_name":"SensoryStone","player_choice":"Memory 1","floor":44.0,"gold_loss":0.0,"damage_taken":0.0},{"damage_healed":0.0,"max_hp_gain":0.0,"max_hp_loss":0.0,"gold_gain":0.0,"event_name":"The Woman in Blue","player_choice":"Bought 2 Potions","floor":45.0,"gold_loss":0.0,"damage_taken":0.0}],"is_beta":true,"boss_relics":[{"not_picked":["Fusion Hammer","SlaversCollar"],"picked":"Runic Pyramid"},{"not_picked":["Empty Cage","WristBlade"],"picked":"Astrolabe"}],"items_purged_floors":[],"is_endless":false,"potions_floor_spawned":[5,8,16,23,25,29,33,37,38,39,47,48],"ascension_level":1}