{"gold_per_floor":[109,127,77,177,191,191,211,55,101,101,115,91,91,111,111,210,210,227,117,216,33,33,33,43,43,70,101,124,136,176,208,220,232],"floor_reached":33,"playtime":2204,"items_purged":["Steam"],"score":409,"play_id":"c16200e1-6724-4bde-804b-1e355df76afa","local_time":"20190423011821","is_ascension_mode":true,"campfire_choices":[{"data":"Zap","floor":6.0,"key":"SMITH"},{"data":"Coolheaded","floor":13.0,"key":"SMITH"},{"floor":15.0,"key":"REST"},{"data":"Defragment","floor":23.0,"key":"SMITH"},{"data":"Electrodynamics","floor":25,"key":"SMITH"},{"floor":32,"key":"REST"}],"neow_cost":"NONE","seed_source_timestamp":133729777070619,"circlet_count":0,"master_deck":["Strike_B","Strike_B","Strike_B","Strike_B","Defend_B","Defend_B","Defend_B","Zap+1","Dualcast","Coolheaded+1","Capacitor","Creative AI+1","Melter","Cold Snap","Electrodynamics+1","Doom and Gloom","Defragment+1","Undo","Doom and Gloom","Skim","Double Energy","Conserve Battery","Double Energy"],"special_seed":0,"relics":["White Beast Statue","Omamori","Strawberry","Snecko Eye","Lantern","MawBank","Oddly Smooth Stone"],"potions_floor_usage":[24,28,28,33,33,33],"damage_taken":[{"damage":3.0,"enemies":"2 Louse","floor":1.0,"turns":3.0},{"damage":0.0,"enemies":"Cultist","floor":2.0,"turns":4.0},{"damage":0.0,"enemies":"Small Slimes","floor":5.0,"turns":4.0},{"damage":9.0,"enemies":"2 Fungi Beasts","floor":7.0,"turns":3.0},{"damage":12.0,"enemies":"Exordium Wildlife","floor":11.0,"turns":5.0},{"damage":11.0,"enemies":"Lots of Slimes","floor":14.0,"turns":5.0},{"damage":60.0,"enemies":"Hexaghost","floor":16.0,"turns":10.0},{"damage":6.0,"enemies":"Spheric Guardian","floor":18.0,"turns":3.0},{"damage":5,"enemies":"Shell Parasite","floor":24,"turns":7},{"damage":0,"enemies":"Sentry and Sphere","floor":27,"turns":3},{"damage":22,"enemies":"Snecko","floor":28,"turns":4},{"damage":0,"enemies":"Gremlin Leader","floor":30,"turns":5},{"damage":2,"enemies":"Centurion and Healer","floor":31,"turns":6},{"damage":67,"enemies":"Champ","floor":33,"turns":9}],"seed_played":"-9119661165601436945","potions_obtained":[{"floor":1.0,"key":"AttackPotion"},{"floor":2.0,"key":"Dexterity Potion"},{"floor":5.0,"key":"GamblersBrew"},{"floor":7.0,"key":"Strength Potion"},{"floor":11.0,"key":"EssenceOfSteel"},{"floor":14.0,"key":"Poison Potion"},{"floor":16.0,"key":"LiquidBronze"},{"floor":18.0,"key":"Fire Potion"},{"floor":24,"key":"AttackPotion"},{"floor":28,"key":"Weak Potion"},{"floor":30,"key":"Fire Potion"}],"is_trial":false,"path_per_floor":["M","M","?","?","M","R","M","$","T","?","M","$","R","M","R","B",null,"M","$","?","$","?","R","M","R","T","M","M","$","E","M","R","B"],"character_chosen":"DEFECT","items_purchased":["Omamori","Steam","Defragment","Lantern","Undo"],"campfire_rested":2,"item_purchase_floors":[8,12,19,21,21],"current_hp_per_floor":[65,65,65,65,65,65,56,56,63,63,51,51,51,40,64,4,63,57,57,57,57,57,57,52,52,52,52,30,30,30,28,52,0],"gold":232,"neow_bonus":"BOSS_RELIC","is_prod":false,"is_daily":false,"chose_seed":false,"campfire_upgraded":4,"win_rate":0,"timestamp":1556000301,"path_taken":["M","M","?","?","M","R","?","$","T","?","M","$","R","M","R","BOSS","M","$","?","$","?","R","M","R","T","M","M","$","E","M","R","BOSS"],"build_version":"2019-01-23","purchased_purges":1,"victory":false,"max_hp_per_floor":[75,75,75,75,75,75,75,75,82,82,82,82,82,82,82,82,82,82,82,82,82,82,82,82,82,82,82,82,82,82,82,82,82],"card_choices":[{"not_picked":["Rebound","Beam Cell"],"picked":"Coolheaded","floor":1.0},{"not_picked":["Leap","Barrage"],"picked":"Capacitor","floor":2.0},{"not_picked":["Stack","Aggregate","Sweeping Beam"],"picked":"SKIP","floor":5.0},{"not_picked":["Turbo","Steam Power"],"picked":"Creative AI","floor":7.0},{"not_picked":["Sweeping Beam","Streamline"],"picked":"Melter","floor":11.0},{"not_picked":["Lockon","Reinforced Body"],"picked":"Cold Snap","floor":14.0},{"not_picked":["Multi-Cast","Meteor Strike"],"picked":"Electrodynamics","floor":16.0},{"not_picked":["Cold Snap","Redo"],"picked":"Doom and Gloom","floor":18.0},{"not_picked":["Turbo","Sweeping Beam+1"],"picked":"Doom and Gloom","floor":24},{"not_picked":["Gash+1","Beam Cell"],"picked":"Skim","floor":27},{"not_picked":["Cold Snap","Melter"],"picked":"Double Energy","floor":28},{"not_picked":["Sweeping Beam","BootSequence"],"picked":"Conserve Battery","floor":30},{"not_picked":["Cold Snap","Conserve Battery"],"picked":"Double Energy","floor":31}],"player_experience":494926,"relics_obtained":[{"floor":9.0,"key":"Strawberry"},{"floor":26,"key":"MawBank"},{"floor":30,"key":"Oddly Smooth Stone"}],"event_choices":[{"cards_removed":["Defend_B"],"damage_healed":0.0,"max_hp_gain":0.0,"max_hp_loss":0.0,"gold_gain":0.0,"event_name":"The Cleric","player_choice":"Card Removal","floor":3.0,"gold_loss":50.0,"damage_taken":0.0},{"damage_healed":0.0,"max_hp_gain":0.0,"max_hp_loss":0.0,"gold_gain":100.0,"event_name":"Golden Shrine","player_choice":"Pray","floor":4.0,"gold_loss":0.0,"damage_taken":0.0},{"damage_healed":0.0,"max_hp_gain":0.0,"max_hp_loss":0.0,"gold_gain":0.0,"event_name":"Living Wall","player_choice":"Grow","floor":10.0,"gold_loss":0.0,"damage_taken":0.0,"cards_upgraded":["Creative AI"]},{"damage_healed":0.0,"max_hp_gain":0.0,"max_hp_loss":0.0,"gold_gain":99.0,"event_name":"Nest","player_choice":"Stole From Cult","floor":20.0,"gold_loss":0.0,"damage_taken":0.0},{"damage_healed":0.0,"max_hp_gain":0.0,"max_hp_loss":0.0,"gold_gain":0.0,"event_name":"FaceTrader","player_choice":"Leave","floor":22.0,"gold_loss":0.0,"damage_taken":0.0}],"is_beta":false,"boss_relics":[{"not_picked":["Inserter","Black Star"],"picked":"Snecko Eye"}],"items_purged_floors":[19],"is_endless":false,"potions_floor_spawned":[1,2,5,7,11,14,16,18,24,27,28,30,31],"killed_by":"Champ","ascension_level":9}