{"gold_per_floor":[112,129,5,24,42,42,70,70,70,70,70,2,2,15,15,112,112,125,135,146,70,70,70,86,86,86,86,186,186,186],"floor_reached":30,"playtime":1310,"items_purged":["Defend_R"],"score":319,"play_id":"e17fd973-0e9c-4708-a943-790b0761899d","local_time":"20191017234329","is_ascension_mode":true,"campfire_choices":[{"data":"Perfected Strike","floor":6,"key":"SMITH"},{"data":"Bash","floor":8,"key":"SMITH"},{"data":"Body Slam","floor":10,"key":"SMITH"},{"data":"Bludgeon","floor":15,"key":"SMITH"},{"floor":23,"key":"REST"},{"data":"Uppercut","floor":25,"key":"SMITH"},{"floor":29,"key":"REST"}],"neow_cost":"NONE","seed_source_timestamp":226189258404300,"circlet_count":0,"master_deck":["Strike_R","Strike_R","Strike_R","Strike_R","Strike_R","Defend_R","Defend_R","Defend_R","Bash+1","Perfected Strike+1","Armaments","Armaments","Bludgeon+1","Body Slam+1","Corruption+1","Armaments","Barricade","Shrug It Off+1","Power Through","Uppercut+1","Warcry"],"relics":["Black Blood","Anchor","Centennial Puzzle","Self Forming Clay","Nilry\u0027s Codex","Singing Bowl","Unceasing Top","Bottled Tornado"],"potions_floor_usage":[16,16,24,28,28],"damage_taken":[{"damage":9,"enemies":"Jaw Worm","floor":1,"turns":4},{"damage":0,"enemies":"Small Slimes","floor":2,"turns":3},{"damage":1,"enemies":"2 Louse","floor":4,"turns":2},{"damage":0,"enemies":"Large Slime","floor":5,"turns":3},{"damage":16,"enemies":"Gremlin Nob","floor":7,"turns":3},{"damage":0,"enemies":"Blue Slaver","floor":14,"turns":2},{"damage":34,"enemies":"Hexaghost","floor":16,"turns":7},{"damage":28,"enemies":"Shell Parasite","floor":18,"turns":10},{"damage":6,"enemies":"Spheric Guardian","floor":19,"turns":3},{"damage":9,"enemies":"Snake Plant","floor":20,"turns":3},{"damage":25,"enemies":"Centurion and Healer","floor":24,"turns":8},{"damage":22,"enemies":"Colosseum Slavers","floor":28,"turns":6},{"damage":9,"enemies":"Colosseum Nobs","floor":28,"turns":6},{"damage":64,"enemies":"Slavers","floor":30,"turns":6}],"seed_played":"-8415811223830149133","potions_obtained":[{"floor":0,"key":"SmokeBomb"},{"floor":0,"key":"Energy Potion"},{"floor":0,"key":"Dexterity Potion"},{"floor":1,"key":"Fire Potion"},{"floor":5,"key":"Ancient Potion"},{"floor":7,"key":"Strength Potion"},{"floor":18,"key":"GamblersBrew"},{"floor":24,"key":"SkillPotion"}],"is_trial":false,"path_per_floor":["M","M","$","M","M","R","E","R","T","R","?","$","?","M","R","B",null,"M","M","M","$","?","R","M","R","T","?","?","R","E"],"character_chosen":"IRONCLAD","items_purchased":["Armaments","Corruption","Uppercut"],"campfire_rested":2,"item_purchase_floors":[3,12,21],"current_hp_per_floor":[69,75,75,80,80,80,70,70,70,70,58,58,58,64,64,36,69,51,55,56,56,40,64,49,49,49,49,38,62,0],"gold":186,"neow_bonus":"THREE_SMALL_POTIONS","is_prod":false,"is_daily":false,"chose_seed":false,"campfire_upgraded":5,"win_rate":0,"timestamp":1571381009,"path_taken":["M","M","$","M","M","R","E","R","T","R","?","?","?","M","R","BOSS","M","M","M","$","?","R","M","R","T","?","?","R","E"],"build_version":"2019-07-17","purchased_purges":1,"victory":false,"max_hp_per_floor":[80,80,80,80,80,80,80,80,80,80,80,80,80,80,80,80,80,80,80,80,80,80,80,80,80,80,80,80,80,80],"card_choices":[{"not_picked":["Intimidate","True Grit"],"picked":"Perfected Strike","floor":1},{"not_picked":["Whirlwind","Pommel Strike"],"picked":"Armaments","floor":2},{"not_picked":["Thunderclap","Cleave"],"picked":"Bludgeon","floor":4},{"not_picked":["Bloodletting","Fire Breathing"],"picked":"Body Slam","floor":5},{"not_picked":["Sever Soul","Iron Wave","Searing Blow"],"picked":"SKIP","floor":7},{"not_picked":["Flex","Havoc"],"picked":"Armaments","floor":14},{"not_picked":["Impervious","Offering"],"picked":"Barricade","floor":16},{"not_picked":["Warcry","Second Wind"],"picked":"Shrug It Off+1","floor":18},{"not_picked":["Clash","Warcry"],"picked":"Power Through","floor":19},{"not_picked":["Clash+1","Twin Strike","Pommel Strike"],"picked":"SKIP","floor":20},{"not_picked":["Pummel","Flex","Iron Wave"],"picked":"SKIP","floor":24},{"not_picked":["Battle Trance","Offering"],"picked":"Warcry","floor":28}],"player_experience":715165,"relics_obtained":[{"floor":7,"key":"Anchor"},{"floor":9,"key":"Centennial Puzzle"},{"floor":22,"key":"Nilry\u0027s Codex"},{"floor":26,"key":"Singing Bowl"},{"floor":28,"key":"Unceasing Top"},{"floor":28,"key":"Bottled Tornado"}],"event_choices":[{"damage_healed":0,"gold_gain":0,"player_choice":"Success","damage_taken":12,"relics_obtained":["Self Forming Clay"],"max_hp_gain":0,"max_hp_loss":0,"event_name":"Scrap Ooze","floor":11,"gold_loss":0},{"damage_healed":0,"gold_gain":0,"player_choice":"Grow","damage_taken":0,"max_hp_gain":0,"max_hp_loss":0,"event_name":"Living Wall","floor":13,"gold_loss":0,"cards_upgraded":["Corruption"]},{"damage_healed":0,"gold_gain":0,"player_choice":"Obtained Book","damage_taken":16,"max_hp_gain":0,"max_hp_loss":0,"event_name":"Cursed Tome","floor":22,"gold_loss":0},{"damage_healed":0,"gold_gain":0,"player_choice":"Ignored","damage_taken":0,"max_hp_gain":0,"max_hp_loss":0,"event_name":"Ghosts","floor":27,"gold_loss":0},{"damage_healed":0,"gold_gain":0,"player_choice":"Fight","damage_taken":0,"max_hp_gain":0,"max_hp_loss":0,"event_name":"Colosseum","floor":28,"gold_loss":0},{"damage_healed":0,"gold_gain":0,"player_choice":"Fought Nobs","damage_taken":0,"max_hp_gain":0,"max_hp_loss":0,"event_name":"Colosseum","floor":28,"gold_loss":0}],"is_beta":false,"boss_relics":[{"not_picked":["Ectoplasm","Tiny House"],"picked":"Black Blood"}],"items_purged_floors":[3],"is_endless":false,"potions_floor_spawned":[1,5,7,14,18,24],"killed_by":"Slavers","ascension_level":8}