{"gold_per_floor":[164,31,106,106,122,122,139,152,175,175,175,85,85,85,85,160,160,172,186,186,34,52,86,86,115,193,219,42,42,61,74,74,148,148,158,158,178,189,201,232,232,266,266,280,290,319,319,71,71,71],"floor_reached":51,"playtime":3490,"items_purged":["Strike_R"],"score":1527,"play_id":"ab5455b6-9edb-41cc-94ae-7aa299ae2077","local_time":"20190429183929","is_ascension_mode":true,"campfire_choices":[{"floor":11.0,"key":"REST"},{"floor":13.0,"key":"REST"},{"data":"Shockwave","floor":15.0,"key":"SMITH"},{"data":"Pommel Strike","floor":24,"key":"SMITH"},{"data":"Pommel Strike","floor":29,"key":"SMITH"},{"floor":32,"key":"REST"},{"floor":41,"key":"REST"},{"floor":49,"key":"REST"}],"neow_cost":"NONE","seed_source_timestamp":0,"circlet_count":0,"master_deck":["AscendersBane","Strike_R+1","Strike_R","Strike_R","Strike_R","Defend_R","Defend_R","Defend_R","Defend_R+1","Bash","Heavy Blade","Shrug It Off","Pommel Strike","Bash+1","Shockwave+1","Pommel Strike+1","Shrug It Off","Dropkick","Bludgeon","Pommel Strike+1","Impervious","Bludgeon","Armaments+1","Double Tap","Shrug It Off","Power Through+1","Pommel Strike","Thinking Ahead","Uppercut"],"special_seed":0,"relics":["Tiny House","Tiny Chest","Dodecahedron","PreservedInsect","Pocketwatch","Snecko Eye","Whetstone","Dream Catcher","Darkstone Periapt","Strawberry","Black Star","Anchor","Oddly Smooth Stone","Charon\u0027s Ashes","Ornamental Fan","Pear","Nunchaku","Bottled Flame","Potion Belt"],"potions_floor_usage":[25,27,33,39,40,44,45,50,50,50,50],"damage_taken":[{"damage":0.0,"enemies":"Cultist","floor":1.0,"turns":3.0},{"damage":8.0,"enemies":"2 Louse","floor":5.0,"turns":3.0},{"damage":0.0,"enemies":"Jaw Worm","floor":7.0,"turns":4.0},{"damage":7.0,"enemies":"3 Louse","floor":8.0,"turns":3.0},{"damage":67.0,"enemies":"Hexaghost","floor":16.0,"turns":13.0},{"damage":10.0,"enemies":"Chosen","floor":18.0,"turns":4.0},{"damage":8.0,"enemies":"Shell Parasite","floor":19.0,"turns":2.0},{"damage":5.0,"enemies":"Centurion and Healer","floor":22.0,"turns":4.0},{"damage":2.0,"enemies":"Book of Stabbing","floor":23.0,"turns":4.0},{"damage":0,"enemies":"Slavers","floor":25,"turns":2},{"damage":0,"enemies":"Gremlin Leader","floor":27,"turns":3},{"damage":0,"enemies":"Snake Plant","floor":30,"turns":2},{"damage":25,"enemies":"3 Cultists","floor":31,"turns":6},{"damage":60,"enemies":"Automaton","floor":33,"turns":9},{"damage":8,"enemies":"3 Darklings","floor":35,"turns":5},{"damage":0,"enemies":"3 Shapes","floor":37,"turns":3},{"damage":14,"enemies":"Spire Growth","floor":38,"turns":3},{"damage":19,"enemies":"Sphere and 2 Shapes","floor":39,"turns":4},{"damage":3,"enemies":"Nemesis","floor":40,"turns":5},{"damage":4,"enemies":"Reptomancer","floor":42,"turns":4},{"damage":7,"enemies":"Writhing Mass","floor":44,"turns":5},{"damage":5,"enemies":"Jaw Worm Horde","floor":45,"turns":3},{"damage":14,"enemies":"Nemesis","floor":46,"turns":5},{"damage":73,"enemies":"Time Eater","floor":50,"turns":11}],"seed_played":"1570033768162178883","potions_obtained":[{"floor":0.0,"key":"Block Potion"},{"floor":5.0,"key":"FearPotion"},{"floor":19.0,"key":"GamblersBrew"},{"floor":23.0,"key":"GamblersBrew"},{"floor":25,"key":"EssenceOfSteel"},{"floor":30,"key":"Weak Potion"},{"floor":33,"key":"Block Potion"},{"floor":38,"key":"PowerPotion"},{"floor":40,"key":"Swift Potion"},{"floor":42,"key":"Dexterity Potion"},{"floor":44,"key":"EntropicBrew"},{"floor":45,"key":"Fruit Juice"}],"is_trial":false,"path_per_floor":["M","$","?","T","M","?","M","M","T","?","R","$","R","?","R","B",null,"M","M","?","$","M","E","R","E","T","E","$","R","M","M","R","B",null,"M","?","M","M","M","E","R","E","T","M","M","E","?","$","R","B",null],"character_chosen":"IRONCLAD","items_purchased":["Tiny Chest","Dropkick","Impervious","Bludgeon","Potion Belt","Uppercut"],"campfire_rested":5,"item_purchase_floors":[2,12,21,28,48,48],"current_hp_per_floor":[73,73,62,62,54,54,54,47,47,42,66,66,80,80,80,13,63,53,45,80,80,75,73,73,73,73,80,80,80,80,55,81,21,71,63,63,63,49,30,27,53,49,59,52,52,38,38,38,68,10],"gold":71,"neow_bonus":"BOSS_RELIC","is_prod":false,"is_daily":false,"chose_seed":false,"campfire_upgraded":3,"win_rate":0,"timestamp":1556581169,"path_taken":["M","?","?","?","M","?","?","M","T","?","R","$","R","?","R","BOSS","M","M","?","$","?","E","R","E","T","E","?","R","M","M","R","BOSS","M","?","M","M","?","E","R","E","T","M","M","E","?","$","R","BOSS"],"build_version":"2019-01-23","purchased_purges":1,"victory":true,"max_hp_per_floor":[80,80,80,80,80,80,80,80,80,80,80,80,80,80,80,80,80,80,80,80,80,80,80,80,80,80,87,87,87,87,87,87,87,87,87,87,87,87,87,87,87,87,97,97,102,102,102,102,102,102],"card_choices":[{"not_picked":["Thunderclap","Sentinel"],"picked":"Heavy Blade","floor":0.0},{"not_picked":["Dual Wield","Armaments"],"picked":"Shrug It Off","floor":1.0},{"not_picked":["True Grit","Flex"],"picked":"Pommel Strike","floor":5.0},{"not_picked":["Flex","Metallicize"],"picked":"Pommel Strike","floor":7.0},{"not_picked":["Berserk","Clothesline"],"picked":"Shrug It Off","floor":8.0},{"not_picked":["Offering","Limit Break"],"picked":"Bludgeon","floor":16.0},{"not_picked":["Anger+1","Burning Pact"],"picked":"Pommel Strike","floor":18.0},{"not_picked":["Warcry+1","Thunderclap"],"picked":"Metallicize","floor":19.0},{"not_picked":["Body Slam","Thunderclap","Wild Strike"],"picked":"SKIP","floor":22.0},{"not_picked":["Thunderclap","Intimidate","Feel No Pain"],"picked":"SKIP","floor":23.0},{"not_picked":["True Grit+1","Corruption","Twin Strike"],"picked":"SKIP","floor":25},{"not_picked":["Cleave","Inflame","Entrench+1"],"picked":"SKIP","floor":27},{"not_picked":["Corruption","Clothesline"],"picked":"Armaments+1","floor":30},{"not_picked":["True Grit","Iron Wave","Flex+1"],"picked":"SKIP","floor":31},{"not_picked":["Feed","Offering"],"picked":"Double Tap","floor":33},{"not_picked":["True Grit","Sword Boomerang","Body Slam"],"picked":"SKIP","floor":35},{"not_picked":["Flex+1","Twin Strike","Entrench"],"picked":"SKIP","floor":37},{"not_picked":["Iron Wave+1","Warcry+1"],"picked":"Shrug It Off","floor":38},{"not_picked":["Offering","True Grit","Evolve"],"picked":"SKIP","floor":39},{"not_picked":["Iron Wave","Clothesline"],"picked":"Power Through+1","floor":40},{"not_picked":["Armaments","Cleave"],"picked":"Pommel Strike","floor":42},{"not_picked":["Intimidate","Wild Strike","Feel No Pain"],"picked":"SKIP","floor":44},{"not_picked":["Anger","Flex","Cleave"],"picked":"SKIP","floor":45},{"not_picked":["Berserk","Power Through","Feed"],"picked":"SKIP","floor":46},{"not_picked":["Berserk","Power Through","Feed"],"picked":"SKIP","floor":46},{"not_picked":["Impatience","Jack Of All Trades"],"picked":"Thinking Ahead","floor":47}],"player_experience":567610,"relics_obtained":[{"floor":4.0,"key":"Dodecahedron"},{"floor":9.0,"key":"PreservedInsect"},{"floor":23.0,"key":"Whetstone"},{"floor":25,"key":"Dream Catcher"},{"floor":26,"key":"Darkstone Periapt"},{"floor":27,"key":"Strawberry"},{"floor":40,"key":"Anchor"},{"floor":40,"key":"Oddly Smooth Stone"},{"floor":42,"key":"Charon\u0027s Ashes"},{"floor":42,"key":"Ornamental Fan"},{"floor":43,"key":"Pear"},{"floor":46,"key":"Nunchaku"},{"floor":46,"key":"Bottled Flame"}],"event_choices":[{"damage_healed":0.0,"max_hp_gain":0.0,"max_hp_loss":0.0,"gold_gain":75.0,"event_name":"World of Goop","player_choice":"Gather Gold","floor":3.0,"gold_loss":0.0,"damage_taken":11.0},{"damage_healed":0.0,"max_hp_gain":0.0,"max_hp_loss":0.0,"gold_gain":0.0,"event_name":"Match and Keep!","player_choice":"2 cards matched","floor":6.0,"gold_loss":0.0,"damage_taken":0.0,"cards_obtained":["Bash","Shockwave"]},{"damage_healed":0.0,"max_hp_gain":0.0,"max_hp_loss":0.0,"gold_gain":0.0,"event_name":"Scrap Ooze","player_choice":"Success","floor":10.0,"gold_loss":0.0,"damage_taken":5.0,"relics_obtained":["Pocketwatch"]},{"damage_healed":0.0,"max_hp_gain":0.0,"max_hp_loss":0.0,"gold_gain":0.0,"event_name":"Liars Game","player_choice":"Ignored","floor":14.0,"gold_loss":0.0,"damage_taken":0.0},{"cards_removed":["Metallicize"],"damage_healed":35.0,"max_hp_gain":0.0,"max_hp_loss":0.0,"gold_gain":0.0,"event_name":"Bonfire Elementals","player_choice":"Offered Uncommon","floor":20.0,"gold_loss":0.0,"damage_taken":0.0},{"damage_healed":0,"gold_gain":0,"player_choice":"Ignored","damage_taken":0,"max_hp_gain":0,"max_hp_loss":0,"event_name":"SecretPortal","floor":36,"gold_loss":0},{"damage_healed":0,"gold_gain":0,"player_choice":"Memory 1","damage_taken":0,"max_hp_gain":0,"max_hp_loss":0,"event_name":"SensoryStone","floor":47,"gold_loss":0}],"is_beta":false,"boss_relics":[{"not_picked":["Runic Dome","Orrery"],"picked":"Snecko Eye"},{"not_picked":["Coffee Dripper","Velvet Choker"],"picked":"Black Star"}],"items_purged_floors":[21],"is_endless":false,"potions_floor_spawned":[5,7,19,23,25,30,33,37,38,40,42,44,45],"ascension_level":17}