{"gold_per_floor":[111,125,75,75,88,88,88,102,128,153,32,32,46,59,59,154,154,170,95,107,107,118,118,131,131,131,131,32,32,52,2,2,98,98,108,123,142,142,156,156,169,169,193,193,193,224,235,252,252,252],"floor_reached":51,"playtime":2603,"items_purged":["Strike_B"],"score":755,"play_id":"8763c347-5b6c-4f6d-b245-b20aa9941599","local_time":"20190529155020","is_ascension_mode":false,"campfire_choices":[{"data":"Go for the Eyes","floor":6,"key":"SMITH"},{"floor":15,"key":"REST"},{"data":"Go for the Eyes","floor":23,"key":"SMITH"},{"floor":27,"key":"REST"},{"data":"Defragment","floor":29,"key":"SMITH"},{"data":"Loop","floor":32,"key":"SMITH"},{"data":"Glacier","floor":40,"key":"SMITH"},{"data":"Hologram","floor":42,"key":"SMITH"},{"data":"Static Discharge","floor":44,"key":"SMITH"},{"data":"Loop","floor":49,"key":"SMITH"}],"neow_cost":"NONE","seed_source_timestamp":446908603894000,"circlet_count":0,"master_deck":["Strike_B","Defend_B","Defend_B","Defend_B","Defend_B","Zap+1","Dualcast","Meteor Strike","Hologram+1","Static Discharge+1","Go for the Eyes+1","Go for the Eyes+1","Streamline","Coolheaded","Glacier+1","Loop+1","Reboot","BootSequence","Redo+1","Ball Lightning","Conserve Battery+1","Defragment+1","Conserve Battery","Sweeping Beam+1","Thunder Strike+1","Coolheaded","Cold Snap+1","Compile Driver+1","Parasite","BootSequence","Blizzard+1","Loop+1","Rebound+1"],"relics":["Cracked Core","Bronze Scales","Bag of Marbles","CultistMask","Nuclear Battery","Bag of Preparation","Molten Egg 2","PreservedInsect","Cursed Key","Potion Belt","Spirit Poop","Ice Cream"],"potions_floor_usage":[13,16,16,24,33,50,50],"damage_taken":[{"damage":6,"enemies":"Jaw Worm","floor":1,"turns":3},{"damage":0,"enemies":"Small Slimes","floor":2,"turns":3},{"damage":0,"enemies":"Cultist","floor":5,"turns":4},{"damage":2,"enemies":"Blue Slaver","floor":8,"turns":5},{"damage":24,"enemies":"3 Sentries","floor":10,"turns":6},{"damage":16,"enemies":"Lots of Slimes","floor":13,"turns":2},{"damage":2,"enemies":"Large Slime","floor":14,"turns":5},{"damage":0,"enemies":"Hexaghost","floor":16,"turns":9},{"damage":3,"enemies":"Shell Parasite","floor":18,"turns":5},{"damage":11,"enemies":"Spheric Guardian","floor":20,"turns":4},{"damage":10,"enemies":"Centurion and Healer","floor":22,"turns":6},{"damage":10,"enemies":"Snake Plant","floor":24,"turns":2},{"damage":12,"enemies":"Shelled Parasite and Fungi","floor":30,"turns":5},{"damage":32,"enemies":"Collector","floor":33,"turns":13},{"damage":0,"enemies":"Orb Walker","floor":35,"turns":3},{"damage":0,"enemies":"3 Darklings","floor":36,"turns":5},{"damage":0,"enemies":"4 Shapes","floor":37,"turns":7},{"damage":3,"enemies":"Writhing Mass","floor":39,"turns":9},{"damage":0,"enemies":"Sphere and 2 Shapes","floor":41,"turns":3},{"damage":0,"enemies":"Nemesis","floor":46,"turns":9},{"damage":0,"enemies":"Transient","floor":47,"turns":5},{"damage":0,"enemies":"4 Shapes","floor":48,"turns":5},{"damage":17,"enemies":"Time Eater","floor":50,"turns":9}],"seed_played":"-450820004665248189","potions_obtained":[{"floor":1,"key":"Fire Potion"},{"floor":13,"key":"PowerPotion"},{"floor":14,"key":"Regen Potion"},{"floor":20,"key":"LiquidBronze"},{"floor":30,"key":"AttackPotion"},{"floor":35,"key":"Strength Potion"},{"floor":36,"key":"FearPotion"},{"floor":37,"key":"SpeedPotion"},{"floor":41,"key":"FocusPotion"},{"floor":48,"key":"SteroidPotion"}],"is_trial":false,"path_per_floor":["M","M","?","?","M","R","$","M","T","E","$","?","M","M","R","B",null,"M","?","M","$","M","R","M","?","T","R","$","R","M","?","R","B",null,"M","M","M","?","M","R","M","R","T","R","?","E","M","M","R","B",null],"character_chosen":"DEFECT","items_purchased":["Coolheaded","Defragment","Conserve Battery"],"campfire_rested":2,"item_purchase_floors":[11,28,28],"current_hp_per_floor":[69,69,69,69,69,69,69,67,67,43,43,43,27,25,47,62,75,72,72,61,61,51,51,41,41,41,63,63,63,51,51,51,19,75,75,75,75,75,72,72,72,72,72,72,72,72,72,72,72,55],"gold":252,"neow_bonus":"ONE_RANDOM_RARE_CARD","is_prod":false,"is_daily":false,"chose_seed":false,"campfire_upgraded":8,"win_rate":0,"timestamp":1559134220,"path_taken":["M","M","?","?","M","R","$","?","T","E","?","?","?","M","R","BOSS","M","?","M","$","M","R","M","?","T","R","?","R","M","?","R","BOSS","M","?","M","?","M","R","M","R","T","R","?","E","?","M","R","BOSS"],"build_version":"2019-05-28","purchased_purges":1,"victory":true,"max_hp_per_floor":[75,75,75,75,75,75,75,75,75,75,75,75,75,75,75,75,75,75,75,75,75,75,75,75,75,75,75,75,75,75,75,75,75,75,75,75,75,75,75,75,75,75,75,75,75,75,75,75,75,75],"card_choices":[{"not_picked":["Rip and Tear","Scrape"],"picked":"Hologram","floor":1},{"not_picked":["Gash","Recycle"],"picked":"Static Discharge","floor":2},{"not_picked":["Leap","Aggregate"],"picked":"Go for the Eyes","floor":5},{"not_picked":["Sunder","Ball Lightning"],"picked":"Go for the Eyes","floor":8},{"not_picked":["Redo","Doom and Gloom"],"picked":"Streamline","floor":10},{"not_picked":["Beam Cell","Ball Lightning"],"picked":"Glacier","floor":13},{"not_picked":["Hologram","Stack"],"picked":"Loop","floor":14},{"not_picked":["Hyperbeam","Rainbow"],"picked":"Reboot","floor":16},{"not_picked":["Coolheaded","Static Discharge"],"picked":"BootSequence","floor":18},{"not_picked":["Steam","Chaos"],"picked":"Redo+1","floor":20},{"not_picked":["Static Discharge","Meteor Strike"],"picked":"Ball Lightning","floor":22},{"not_picked":["Beam Cell","Ball Lightning"],"picked":"Conserve Battery+1","floor":24},{"not_picked":["Conserve Battery","Lockon+1"],"picked":"Sweeping Beam+1","floor":30},{"not_picked":["Core Surge+1","BootSequence"],"picked":"Thunder Strike+1","floor":33},{"not_picked":["Stack+1","Rip and Tear+1"],"picked":"Coolheaded","floor":35},{"not_picked":["Melter+1","Leap"],"picked":"Cold Snap+1","floor":36},{"not_picked":["Static Discharge","Aggregate+1"],"picked":"Compile Driver+1","floor":37},{"not_picked":["Cold Snap+1","Ball Lightning+1"],"picked":"BootSequence","floor":39},{"not_picked":["Coolheaded+1","Turbo"],"picked":"Blizzard+1","floor":41},{"not_picked":["Hello World","Barrage+1"],"picked":"Loop","floor":46},{"not_picked":["Ball Lightning+1","Barrage+1"],"picked":"Rebound+1","floor":47},{"not_picked":["Reprogram","Stack","Storm"],"picked":"SKIP","floor":48}],"player_experience":389024,"relics_obtained":[{"floor":9,"key":"Bronze Scales"},{"floor":10,"key":"Bag of Marbles"},{"floor":26,"key":"Molten Egg 2"},{"floor":43,"key":"Potion Belt"},{"floor":46,"key":"Ice Cream"}],"event_choices":[{"cards_removed":["Strike_B"],"damage_healed":0,"gold_gain":0,"player_choice":"Card Removal","damage_taken":0,"max_hp_gain":0,"max_hp_loss":0,"event_name":"The Cleric","floor":3,"gold_loss":50},{"damage_healed":0,"gold_gain":0,"player_choice":"Grow","damage_taken":0,"max_hp_gain":0,"max_hp_loss":0,"event_name":"Living Wall","floor":4,"gold_loss":0,"cards_upgraded":["Zap"]},{"damage_healed":0,"gold_gain":0,"player_choice":"Trade","damage_taken":0,"relics_obtained":["CultistMask"],"max_hp_gain":0,"max_hp_loss":0,"event_name":"FaceTrader","floor":12,"gold_loss":0},{"cards_removed":["Strike_B"],"damage_healed":0,"gold_gain":0,"player_choice":"Gave Gold","damage_taken":0,"max_hp_gain":0,"max_hp_loss":0,"event_name":"Beggar","floor":19,"gold_loss":75},{"damage_healed":0,"gold_gain":0,"player_choice":"Opened","damage_taken":0,"relics_obtained":["Bag of Preparation"],"max_hp_gain":0,"max_hp_loss":0,"event_name":"The Mausoleum","floor":25,"gold_loss":0},{"damage_healed":0,"gold_gain":0,"player_choice":"Paid Gold","damage_taken":0,"relics_obtained":["PreservedInsect"],"max_hp_gain":0,"max_hp_loss":0,"event_name":"WeMeetAgain","floor":31,"gold_loss":50},{"damage_healed":0,"gold_gain":0,"player_choice":"Ignored","damage_taken":0,"max_hp_gain":0,"max_hp_loss":0,"event_name":"Mysterious Sphere","floor":38,"gold_loss":0},{"cards_removed":["Regret"],"damage_healed":0,"gold_gain":0,"player_choice":"Offered Curse","damage_taken":0,"relics_obtained":["Spirit Poop"],"max_hp_gain":0,"max_hp_loss":0,"event_name":"Bonfire Elementals","floor":45,"gold_loss":0}],"is_beta":true,"boss_relics":[{"not_picked":["Black Star","Runic Dome"],"picked":"Nuclear Battery"},{"not_picked":["Lizard Tail","Snecko Eye"],"picked":"Cursed Key"}],"items_purged_floors":[11],"is_endless":false,"potions_floor_spawned":[1,13,14,20,30,35,36,37,41,48],"ascension_level":0}