{"gold_per_floor":[17,17,28,28,41,41,54,54,135,135,135,165,165,177,177,250,250,262,272,121,139,139],"floor_reached":22,"playtime":856,"items_purged":["Strike_B"],"score":363,"play_id":"091aaebf-be50-4248-b4ed-b1c991b71a3d","local_time":"20191016232310","is_ascension_mode":true,"campfire_choices":[{"data":"Defragment","floor":6.0,"key":"SMITH"},{"data":"Skim","floor":8,"key":"SMITH"},{"data":"Dualcast","floor":10,"key":"SMITH"},{"data":"Conserve Battery","floor":13,"key":"SMITH"},{"floor":15,"key":"REST"}],"neow_cost":"NO_GOLD","seed_source_timestamp":139017330841700,"circlet_count":0,"master_deck":["AscendersBane","Strike_B","Strike_B","Defend_B","Defend_B","Defend_B","Defend_B","Zap+1","Dualcast+1","Core Surge","Conserve Battery+1","Defragment+1","Skim+1","Chill","Reboot","Buffer","Rebound"],"special_seed":0,"relics":["Cracked Core","Bottled Flame","Strawberry","Eternal Feather"],"potions_floor_usage":[12,16,16,21],"damage_taken":[{"damage":1.0,"enemies":"Cultist","floor":1.0,"turns":3.0},{"damage":0.0,"enemies":"Small Slimes","floor":3.0,"turns":3.0},{"damage":4.0,"enemies":"Jaw Worm","floor":5.0,"turns":5.0},{"damage":5.0,"enemies":"3 Louse","floor":7.0,"turns":4.0},{"damage":13,"enemies":"3 Sentries","floor":12,"turns":8},{"damage":10,"enemies":"Exordium Thugs","floor":14,"turns":4},{"damage":18,"enemies":"Slime Boss","floor":16,"turns":10},{"damage":17,"enemies":"Shell Parasite","floor":18,"turns":7},{"damage":0,"enemies":"Spheric Guardian","floor":19,"turns":6},{"damage":24,"enemies":"Snake Plant","floor":21,"turns":4},{"damage":42,"enemies":"Centurion and Healer","floor":22,"turns":10}],"seed_played":"-8348160659470078823","potions_obtained":[{"floor":1.0,"key":"SkillPotion"},{"floor":7.0,"key":"FearPotion"},{"floor":12,"key":"Poison Potion"},{"floor":18,"key":"Regen Potion"}],"is_trial":false,"path_per_floor":["M","?","M","$","M","R","M","R","T","R","?","E","R","M","R","B",null,"M","M","$","M","M"],"character_chosen":"DEFECT","items_purchased":["Buffer"],"campfire_rested":1,"item_purchase_floors":[20],"current_hp_per_floor":[63,63,63,63,59,59,54,54,54,54,54,48,48,38,61,43,69,52,52,52,40,0],"gold":139,"neow_bonus":"THREE_RARE_CARDS","is_prod":false,"is_daily":false,"chose_seed":false,"campfire_upgraded":4,"win_rate":0,"timestamp":1571293390,"path_taken":["M","?","M","?","?","R","M","R","T","R","?","E","R","M","R","BOSS","M","M","$","M","?"],"build_version":"2019-07-17","purchased_purges":1,"victory":false,"max_hp_per_floor":[71,71,71,71,71,71,71,71,71,71,71,78,78,78,78,78,78,78,78,78,78,78],"card_choices":[{"not_picked":["Reboot","Rainbow"],"picked":"Core Surge","floor":0.0},{"not_picked":["Tempest","Steam Power","Turbo"],"picked":"SKIP","floor":1.0},{"not_picked":["Double Energy","Consume"],"picked":"Conserve Battery","floor":3.0},{"not_picked":["Scrape","Turbo"],"picked":"Defragment","floor":5.0},{"not_picked":["Conserve Battery","Turbo"],"picked":"Skim","floor":7.0},{"not_picked":["Tempest","Sweeping Beam","Redo"],"picked":"SKIP","floor":12},{"not_picked":["Compile Driver","Cold Snap"],"picked":"Chill","floor":14},{"not_picked":["All For One","Hyperbeam"],"picked":"Reboot","floor":16},{"not_picked":["Sweeping Beam","Steam","Stack"],"picked":"SKIP","floor":18},{"not_picked":["Stack","Redo","Scrape"],"picked":"SKIP","floor":19},{"not_picked":["Steam","Sweeping Beam"],"picked":"Rebound","floor":21}],"player_experience":707193,"relics_obtained":[{"floor":9,"key":"Bottled Flame"},{"floor":12,"key":"Strawberry"}],"event_choices":[{"cards_removed":["Strike_B"],"damage_healed":0.0,"max_hp_gain":0.0,"max_hp_loss":0.0,"gold_gain":0.0,"event_name":"Purifier","player_choice":"Purged","floor":2.0,"gold_loss":0.0,"damage_taken":0.0},{"damage_healed":0,"gold_gain":0,"player_choice":"Upgraded","damage_taken":0,"max_hp_gain":0,"max_hp_loss":0,"event_name":"Upgrade Shrine","floor":11,"gold_loss":0,"cards_upgraded":["Zap"]}],"is_beta":false,"boss_relics":[{"not_picked":["Philosopher\u0027s Stone","Tiny House"],"picked":"Eternal Feather"}],"items_purged_floors":[20],"is_endless":false,"potions_floor_spawned":[1,7,12,18],"killed_by":"Centurion and Healer","ascension_level":19}