{"gold_per_floor":[13,27,27,44,44,75,75,106,129,129,44,64,83,98,98,201,201,201],"floor_reached":18,"playtime":683,"items_purged":[],"score":207,"play_id":"ce28c28e-2801-4bb9-a7e5-1f9f855efd5b","local_time":"20191015133026","is_ascension_mode":true,"campfire_choices":[{"data":"Searing Blow","floor":7.0,"key":"SMITH"},{"data":"Searing Blow+1","floor":10.0,"key":"SMITH"},{"data":"Searing Blow+2","floor":15.0,"key":"SMITH"}],"neow_cost":"NO_GOLD","seed_source_timestamp":238055910362300,"circlet_count":0,"master_deck":["Strike_R","Strike_R","Strike_R","Defend_R","Defend_R","Defend_R","Bash","Searing Blow+3","Headbutt","Ghostly Armor","Enlightenment","Dropkick","True Grit","Impervious","CurseOfTheBell"],"special_seed":0,"relics":["Burning Blood","Bag of Preparation","Centennial Puzzle","Ancient Tea Set","Calling Bell","Pen Nib","Self Forming Clay","Unceasing Top"],"potions_floor_usage":[],"damage_taken":[{"damage":6.0,"enemies":"Small Slimes","floor":1.0,"turns":3.0},{"damage":1.0,"enemies":"Cultist","floor":2.0,"turns":4.0},{"damage":13.0,"enemies":"Jaw Worm","floor":4.0,"turns":3.0},{"damage":20.0,"enemies":"3 Sentries","floor":6.0,"turns":9.0},{"damage":0.0,"enemies":"Gremlin Nob","floor":8.0,"turns":2.0},{"damage":0.0,"enemies":"3 Louse","floor":12.0,"turns":3.0},{"damage":6.0,"enemies":"Exordium Wildlife","floor":13.0,"turns":3.0},{"damage":3.0,"enemies":"Gremlin Gang","floor":14.0,"turns":3.0},{"damage":16,"enemies":"Slime Boss","floor":16,"turns":6},{"damage":0,"enemies":"3 Byrds","floor":18,"turns":1}],"seed_played":"-8889718280248280520","potions_obtained":[{"floor":2.0,"key":"AttackPotion"},{"floor":4.0,"key":"Explosive Potion"},{"floor":12.0,"key":"AttackPotion"},{"floor":16,"key":"FearPotion"}],"is_trial":false,"path_per_floor":["M","M","?","M","$","E","R","E","T","R","$","M","M","M","R","B",null,"M"],"character_chosen":"IRONCLAD","items_purchased":["Enlightenment"],"campfire_rested":0,"item_purchase_floors":[11],"current_hp_per_floor":[80,80,80,73,73,59,59,65,65,65,65,71,71,74,74,64,80,80],"gold":201,"neow_bonus":"REMOVE_TWO","is_prod":false,"is_daily":false,"chose_seed":false,"campfire_upgraded":3,"win_rate":0,"timestamp":1571164226,"path_taken":["M","M","?","M","$","E","R","E","T","R","?","?","M","M","R","BOSS","M"],"build_version":"2019-10-14","purchased_purges":0,"victory":false,"max_hp_per_floor":[80,80,80,80,80,80,80,80,80,80,80,80,80,80,80,80,80,80],"card_choices":[{"not_picked":["Iron Wave","Clash"],"picked":"Searing Blow","floor":1.0},{"not_picked":["Rampage","Thunderclap"],"picked":"Headbutt","floor":2.0},{"not_picked":["Whirlwind","Pommel Strike"],"picked":"Ghostly Armor","floor":4.0},{"not_picked":["Rampage","Iron Wave","Perfected Strike"],"picked":"SKIP","floor":6.0},{"not_picked":["Headbutt","Sword Boomerang","Iron Wave"],"picked":"SKIP","floor":8.0},{"not_picked":["Clash","Anger","Limit Break"],"picked":"SKIP","floor":12.0},{"not_picked":["Shrug It Off","Clothesline"],"picked":"Dropkick","floor":13.0},{"not_picked":["Combust","Heavy Blade"],"picked":"True Grit","floor":14.0},{"not_picked":["Demon Form","Barricade"],"picked":"Impervious","floor":16}],"player_experience":31467,"relics_obtained":[{"floor":6.0,"key":"Bag of Preparation"},{"floor":8.0,"key":"Centennial Puzzle"},{"floor":9.0,"key":"Ancient Tea Set"},{"floor":17,"key":"Pen Nib"},{"floor":17,"key":"Self Forming Clay"},{"floor":17,"key":"Unceasing Top"}],"event_choices":[{"cards_removed":["Strike_R"],"damage_healed":0.0,"max_hp_gain":0.0,"max_hp_loss":0.0,"gold_gain":0.0,"event_name":"Bonfire Elementals","player_choice":"Offered Basic","floor":3.0,"gold_loss":0.0,"damage_taken":0.0}],"is_beta":true,"boss_relics":[{"not_picked":["Cursed Key","Ectoplasm"],"picked":"Calling Bell"}],"items_purged_floors":[],"is_endless":false,"potions_floor_spawned":[2,4,12,16],"killed_by":"3 Byrds","ascension_level":1}