{"gold_per_floor":[119,194,205,218,218,247,247,257,257,288,308,27,52,126,126,205,205,221,237,162,162,212,239,239,270,352,352,352,35,52,64,64,143,143,155,172,172,182,48,48,77,77,101,101,129,144,169,44,44,44],"floor_reached":51,"playtime":5337,"items_purged":["Strike_R","Regret","Doubt"],"score":1445,"play_id":"7efc4187-05d7-4416-8a09-6818cab36c74","local_time":"20190527140234","is_ascension_mode":true,"campfire_choices":[{"floor":7.0,"key":"REST"},{"floor":15.0,"key":"REST"},{"data":"Juggernaut","floor":24.0,"key":"SMITH"},{"floor":28.0,"key":"REST"},{"floor":32.0,"key":"REST"},{"data":"Pommel Strike","floor":40.0,"key":"SMITH"},{"data":"Pommel Strike","floor":42.0,"key":"SMITH"},{"data":"Limit Break","floor":49.0,"key":"SMITH"}],"neow_cost":"NONE","seed_source_timestamp":73940174709491,"circlet_count":0,"master_deck":["AscendersBane","Strike_R","Strike_R","Strike_R","Defend_R","Defend_R","Defend_R","Defend_R","Bash+1","Uppercut+1","Pommel Strike+1","Inflame","Metallicize","Feed","Thunderclap","Shockwave","Juggernaut+1","Clothesline+1","True Grit","Ghostly","Ghostly+1","Ghostly+1","Armaments","Feed","Dropkick","Metallicize","Pommel Strike+1","Reaper","Battle Trance+1","Shrug It Off","Shockwave+1","Limit Break+1","Doubt","Inflame"],"special_seed":0,"relics":["Burning Blood","Dream Catcher","Matryoshka","Ornamental Fan","Gremlin Horn","Art of War","Cursed Key","Nunchaku","Meat on the Bone","PreservedInsect","Shuriken","Strange Spoon","Lizard Tail","Tiny Chest","Red Skull","Lantern","Juzu Bracelet","Pantograph","War Paint","StoneCalendar"],"potions_floor_usage":[50,50],"damage_taken":[{"damage":2.0,"enemies":"Small Slimes","floor":1.0,"turns":5.0},{"damage":2.0,"enemies":"2 Louse","floor":3.0,"turns":3.0},{"damage":0.0,"enemies":"Cultist","floor":4.0,"turns":3.0},{"damage":29.0,"enemies":"Gremlin Nob","floor":6.0,"turns":4.0},{"damage":24.0,"enemies":"Exordium Thugs","floor":8.0,"turns":5.0},{"damage":20.0,"enemies":"Lagavulin","floor":10.0,"turns":7.0},{"damage":7.0,"enemies":"Blue Slaver","floor":11.0,"turns":5.0},{"damage":20.0,"enemies":"Gremlin Nob","floor":13.0,"turns":4.0},{"damage":44.0,"enemies":"Slime Boss","floor":16.0,"turns":7.0},{"damage":24.0,"enemies":"3 Byrds","floor":18.0,"turns":4.0},{"damage":21.0,"enemies":"Spheric Guardian","floor":19.0,"turns":4.0},{"damage":8.0,"enemies":"Gremlin Leader","floor":23.0,"turns":6.0},{"damage":18.0,"enemies":"Slavers","floor":25.0,"turns":7.0},{"damage":0.0,"enemies":"Snake Plant","floor":30.0,"turns":4.0},{"damage":28.0,"enemies":"Chosen and Byrds","floor":31.0,"turns":6.0},{"damage":17.0,"enemies":"Automaton","floor":33.0,"turns":11.0},{"damage":46.0,"enemies":"3 Shapes","floor":35.0,"turns":11.0},{"damage":18.0,"enemies":"3 Darklings","floor":36.0,"turns":6.0},{"damage":4.0,"enemies":"Transient","floor":38.0,"turns":6.0},{"damage":13.0,"enemies":"Nemesis","floor":41.0,"turns":7.0},{"damage":48.0,"enemies":"Reptomancer","floor":45.0,"turns":8.0},{"damage":22.0,"enemies":"Sphere and 2 Shapes","floor":46.0,"turns":5.0},{"damage":21.0,"enemies":"Nemesis","floor":47.0,"turns":11.0},{"damage":72,"enemies":"Donu and Deca","floor":50,"turns":10}],"seed_played":"2936816622414764820","potions_obtained":[{"floor":3.0,"key":"Energy Potion"},{"floor":6.0,"key":"GamblersBrew"},{"floor":10.0,"key":"Fruit Juice"},{"floor":13.0,"key":"EssenceOfSteel"},{"floor":16.0,"key":"Swift Potion"},{"floor":19.0,"key":"Explosive Potion"},{"floor":31.0,"key":"SkillPotion"},{"floor":33.0,"key":"AttackPotion"},{"floor":35.0,"key":"Block Potion"},{"floor":38.0,"key":"EssenceOfSteel"},{"floor":45.0,"key":"LiquidBronze"},{"floor":47.0,"key":"SteroidPotion"}],"is_trial":false,"path_per_floor":["M","?","M","M","?","E","R","M","T","E","M","$","E","?","R","B",null,"M","M","$","?","?","E","R","E","T","?","R","$","M","M","R","B",null,"M","M","?","M","$","R","E","R","T","T","E","M","E","$","R","B",null],"character_chosen":"IRONCLAD","items_purchased":["Gremlin Horn","Strange Spoon","Tiny Chest"],"campfire_rested":4,"item_purchase_floors":[12,29,39],"current_hp_per_floor":[72,61,65,71,71,48,70,52,52,43,42,42,28,28,52,14,64,46,31,31,31,31,29,29,20,20,10,24,24,42,35,50,39,48,26,38,38,49,49,49,42,42,42,42,35,40,60,60,60,63],"gold":44,"neow_bonus":"UPGRADE_CARD","is_prod":false,"is_daily":false,"chose_seed":false,"campfire_upgraded":4,"win_rate":0,"timestamp":1558990954,"path_taken":["M","?","M","M","?","E","R","M","T","E","M","$","E","?","R","BOSS","M","M","$","?","?","E","R","E","T","?","R","$","M","M","R","BOSS","M","M","?","?","$","R","E","R","T","?","E","M","E","$","R","BOSS"],"build_version":"2019-01-23","purchased_purges":3,"victory":true,"max_hp_per_floor":[75,75,75,75,75,75,75,75,75,80,80,80,80,80,80,80,80,80,80,80,40,40,40,40,43,43,48,48,48,48,51,51,51,51,57,57,57,57,57,57,57,57,57,57,57,60,60,60,60,63],"card_choices":[{"not_picked":["Thunderclap","Bloodletting","Twin Strike"],"picked":"SKIP","floor":1.0},{"not_picked":["Pommel Strike","Rage"],"picked":"Uppercut","floor":3.0},{"not_picked":["Anger","Clash"],"picked":"Pommel Strike","floor":4.0},{"not_picked":["Iron Wave","Blood for Blood"],"picked":"Inflame","floor":6.0},{"not_picked":["Thunderclap","Flex","Perfected Strike"],"picked":"SKIP","floor":8.0},{"not_picked":["Thunderclap","Flex","Perfected Strike"],"picked":"SKIP","floor":8.0},{"not_picked":["Entrench","Headbutt"],"picked":"Metallicize","floor":10.0},{"not_picked":["Blood for Blood","Wild Strike"],"picked":"Feed","floor":11.0},{"not_picked":["Pommel Strike","Feel No Pain"],"picked":"Thunderclap","floor":13.0},{"not_picked":["Twin Strike","Armaments"],"picked":"Shockwave","floor":15.0},{"not_picked":["Berserk","Brutality"],"picked":"Juggernaut","floor":16.0},{"not_picked":["Thunderclap","Perfected Strike"],"picked":"Clothesline+1","floor":18.0},{"not_picked":["Heavy Blade","Intimidate"],"picked":"True Grit","floor":19.0},{"not_picked":["Feel No Pain","Clothesline"],"picked":"Armaments","floor":23.0},{"not_picked":["True Grit+1","Clash+1"],"picked":"Feed","floor":25.0},{"not_picked":["Cleave","Twin Strike"],"picked":"Dropkick","floor":28.0},{"not_picked":["Heavy Blade","Pummel","Pommel Strike"],"picked":"SKIP","floor":30.0},{"not_picked":["Iron Wave+1","Battle Trance"],"picked":"Metallicize","floor":31.0},{"not_picked":["Clash","Clothesline"],"picked":"Pommel Strike","floor":32.0},{"not_picked":["Exhume","Barricade"],"picked":"Reaper","floor":33.0},{"not_picked":["Whirlwind","Armaments+1"],"picked":"Battle Trance+1","floor":35.0},{"not_picked":["Wild Strike+1","Sword Boomerang"],"picked":"Shrug It Off","floor":36.0},{"not_picked":["Cleave+1","Sword Boomerang"],"picked":"Shockwave+1","floor":38.0},{"not_picked":["Headbutt","Power Through"],"picked":"Limit Break","floor":41.0},{"not_picked":["Reckless Charge","Rampage","Perfected Strike"],"picked":"SKIP","floor":45.0},{"not_picked":["Twin Strike","Wild Strike+1"],"picked":"Inflame","floor":46.0},{"not_picked":["Anger","Second Wind","Flex+1"],"picked":"SKIP","floor":47.0}],"player_experience":620703,"relics_obtained":[{"floor":6.0,"key":"Dream Catcher"},{"floor":9.0,"key":"Matryoshka"},{"floor":10.0,"key":"Ornamental Fan"},{"floor":13.0,"key":"Art of War"},{"floor":23.0,"key":"Nunchaku"},{"floor":25.0,"key":"Meat on the Bone"},{"floor":26.0,"key":"PreservedInsect"},{"floor":26.0,"key":"Shuriken"},{"floor":41.0,"key":"Red Skull"},{"floor":43.0,"key":"Lantern"},{"floor":43.0,"key":"Juzu Bracelet"},{"floor":44.0,"key":"Pantograph"},{"floor":45.0,"key":"War Paint"},{"floor":47.0,"key":"StoneCalendar"}],"event_choices":[{"damage_healed":0.0,"max_hp_gain":0.0,"max_hp_loss":0.0,"gold_gain":75.0,"event_name":"World of Goop","player_choice":"Gather Gold","floor":2.0,"gold_loss":0.0,"damage_taken":11.0},{"damage_healed":0.0,"max_hp_gain":0.0,"max_hp_loss":0.0,"gold_gain":0.0,"event_name":"Living Wall","player_choice":"Grow","floor":5.0,"gold_loss":0.0,"damage_taken":0.0,"cards_upgraded":["Uppercut"]},{"damage_healed":0.0,"max_hp_gain":0.0,"max_hp_loss":0.0,"gold_gain":74.0,"event_name":"Golden Wing","player_choice":"Gained Gold","floor":14.0,"gold_loss":0.0,"damage_taken":0.0},{"damage_healed":0.0,"max_hp_gain":0.0,"max_hp_loss":40.0,"gold_gain":0.0,"event_name":"Ghosts","player_choice":"Became a Ghost","floor":21.0,"gold_loss":0.0,"damage_taken":0.0,"cards_obtained":["Ghostly","Ghostly","Ghostly"]},{"damage_healed":0.0,"max_hp_gain":0.0,"max_hp_loss":0.0,"gold_gain":50.0,"event_name":"Nest","player_choice":"Stole From Cult","floor":22.0,"gold_loss":0.0,"damage_taken":0.0},{"damage_healed":0.0,"max_hp_gain":5.0,"max_hp_loss":0.0,"gold_gain":0.0,"event_name":"Forgotten Altar","player_choice":"Shed Blood","floor":27.0,"gold_loss":0.0,"damage_taken":15.0},{"cards_removed":["Strike_R"],"damage_healed":0.0,"max_hp_gain":0.0,"max_hp_loss":0.0,"gold_gain":0.0,"event_name":"Purifier","player_choice":"Purged","floor":37.0,"gold_loss":0.0,"damage_taken":0.0}],"is_beta":false,"boss_relics":[{"not_picked":["Ectoplasm","Philosopher\u0027s Stone"],"picked":"Cursed Key"},{"not_picked":["Velvet Choker","Calling Bell"],"picked":"Lizard Tail"}],"items_purged_floors":[20,29,48],"is_endless":false,"potions_floor_spawned":[3,6,10,13,16,19,31,33,35,38,45,47],"ascension_level":19}