{"gold_per_floor":[112,130,144,157,9,34,34,34,34,34,65,65,65,13,13,109,109,129,129,145,161,161,182,182,28,28,43,66,66,66,82,82,82],"floor_reached":33,"playtime":2115,"items_purged":["Defend_R","Injury"],"score":437,"play_id":"083ac0d7-c0bf-4c5e-bb12-2ee924e27139","local_time":"20190423162628","is_ascension_mode":true,"campfire_choices":[{"floor":8,"key":"REST"},{"data":"Flame Barrier","floor":10,"key":"SMITH"},{"floor":12,"key":"REST"},{"floor":15,"key":"REST"},{"data":"Heavy Blade","floor":24,"key":"SMITH"},{"data":"Inflame","floor":29,"key":"SMITH"},{"floor":32,"key":"REST"}],"neow_cost":"NONE","seed_source_timestamp":0,"circlet_count":0,"master_deck":["AscendersBane","Strike_R","Strike_R","Strike_R","Strike_R","Strike_R","Defend_R","Defend_R","Defend_R","Bash","Dramatic Entrance","Shrug It Off","Flame Barrier+1","Shrug It Off","Inflame+1","Heavy Blade+1","Armaments+1","Body Slam","Flex+1","Whirlwind","Inflame+1","Inflame+1"],"special_seed":0,"relics":["Burning Blood","Ornamental Fan","Golden Idol","Self Forming Clay","Vajra","Velvet Choker","Mercury Hourglass"],"potions_floor_usage":[6,6,11,16,16,20,21,33],"damage_taken":[{"damage":6.0,"enemies":"Cultist","floor":1.0,"turns":4.0},{"damage":7,"enemies":"Jaw Worm","floor":2,"turns":3},{"damage":20,"enemies":"Small Slimes","floor":3,"turns":4},{"damage":0,"enemies":"Exordium Wildlife","floor":4,"turns":5},{"damage":36,"enemies":"Lagavulin","floor":6,"turns":9},{"damage":41,"enemies":"Gremlin Nob","floor":11,"turns":6},{"damage":59,"enemies":"Slime Boss","floor":16,"turns":16},{"damage":11,"enemies":"Chosen","floor":18,"turns":6},{"damage":17,"enemies":"2 Thieves","floor":20,"turns":4},{"damage":9,"enemies":"Centurion and Healer","floor":21,"turns":5},{"damage":25,"enemies":"Shelled Parasite and Fungi","floor":23,"turns":6},{"damage":8,"enemies":"Snake Plant","floor":27,"turns":3},{"damage":0,"enemies":"Centurion and Healer","floor":28,"turns":5},{"damage":0,"enemies":"Snecko","floor":31,"turns":3},{"damage":89,"enemies":"Collector","floor":33,"turns":6}],"seed_played":"9190798852925590520","potions_obtained":[{"floor":3,"key":"FearPotion"},{"floor":4,"key":"EssenceOfSteel"},{"floor":6,"key":"GamblersBrew"},{"floor":11,"key":"Ancient Potion"},{"floor":16,"key":"PowerPotion"},{"floor":18,"key":"SkillPotion"},{"floor":20,"key":"PowerPotion"}],"is_trial":false,"path_per_floor":["M","M","M","M","$","E","?","R","T","R","E","R","?","$","R","B",null,"M","?","M","M","?","M","R","$","T","M","M","R","?","M","R","B"],"character_chosen":"IRONCLAD","items_purchased":["Inflame","SpeedPotion","Body Slam"],"campfire_rested":4,"item_purchase_floors":[5,14,25],"current_hp_per_floor":[68,67,53,59,59,29,29,51,51,51,16,38,38,38,60,7,58,53,75,64,61,61,42,42,42,42,40,46,46,46,52,74,0],"gold":82,"neow_bonus":"RANDOM_COLORLESS","is_prod":false,"is_daily":false,"chose_seed":false,"campfire_upgraded":3,"win_rate":0,"timestamp":1556054788,"path_taken":["M","?","M","M","$","E","?","R","T","R","E","R","?","?","R","BOSS","M","?","?","M","?","M","R","?","T","?","M","R","?","?","R","BOSS"],"build_version":"2019-01-23","purchased_purges":2,"victory":false,"max_hp_per_floor":[75,75,75,75,75,75,75,75,75,75,75,75,75,75,75,75,75,75,75,75,75,75,75,75,75,75,75,75,75,75,75,75,75],"card_choices":[{"not_picked":["Headbutt","Reckless Charge"],"picked":"Shrug It Off","floor":1},{"not_picked":["Heavy Blade","Flex","Combust"],"picked":"SKIP","floor":2},{"not_picked":["Thunderclap","Carnage"],"picked":"Flame Barrier","floor":3},{"not_picked":["Pommel Strike","Clash"],"picked":"Shrug It Off","floor":4},{"not_picked":["Havoc","Body Slam","Cleave"],"picked":"SKIP","floor":6},{"not_picked":["Feel No Pain","Havoc","Perfected Strike"],"picked":"SKIP","floor":11},{"not_picked":["Armaments","Sword Boomerang"],"picked":"Corruption","floor":18},{"not_picked":["Armaments","Metallicize"],"picked":"Heavy Blade","floor":20},{"not_picked":["Twin Strike","Headbutt"],"picked":"Armaments+1","floor":21},{"not_picked":["Blood for Blood","Cleave","Perfected Strike"],"picked":"SKIP","floor":23},{"not_picked":["Disarm","Entrench"],"picked":"Flex+1","floor":27},{"not_picked":["Entrench+1","Armaments"],"picked":"Whirlwind","floor":28},{"not_picked":["Twin Strike","Clothesline"],"picked":"Inflame+1","floor":31}],"player_experience":501096,"relics_obtained":[{"floor":6,"key":"Ornamental Fan"},{"floor":9,"key":"Self Forming Clay"},{"floor":11,"key":"Vajra"},{"floor":26,"key":"Mercury Hourglass"}],"event_choices":[{"damage_healed":0,"gold_gain":0,"player_choice":"Take Wound","damage_taken":0,"relics_obtained":["Golden Idol"],"max_hp_gain":0,"max_hp_loss":0,"event_name":"Golden Idol","floor":7,"gold_loss":0,"cards_obtained":["Injury"]},{"damage_healed":0,"gold_gain":0,"player_choice":"Ignored","damage_taken":0,"max_hp_gain":0,"max_hp_loss":0,"event_name":"Liars Game","floor":13,"gold_loss":0},{"cards_removed":["Corruption"],"damage_healed":22,"gold_gain":0,"player_choice":"Offered Uncommon","damage_taken":0,"max_hp_gain":0,"max_hp_loss":0,"event_name":"Bonfire Elementals","floor":19,"gold_loss":0},{"damage_healed":0,"gold_gain":0,"player_choice":"Ignored","damage_taken":0,"max_hp_gain":0,"max_hp_loss":0,"event_name":"Ghosts","floor":22,"gold_loss":0},{"damage_healed":0,"gold_gain":0,"player_choice":"Copied","damage_taken":0,"max_hp_gain":0,"max_hp_loss":0,"event_name":"Duplicator","floor":30,"gold_loss":0,"cards_obtained":["Inflame"]}],"is_beta":false,"boss_relics":[{"not_picked":["Eternal Feather","Busted Crown"],"picked":"Velvet Choker"}],"items_purged_floors":[5,25],"is_endless":false,"potions_floor_spawned":[3,4,6,11,16,18,20],"killed_by":"Collector","ascension_level":14}