{"gold_per_floor":[117,130,147,72,84,84,95,121,148,98,98,98,98,112,112,209,209,226,141,152,0,0,0,0,0,26,39,39,53,3,18,18,18],"floor_reached":33,"playtime":886,"items_purged":["Defend_R"],"score":262,"play_id":"83171e81-2dbd-410f-8d30-6eb280ef1140","local_time":"20190531221240","is_ascension_mode":false,"campfire_choices":[{"data":"Thunderclap","floor":6,"key":"SMITH"},{"data":"Clash","floor":12,"key":"SMITH"},{"floor":15,"key":"REST"},{"floor":23,"key":"REST"},{"data":"Shrug It Off","floor":28,"key":"SMITH"},{"data":"Strike_R","floor":32,"key":"SMITH"}],"neow_cost":"NONE","seed_source_timestamp":644388473543900,"circlet_count":0,"master_deck":["Strike_R","Strike_R+1","Strike_R+1","Strike_R","Strike_R","Defend_R","Defend_R","Bash+1","Clash+1","Thunderclap+1","Shrug It Off+1"],"relics":["Burning Blood","Odd Mushroom","Strawberry","Ancient Tea Set","Runic Dome","Art of War","MutagenicStrength","Oddly Smooth Stone"],"potions_floor_usage":[8,16,16,31,33,33],"damage_taken":[{"damage":3,"enemies":"2 Louse","floor":1,"turns":3},{"damage":7,"enemies":"Jaw Worm","floor":2,"turns":5},{"damage":0,"enemies":"Small Slimes","floor":3,"turns":3},{"damage":2,"enemies":"3 Louse","floor":5,"turns":4},{"damage":16,"enemies":"Large Slime","floor":7,"turns":5},{"damage":9,"enemies":"The Mushroom Lair","floor":8,"turns":3},{"damage":11,"enemies":"Exordium Wildlife","floor":14,"turns":2},{"damage":63,"enemies":"The Guardian","floor":16,"turns":8},{"damage":12,"enemies":"Shell Parasite","floor":18,"turns":4},{"damage":15,"enemies":"2 Thieves","floor":20,"turns":3},{"damage":6,"enemies":"Centurion and Healer","floor":27,"turns":6},{"damage":0,"enemies":"Sentry and Sphere","floor":29,"turns":3},{"damage":15,"enemies":"Snake Plant","floor":31,"turns":3},{"damage":108,"enemies":"Collector","floor":33,"turns":10}],"seed_played":"-677031553180413143","potions_obtained":[{"floor":2,"key":"Dexterity Potion"},{"floor":3,"key":"Poison Potion"},{"floor":8,"key":"EssenceOfSteel"},{"floor":14,"key":"Dexterity Potion"},{"floor":18,"key":"GamblersBrew"},{"floor":20,"key":"LiquidBronze"},{"floor":27,"key":"Block Potion"},{"floor":31,"key":"Fruit Juice"}],"is_trial":false,"path_per_floor":["M","M","M","$","M","R","M","?","T","?","?","R","?","M","R","B",null,"M","?","M","?","?","R","?","?","T","M","R","M","$","M","R","B"],"character_chosen":"IRONCLAD","items_purchased":["PowerPotion"],"campfire_rested":2,"item_purchase_floors":[30],"current_hp_per_floor":[88,87,88,88,88,88,78,75,82,82,82,82,63,58,86,29,95,89,89,80,80,80,95,95,95,95,95,95,95,95,91,91,0],"gold":18,"neow_bonus":"TEN_PERCENT_HP_BONUS","is_prod":false,"is_daily":false,"chose_seed":false,"campfire_upgraded":4,"win_rate":0,"timestamp":1559329960,"path_taken":["M","M","M","$","M","R","M","?","T","?","?","R","?","M","R","BOSS","M","?","M","?","?","R","?","?","T","M","R","M","$","M","R","BOSS"],"build_version":"2019-05-28","purchased_purges":1,"victory":false,"max_hp_per_floor":[88,88,88,88,88,88,88,88,95,95,95,95,95,95,95,95,95,95,95,95,95,95,95,95,95,95,95,95,95,95,100,100,100],"card_choices":[{"not_picked":["Warcry","Inflame","Headbutt"],"picked":"SKIP","floor":1},{"not_picked":["Inflame","Armaments"],"picked":"Clash","floor":2},{"not_picked":["Whirlwind","Body Slam","Cleave"],"picked":"SKIP","floor":3},{"not_picked":["Carnage","Pommel Strike"],"picked":"Thunderclap","floor":5},{"not_picked":["Whirlwind","Anger","Feed"],"picked":"SKIP","floor":7},{"not_picked":["Shockwave","Armaments","Seeing Red"],"picked":"SKIP","floor":14},{"not_picked":["Armaments","Inflame","Whirlwind"],"picked":"SKIP","floor":18},{"not_picked":["Clash","Havoc+1","Wild Strike"],"picked":"SKIP","floor":20},{"not_picked":["Clash","Cleave","Havoc"],"picked":"SKIP","floor":27},{"not_picked":["Anger","Burning Pact","Twin Strike"],"picked":"SKIP","floor":29},{"not_picked":["Reaper","Heavy Blade+1","Armaments"],"picked":"SKIP","floor":31}],"player_experience":421512,"relics_obtained":[{"floor":8,"key":"Odd Mushroom"},{"floor":9,"key":"Strawberry"},{"floor":26,"key":"Oddly Smooth Stone"}],"event_choices":[{"damage_healed":0,"gold_gain":0,"player_choice":"Fought Mushrooms","damage_taken":0,"max_hp_gain":0,"max_hp_loss":0,"event_name":"Mushrooms","floor":8,"gold_loss":0},{"cards_removed":["Defend_R"],"damage_healed":0,"gold_gain":0,"player_choice":"Card Removal","damage_taken":0,"max_hp_gain":0,"max_hp_loss":0,"event_name":"The Cleric","floor":10,"gold_loss":50},{"damage_healed":0,"gold_gain":0,"player_choice":"Searched \u00271\u0027 times","damage_taken":0,"relics_obtained":["Ancient Tea Set"],"max_hp_gain":0,"max_hp_loss":0,"event_name":"Dead Adventurer","floor":11,"gold_loss":0},{"damage_healed":0,"gold_gain":0,"player_choice":"Entered Light","damage_taken":19,"max_hp_gain":0,"max_hp_loss":0,"event_name":"Shining Light","floor":13,"gold_loss":0,"cards_upgraded":["Bash","Strike_R"]},{"damage_healed":0,"gold_gain":0,"player_choice":"Obtained Relic","damage_taken":0,"relics_obtained":["Art of War"],"max_hp_gain":0,"max_hp_loss":0,"event_name":"Addict","floor":19,"gold_loss":85},{"damage_healed":0,"gold_gain":0,"player_choice":"Paid Fearfully","damage_taken":0,"max_hp_gain":0,"max_hp_loss":0,"event_name":"Masked Bandits","floor":21,"gold_loss":152},{"damage_healed":0,"gold_gain":0,"player_choice":"Inject Mutagens","damage_taken":0,"relics_obtained":["MutagenicStrength"],"max_hp_gain":0,"max_hp_loss":0,"event_name":"Drug Dealer","floor":22,"gold_loss":0},{"damage_healed":0,"gold_gain":0,"player_choice":"Read","damage_taken":0,"max_hp_gain":0,"max_hp_loss":0,"event_name":"The Library","floor":24,"gold_loss":0,"cards_obtained":["Shrug It Off"]},{"damage_healed":0,"gold_gain":0,"player_choice":"Ignored","damage_taken":0,"max_hp_gain":0,"max_hp_loss":0,"event_name":"Transmorgrifier","floor":25,"gold_loss":0}],"is_beta":true,"boss_relics":[{"not_picked":["Coffee Dripper","Fusion Hammer"],"picked":"Runic Dome"}],"items_purged_floors":[4],"is_endless":false,"potions_floor_spawned":[2,3,8,14,18,20,27,31],"killed_by":"Collector","ascension_level":0}