{"gold_per_floor":[131,163,175,205,217,229,206,251,263,275,360,397,409,441,453,596,608,644,680,692],"floor_reached":20,"playtime":1573,"items_purged":[],"score":252,"play_id":"f7f97d09-2d0e-43ec-85b7-3c1582180db7","local_time":"20190424133000","is_ascension_mode":true,"campfire_choices":[{"data":"Redo","floor":6.0,"key":"SMITH"},{"data":"Dualcast","floor":10.0,"key":"SMITH"},{"floor":15.0,"key":"REST"}],"neow_cost":"NONE","seed_source_timestamp":264532234137805,"circlet_count":0,"master_deck":["Strike_B","Strike_B","Strike_B","Strike_B","Defend_B","Defend_B","Defend_B","Defend_B","Zap+1","Dualcast+1","Glacier","Redo+1","Ball Lightning","Chaos","Lockon","Melter","Echo Form","Skim+1","Loop+1"],"special_seed":0,"relics":["FrozenCore","MawBank","Golden Idol","Darkstone Periapt","Blue Candle","PreservedInsect","Centennial Puzzle"],"potions_floor_usage":[20],"damage_taken":[{"damage":3.0,"enemies":"Small Slimes","floor":1.0,"turns":3.0},{"damage":2.0,"enemies":"2 Louse","floor":2.0,"turns":3.0},{"damage":1.0,"enemies":"Jaw Worm","floor":4.0,"turns":5.0},{"damage":13.0,"enemies":"3 Sentries","floor":8.0,"turns":5.0},{"damage":15.0,"enemies":"3 Sentries","floor":11.0,"turns":5.0},{"damage":2.0,"enemies":"2 Fungi Beasts","floor":12.0,"turns":3.0},{"damage":9.0,"enemies":"Lots of Slimes","floor":14.0,"turns":3.0},{"damage":3.0,"enemies":"The Guardian","floor":16.0,"turns":13.0},{"damage":0.0,"enemies":"Spheric Guardian","floor":18.0,"turns":5.0},{"damage":38.0,"enemies":"Chosen","floor":19.0,"turns":8.0},{"damage":41,"enemies":"Masked Bandits","floor":20,"turns":5}],"seed_played":"-4731776787989955332","potions_obtained":[{"floor":1.0,"key":"Explosive Potion"},{"floor":11.0,"key":"Swift Potion"},{"floor":14.0,"key":"Fire Potion"}],"is_trial":false,"path_per_floor":["M","M","?","M","?","R","?","E","T","R","?","M","?","M","R","B",null,"M","M","?"],"character_chosen":"DEFECT","items_purchased":[],"campfire_rested":1,"item_purchase_floors":[],"current_hp_per_floor":[65,63,45,44,44,44,62,49,49,49,34,32,32,23,45,42,67,67,29,0],"gold":692,"neow_bonus":"RANDOM_COMMON_RELIC","is_prod":false,"is_daily":false,"chose_seed":false,"campfire_upgraded":2,"win_rate":0,"timestamp":1556130600,"path_taken":["M","M","?","M","?","R","?","E","T","R","?","?","?","M","R","BOSS","M","?","?"],"build_version":"2019-01-23","purchased_purges":0,"victory":false,"max_hp_per_floor":[75,75,75,75,75,75,75,75,75,75,75,75,75,75,75,75,75,75,75,75],"card_choices":[{"not_picked":["Fusion","Leap"],"picked":"Glacier","floor":1.0},{"not_picked":["Steam","Ball Lightning"],"picked":"Redo","floor":2.0},{"not_picked":["Fusion","Turbo"],"picked":"Ball Lightning","floor":4.0},{"not_picked":["Streamline","Recycle"],"picked":"Ball Lightning","floor":8.0},{"not_picked":["Hello World","Turbo"],"picked":"Chaos","floor":11.0},{"not_picked":["Steam","Stack"],"picked":"Lockon","floor":12.0},{"not_picked":["Turbo","Compile Driver"],"picked":"Melter","floor":14.0},{"not_picked":["Creative AI","Multi-Cast"],"picked":"Echo Form","floor":16.0},{"not_picked":["Turbo","Cold Snap"],"picked":"Skim+1","floor":18.0},{"not_picked":["Steam Power+1","Sweeping Beam"],"picked":"Loop+1","floor":19.0}],"player_experience":513560,"relics_obtained":[{"floor":8.0,"key":"Darkstone Periapt"},{"floor":9.0,"key":"Blue Candle"},{"floor":11.0,"key":"PreservedInsect"}],"event_choices":[{"damage_healed":0.0,"max_hp_gain":0.0,"max_hp_loss":0.0,"gold_gain":0.0,"event_name":"Golden Idol","player_choice":"Take Damage","floor":3.0,"gold_loss":0.0,"damage_taken":18.0,"relics_obtained":["Golden Idol"]},{"damage_healed":0.0,"max_hp_gain":0.0,"max_hp_loss":0.0,"gold_gain":0.0,"event_name":"Living Wall","player_choice":"Grow","floor":5.0,"gold_loss":0.0,"damage_taken":0.0,"cards_upgraded":["Zap"]},{"damage_healed":18.0,"max_hp_gain":0.0,"max_hp_loss":0.0,"gold_gain":0.0,"event_name":"The Cleric","player_choice":"Healed","floor":7.0,"gold_loss":35.0,"damage_taken":0.0},{"damage_healed":0.0,"max_hp_gain":0.0,"max_hp_loss":0.0,"gold_gain":0.0,"event_name":"Dead Adventurer","player_choice":"Searched \u00271\u0027 times","floor":11.0,"gold_loss":0.0,"damage_taken":0.0},{"cards_removed":["Ball Lightning"],"damage_healed":0.0,"max_hp_gain":0.0,"max_hp_loss":0.0,"gold_gain":0.0,"event_name":"WeMeetAgain","player_choice":"Gave Card","floor":13.0,"gold_loss":0.0,"damage_taken":0.0,"relics_obtained":["Centennial Puzzle"]},{"damage_healed":0,"gold_gain":0,"player_choice":"Fought Bandits","damage_taken":0,"max_hp_gain":0,"max_hp_loss":0,"event_name":"Masked Bandits","floor":20,"gold_loss":0}],"is_beta":false,"boss_relics":[{"not_picked":["Coffee Dripper","Busted Crown"],"picked":"FrozenCore"}],"items_purged_floors":[],"is_endless":false,"potions_floor_spawned":[1,11,14],"killed_by":"Masked Bandits","ascension_level":9}