{"gold_per_floor":[114,114,114,130,130,149,6,23,23,23,43,17,46,46],"floor_reached":14,"playtime":316,"items_purged":[],"score":90,"play_id":"e343abd2-d38f-472e-8ee4-3193563f10c4","local_time":"20190502214116","is_ascension_mode":false,"campfire_choices":[{"floor":10,"key":"REST"}],"neow_cost":"NONE","seed_source_timestamp":986785433316056,"circlet_count":0,"master_deck":["Strike_R","Strike_R","Strike_R","Strike_R","Strike_R","Defend_R","Defend_R","Defend_R","Bash","Shrug It Off","Battle Trance"],"relics":["Burning Blood","Boot","Singing Bowl","CultistMask","Happy Flower","Letter Opener","Mercury Hourglass"],"potions_floor_usage":[13],"damage_taken":[{"damage":6,"enemies":"Cultist","floor":1,"turns":3},{"damage":8,"enemies":"2 Louse","floor":4,"turns":3},{"damage":12,"enemies":"Small Slimes","floor":6,"turns":3},{"damage":33,"enemies":"Gremlin Gang","floor":8,"turns":5},{"damage":23,"enemies":"3 Louse","floor":11,"turns":3},{"damage":32,"enemies":"3 Sentries","floor":13,"turns":10},{"damage":19,"enemies":"Exordium Thugs","floor":14,"turns":2}],"seed_played":"-4365998268583819384","potions_obtained":[{"floor":1,"key":"LiquidBronze"},{"floor":11,"key":"Energy Potion"}],"is_trial":false,"path_per_floor":["M","?","?","M","?","M","$","M","T","R","M","$","E","M"],"character_chosen":"IRONCLAD","items_purchased":["Happy Flower","Shrug It Off"],"campfire_rested":1,"item_purchase_floors":[7,12],"current_hp_per_floor":[80,73,61,61,61,57,57,32,32,57,42,42,16,0],"gold":46,"neow_bonus":"RANDOM_COMMON_RELIC","is_prod":false,"is_daily":false,"chose_seed":false,"campfire_upgraded":0,"win_rate":0,"timestamp":1556851276,"path_taken":["M","?","?","M","?","M","$","?","T","R","M","$","E","M"],"build_version":"2019-01-23","purchased_purges":0,"victory":false,"max_hp_per_floor":[80,80,80,82,82,84,84,86,86,86,88,88,88,88],"card_choices":[{"not_picked":["Rupture","True Grit","Anger"],"picked":"SKIP","floor":1},{"not_picked":["Dropkick","Iron Wave","Heavy Blade"],"picked":"Singing Bowl","floor":4},{"not_picked":["Twin Strike","Clothesline","Sword Boomerang"],"picked":"Singing Bowl","floor":6},{"not_picked":["Clothesline","Flex","True Grit"],"picked":"Singing Bowl","floor":8},{"not_picked":["Limit Break","Thunderclap","Metallicize"],"picked":"Singing Bowl","floor":11},{"not_picked":["Entrench","Warcry"],"picked":"Battle Trance","floor":13}],"player_experience":596504,"relics_obtained":[{"floor":9,"key":"Letter Opener"},{"floor":13,"key":"Mercury Hourglass"}],"event_choices":[{"cards_removed":["Defend_R"],"damage_healed":0,"gold_gain":0,"player_choice":"Card Removal","damage_taken":7,"max_hp_gain":0,"max_hp_loss":0,"event_name":"Golden Wing","floor":2,"gold_loss":0},{"damage_healed":0,"gold_gain":0,"player_choice":"Success","damage_taken":12,"relics_obtained":["Singing Bowl"],"max_hp_gain":0,"max_hp_loss":0,"event_name":"Scrap Ooze","floor":3,"gold_loss":0},{"damage_healed":0,"gold_gain":0,"player_choice":"Trade","damage_taken":0,"relics_obtained":["CultistMask"],"max_hp_gain":0,"max_hp_loss":0,"event_name":"FaceTrader","floor":5,"gold_loss":0}],"is_beta":false,"boss_relics":[],"items_purged_floors":[],"is_endless":false,"potions_floor_spawned":[1,11],"killed_by":"Exordium Thugs","ascension_level":0}