{"gold_per_floor":[114,114,114,130,147,147,147,147,147,147,147,157,32,107,107,208,208,222,222,240,254,274,274,274,274,274,286,87,87,105,116,116,220,220,230,249,249,249,264,264,276,290,359,359,199,209,209,209,209,209],"floor_reached":50,"playtime":2320,"items_purged":["Parasite","Heavy Blade"],"score":459,"play_id":"fdb6625c-2af6-419f-9648-0b7dd06359d7","local_time":"20191016135121","is_ascension_mode":false,"campfire_choices":[{"data":"Perfected Strike","floor":6,"key":"SMITH"},{"data":"Shockwave","floor":8,"key":"SMITH"},{"data":"Bash","floor":11,"key":"SMITH"},{"data":"Twin Strike","floor":15,"key":"SMITH"},{"data":"Disarm","floor":23,"key":"SMITH"},{"data":"Double Tap","floor":25,"key":"SMITH"},{"data":"Warcry","floor":29,"key":"SMITH"},{"floor":32,"key":"REST"},{"data":"Wild Strike","floor":40,"key":"SMITH"},{"data":"Dramatic Entrance","floor":47,"key":"SMITH"},{"floor":49,"key":"REST"}],"neow_cost":"NONE","seed_source_timestamp":415592493235300,"circlet_count":0,"master_deck":["Strike_R+1","Strike_R+1","Strike_R+1","Strike_R+1","Strike_R+1","Defend_R+1","Defend_R+1","Defend_R+1","Defend_R+1","Bash+1","Armaments+1","Perfected Strike+1","Shockwave+1","Twin Strike+1","Headbutt+1","Double Tap+1","Disarm+1","Warcry+1","Pommel Strike+1","Pommel Strike+1","Pommel Strike+1","Havoc+1","Clothesline+1","Pommel Strike+1","Perfected Strike+1","Disarm+1","Dramatic Entrance+1","Wild Strike+1","Pommel Strike+1","Mind Blast","Power Through+1"],"relics":["Snecko Eye","Mark of the Bloom"],"potions_floor_usage":[16,16,33,33,33,36,50,50],"damage_taken":[{"damage":0,"enemies":"2 Louse","floor":1,"turns":3},{"damage":0,"enemies":"Small Slimes","floor":4,"turns":2},{"damage":0,"enemies":"Cultist","floor":5,"turns":2},{"damage":0,"enemies":"Large Slime","floor":12,"turns":3},{"damage":30,"enemies":"Slime Boss","floor":16,"turns":7},{"damage":5,"enemies":"Spheric Guardian","floor":18,"turns":3},{"damage":0,"enemies":"Chosen","floor":20,"turns":2},{"damage":0,"enemies":"Snake Plant","floor":21,"turns":3},{"damage":6,"enemies":"Centurion and Healer","floor":22,"turns":5},{"damage":0,"enemies":"Snecko","floor":27,"turns":3},{"damage":17,"enemies":"Snake Plant","floor":30,"turns":3},{"damage":6,"enemies":"Centurion and Healer","floor":31,"turns":4},{"damage":64,"enemies":"Automaton","floor":33,"turns":10},{"damage":9,"enemies":"Orb Walker","floor":35,"turns":3},{"damage":26,"enemies":"3 Darklings","floor":36,"turns":5},{"damage":9,"enemies":"Jaw Worm Horde","floor":39,"turns":4},{"damage":9,"enemies":"Spire Growth","floor":41,"turns":3},{"damage":0,"enemies":"Sphere and 2 Shapes","floor":42,"turns":3},{"damage":11,"enemies":"Transient","floor":46,"turns":5},{"damage":0,"enemies":"Donu and Deca","floor":50,"turns":2}],"seed_played":"2045528923740380885","potions_obtained":[{"floor":4,"key":"Regen Potion"},{"floor":5,"key":"Dexterity Potion"},{"floor":20,"key":"DistilledChaos"},{"floor":21,"key":"Weak Potion"},{"floor":27,"key":"SkillPotion"},{"floor":33,"key":"PowerPotion"},{"floor":36,"key":"SpeedPotion"},{"floor":39,"key":"ElixirPotion"},{"floor":41,"key":"GamblersBrew"}],"is_trial":false,"path_per_floor":["M","?","?","M","M","R","?","R","T","?","R","M","$","?","R","B",null,"M","?","M","M","M","R","?","R","T","M","$","R","M","M","R","B",null,"M","M","?","?","M","R","M","M","T","?","$","M","R","?","R","B"],"character_chosen":"IRONCLAD","items_purchased":["Headbutt","Pommel Strike","Havoc","Mind Blast","DistilledChaos"],"campfire_rested":2,"item_purchase_floors":[13,28,28,45,45],"current_hp_per_floor":[80,80,80,80,80,80,80,80,80,80,80,80,77,66,66,50,77,72,72,72,72,66,66,66,66,66,66,66,66,49,43,66,2,77,68,42,42,42,33,33,24,24,24,24,24,13,13,13,13,13],"gold":209,"neow_bonus":"BOSS_RELIC","is_prod":false,"is_daily":false,"chose_seed":false,"campfire_upgraded":9,"win_rate":0,"timestamp":1571223081,"path_taken":["M","?","?","M","M","R","?","R","T","?","R","M","$","?","R","BOSS","M","?","M","?","M","R","?","R","T","M","$","R","M","M","R","BOSS","M","M","?","?","M","R","?","M","T","?","$","?","R","?","R","BOSS"],"build_version":"2019-10-15","purchased_purges":2,"victory":false,"max_hp_per_floor":[80,80,80,80,80,80,80,80,80,80,80,80,77,77,77,77,77,77,77,77,77,77,77,77,77,77,77,77,77,77,77,77,77,77,77,77,77,77,77,77,77,77,77,77,77,77,77,77,77,77],"card_choices":[{"not_picked":["Body Slam","Warcry"],"picked":"Armaments","floor":1},{"not_picked":["Shrug It Off","True Grit"],"picked":"Perfected Strike","floor":4},{"not_picked":["Anger","Flex"],"picked":"Shockwave","floor":5},{"not_picked":["Thunderclap","Rage"],"picked":"Twin Strike","floor":12},{"not_picked":["Dark Embrace","Exhume"],"picked":"Double Tap","floor":16},{"not_picked":["Flex","Warcry"],"picked":"Heavy Blade","floor":18},{"not_picked":["Armaments+1","Shrug It Off"],"picked":"Disarm","floor":20},{"not_picked":["Reckless Charge","Berserk"],"picked":"Warcry","floor":21},{"not_picked":["Heavy Blade","Shrug It Off"],"picked":"Pommel Strike+1","floor":22},{"not_picked":["Flex","Armaments"],"picked":"Pommel Strike","floor":27},{"not_picked":["Sever Soul+1","Dropkick+1"],"picked":"Clothesline","floor":30},{"not_picked":["Clothesline","Pummel+1"],"picked":"Pommel Strike","floor":31},{"not_picked":["Body Slam","Thunderclap+1"],"picked":"Perfected Strike","floor":35},{"not_picked":["Corruption+1","Bloodletting"],"picked":"Disarm+1","floor":36},{"not_picked":["Anger+1","Thunderclap+1"],"picked":"Wild Strike","floor":39},{"not_picked":["Rampage+1","Rage+1","Headbutt"],"picked":"SKIP","floor":41},{"not_picked":["Infernal Blade","Disarm+1"],"picked":"Pommel Strike+1","floor":42},{"not_picked":["Combust+1","Iron Wave+1"],"picked":"Power Through+1","floor":46}],"player_experience":477011,"relics_obtained":[],"event_choices":[{"damage_healed":0,"gold_gain":0,"player_choice":"Ignored","damage_taken":0,"max_hp_gain":0,"max_hp_loss":0,"event_name":"Golden Idol","floor":2,"gold_loss":0},{"damage_healed":0,"gold_gain":0,"player_choice":"Grow","damage_taken":0,"max_hp_gain":0,"max_hp_loss":0,"event_name":"Living Wall","floor":3,"gold_loss":0,"cards_upgraded":["Armaments"]},{"damage_healed":20,"gold_gain":0,"player_choice":"Healed and dodged fight","damage_taken":0,"max_hp_gain":0,"max_hp_loss":0,"event_name":"Mushrooms","floor":7,"gold_loss":0,"cards_obtained":["Parasite"]},{"damage_healed":0,"gold_gain":0,"player_choice":"Fled","damage_taken":0,"max_hp_gain":0,"max_hp_loss":0,"event_name":"Scrap Ooze","floor":10,"gold_loss":0},{"damage_healed":0,"gold_gain":75,"player_choice":"Gather Gold","damage_taken":11,"max_hp_gain":0,"max_hp_loss":0,"event_name":"World of Goop","floor":14,"gold_loss":0},{"damage_healed":0,"gold_gain":0,"player_choice":"Relic","damage_taken":0,"max_hp_gain":0,"max_hp_loss":0,"event_name":"Wheel of Change","floor":19,"gold_loss":0},{"damage_healed":0,"gold_gain":0,"player_choice":"Ignored","damage_taken":0,"max_hp_gain":0,"max_hp_loss":0,"event_name":"The Mausoleum","floor":24,"gold_loss":0},{"damage_healed":0,"gold_gain":0,"player_choice":"Upgrade","damage_taken":0,"relics_obtained":["Mark of the Bloom"],"max_hp_gain":0,"max_hp_loss":0,"event_name":"MindBloom","floor":37,"gold_loss":0,"cards_upgraded":["Strike_R","Strike_R","Strike_R","Strike_R","Strike_R","Defend_R","Defend_R","Defend_R","Defend_R","Headbutt","Pommel Strike","Pommel Strike","Havoc","Clothesline","Pommel Strike","Perfected Strike"]},{"damage_healed":0,"gold_gain":0,"player_choice":"1 cards matched","damage_taken":0,"max_hp_gain":0,"max_hp_loss":0,"event_name":"Match and Keep!","floor":38,"gold_loss":0,"cards_obtained":["Dramatic Entrance"]},{"damage_healed":0,"gold_gain":0,"player_choice":"Ignored","damage_taken":0,"max_hp_gain":0,"max_hp_loss":0,"event_name":"SecretPortal","floor":44,"gold_loss":0},{"damage_healed":0,"gold_gain":0,"player_choice":"Ignored","damage_taken":0,"max_hp_gain":0,"max_hp_loss":0,"event_name":"Transmorgrifier","floor":48,"gold_loss":0}],"is_beta":true,"boss_relics":[{"not_picked":[]},{"not_picked":[]}],"items_purged_floors":[13,28],"is_endless":false,"potions_floor_spawned":[4,5,20,21,27,33,36,39,41],"killed_by":"Donu and Deca","ascension_level":0}