{"gold_per_floor":[209,209,209,209,237,248,273,329,361,361,378],"floor_reached":13,"playtime":862,"items_purged":[],"score":116,"play_id":"8d42fc9e-6fa7-486e-9c3f-e29310b96a0a","local_time":"20190601194430","is_ascension_mode":false,"campfire_choices":[{"floor":12,"key":"RECALL"}],"neow_cost":"NONE","seed_source_timestamp":721927186312100,"circlet_count":3,"master_deck":["Whirlwind+1","Strike_R","Strike_R","Strike_R","Strike_R","Strike_R","Defend_R","Defend_R","Defend_R","Defend_R","Bash+1","True Grit","Metallicize"],"relics":["Burning Blood","hubris:OldNail","hubris:Teleporter","hubris:Potato","hubris:ScarierMask","hubris:SlimyHat","hubris:SoftwareUpdate","hubris:SphereOfDissonance","Juzu Bracelet","Circlet","hubris:Spice","hubris:Stopwatch","hubris:HerbalPaste","hubris:HollowSoul","hubris:Zylophone","hubris:NiceRug","hubris:Macrotransations","hubris:MedicalManual","Medical Kit","hubris:Metronome","hubris:MysteriousPyramids","Pear"],"potions_floor_usage":[11],"damage_taken":[{"damage":0,"enemies":"Cultist","floor":1,"turns":3},{"damage":18,"enemies":"Gremlin Nob","floor":7,"turns":5},{"damage":0,"enemies":"Jaw Worm","floor":8,"turns":1},{"damage":3,"enemies":"3 Sentries","floor":11,"turns":4},{"damage":0,"enemies":"2 Louse","floor":13,"turns":1}],"seed_played":"-1395746618747940550","potions_obtained":[{"floor":1,"key":"SkillPotion"},{"floor":11,"key":"Regen Potion"}],"is_trial":false,"path_per_floor":["M","$","?","R","E","M","T","?","E","R","M"],"character_chosen":"IRONCLAD","items_purchased":[],"campfire_rested":0,"item_purchase_floors":[],"current_hp_per_floor":[88,88,88,88,85,91,91,94,58,58,64],"gold":378,"neow_bonus":"HUNDRED_GOLD","is_prod":false,"is_daily":false,"chose_seed":false,"campfire_upgraded":0,"win_rate":0,"timestamp":1559407470,"path_taken":["M","$","?","R","E","M","T","?","E","R","M"],"build_version":"2019-01-23","purchased_purges":0,"victory":false,"max_hp_per_floor":[88,88,88,88,96,96,96,96,106,106,106],"card_choices":[{"not_picked":["Ghostly Armor","Flame Barrier","Entrench"],"picked":"SKIP","floor":1},{"not_picked":["True Grit","Body Slam","Power Through"],"picked":"SKIP","floor":7},{"not_picked":["Uppercut","True Grit","Metallicize"],"picked":"SKIP","floor":8},{"not_picked":["hubris:SpiceAddiction","hubris:SpiceAddiction"],"picked":"True Grit","floor":11},{"not_picked":["Shrug It Off","Armaments"],"picked":"Metallicize","floor":13}],"player_experience":432106,"relics_obtained":[{"floor":7,"key":"hubris:Spice"},{"floor":11,"key":"Pear"}],"event_choices":[{"damage_healed":0,"gold_gain":0,"player_choice":"Ignored","damage_taken":0,"max_hp_gain":0,"max_hp_loss":0,"event_name":"Purifier","floor":5,"gold_loss":0},{"damage_healed":0,"gold_gain":0,"player_choice":"Forge","damage_taken":0,"max_hp_gain":0,"max_hp_loss":0,"event_name":"Accursed Blacksmith","floor":6,"gold_loss":0,"cards_upgraded":["Bash"]},{"damage_healed":0,"gold_gain":56,"player_choice":"Gained Gold","damage_taken":0,"max_hp_gain":0,"max_hp_loss":0,"event_name":"Golden Wing","floor":10,"gold_loss":0}],"is_beta":false,"boss_relics":[],"items_purged_floors":[],"is_endless":false,"potions_floor_spawned":[1,11],"killed_by":"2 Louse","ascension_level":0}