{"gold_per_floor":[114,114,39,58,58,92,92,119,142,142,177,194,194,194,194,265,265,275,29,129,146,165,165],"floor_reached":23,"playtime":1739,"items_purged":["Regret"],"score":404,"play_id":"1ea7568b-16e5-442a-a42d-b8ae63cadb0b","local_time":"20190507094334","is_ascension_mode":true,"campfire_choices":[{"floor":7.0,"key":"REST"},{"floor":10.0,"key":"REST"},{"floor":13,"key":"REST"},{"floor":15,"key":"REST"}],"neow_cost":"NONE","seed_source_timestamp":1374193052533803,"circlet_count":0,"master_deck":["AscendersBane","Strike_R","Strike_R","Strike_R","Strike_R","Strike_R","Defend_R","Defend_R","Defend_R","Defend_R","Bash","Combust+1","Rupture","Flame Barrier","Reaper","Warcry","Reaper","Shrug It Off","Reaper","Combust+1","Armaments","Flex"],"special_seed":0,"relics":["Black Star","Bronze Scales","Pantograph","StoneCalendar","Shuriken","FossilizedHelix","Oddly Smooth Stone","Incense Burner","Dodecahedron","Cursed Key","Ancient Tea Set","Charon\u0027s Ashes","Mummified Hand"],"potions_floor_usage":[20,23,23],"damage_taken":[{"damage":9.0,"enemies":"2 Louse","floor":1.0,"turns":3.0},{"damage":7.0,"enemies":"Jaw Worm","floor":4.0,"turns":3.0},{"damage":36.0,"enemies":"Gremlin Nob","floor":6.0,"turns":4.0},{"damage":22.0,"enemies":"3 Sentries","floor":8.0,"turns":7.0},{"damage":36,"enemies":"Gremlin Nob","floor":11,"turns":6},{"damage":0,"enemies":"Small Slimes","floor":12,"turns":4},{"damage":23,"enemies":"The Guardian","floor":16,"turns":11},{"damage":4,"enemies":"Spheric Guardian","floor":18,"turns":5},{"damage":26,"enemies":"Colosseum Slavers","floor":20,"turns":6},{"damage":54,"enemies":"Colosseum Nobs","floor":20,"turns":5},{"damage":21,"enemies":"Chosen","floor":21,"turns":4},{"damage":31,"enemies":"Centurion and Healer","floor":22,"turns":7},{"damage":40,"enemies":"Book of Stabbing","floor":23,"turns":4}],"seed_played":"-7163012813771754609","potions_obtained":[{"floor":1.0,"key":"Energy Potion"},{"floor":6.0,"key":"Ancient Potion"},{"floor":16,"key":"Dexterity Potion"},{"floor":21,"key":"Weak Potion"}],"is_trial":false,"path_per_floor":["M","?","$","M","?","E","R","E","T","R","E","M","R","?","R","B",null,"M","$","?","M","M","E"],"character_chosen":"IRONCLAD","items_purchased":["Ancient Tea Set","Reaper"],"campfire_rested":4,"item_purchase_floors":[19,19],"current_hp_per_floor":[59,59,59,52,52,16,38,16,16,38,2,2,24,24,46,52,69,72,72,27,21,18,0],"gold":165,"neow_bonus":"BOSS_RELIC","is_prod":false,"is_daily":false,"chose_seed":false,"campfire_upgraded":0,"win_rate":0,"timestamp":1557240214,"path_taken":["M","?","$","M","?","E","R","E","T","R","E","M","R","?","R","BOSS","M","$","?","M","M","E"],"build_version":"2019-01-23","purchased_purges":1,"victory":false,"max_hp_per_floor":[75,75,75,75,75,75,75,75,75,75,75,75,75,75,75,75,75,75,75,75,75,75,75],"card_choices":[{"not_picked":["Hemokinesis","Heavy Blade"],"picked":"Combust","floor":1.0},{"not_picked":["Shrug It Off","Headbutt"],"picked":"Rupture","floor":4.0},{"not_picked":["True Grit","Heavy Blade"],"picked":"Flame Barrier","floor":6.0},{"not_picked":["Battle Trance","Havoc"],"picked":"Reaper","floor":8.0},{"not_picked":["Searing Blow","Cleave"],"picked":"Warcry","floor":11},{"not_picked":["Corruption","Pummel","Rage"],"picked":"SKIP","floor":12},{"not_picked":["Barricade","Fiend Fire"],"picked":"Reaper","floor":16},{"not_picked":["Body Slam","Pummel"],"picked":"Shrug It Off","floor":18},{"not_picked":["Pommel Strike","Perfected Strike"],"picked":"Combust+1","floor":20},{"not_picked":["Cleave","Headbutt"],"picked":"Armaments","floor":21},{"not_picked":["Clothesline","Infernal Blade+1"],"picked":"Flex","floor":22}],"player_experience":615047,"relics_obtained":[{"floor":6.0,"key":"Pantograph"},{"floor":6.0,"key":"StoneCalendar"},{"floor":8.0,"key":"Shuriken"},{"floor":8.0,"key":"FossilizedHelix"},{"floor":9.0,"key":"Oddly Smooth Stone"},{"floor":11,"key":"Incense Burner"},{"floor":11,"key":"Dodecahedron"},{"floor":20,"key":"Charon\u0027s Ashes"},{"floor":20,"key":"Mummified Hand"}],"event_choices":[{"damage_healed":0.0,"max_hp_gain":0.0,"max_hp_loss":0.0,"gold_gain":0.0,"event_name":"Big Fish","player_choice":"Box","floor":2.0,"gold_loss":0.0,"damage_taken":0.0,"relics_obtained":["Bronze Scales"],"cards_obtained":["Regret"]},{"damage_healed":0.0,"max_hp_gain":0.0,"max_hp_loss":0.0,"gold_gain":0.0,"event_name":"Golden Wing","player_choice":"Ignored","floor":5.0,"gold_loss":0.0,"damage_taken":0.0},{"damage_healed":0,"gold_gain":0,"player_choice":"Grow","damage_taken":0,"max_hp_gain":0,"max_hp_loss":0,"event_name":"Living Wall","floor":14,"gold_loss":0,"cards_upgraded":["Combust"]},{"damage_healed":0,"gold_gain":0,"player_choice":"Fight","damage_taken":0,"max_hp_gain":0,"max_hp_loss":0,"event_name":"Colosseum","floor":20,"gold_loss":0},{"damage_healed":0,"gold_gain":0,"player_choice":"Fought Nobs","damage_taken":0,"max_hp_gain":0,"max_hp_loss":0,"event_name":"Colosseum","floor":20,"gold_loss":0}],"is_beta":false,"boss_relics":[{"not_picked":["Empty Cage","Runic Cube"],"picked":"Cursed Key"}],"items_purged_floors":[3],"is_endless":false,"potions_floor_spawned":[1,6,16,20,21],"killed_by":"Book of Stabbing","ascension_level":19}