{"gold_per_floor":[117,3,23,23,39,39,39,104,104,104,131,131,165,165],"floor_reached":14,"playtime":674,"items_purged":["Strike_R"],"score":192,"play_id":"6fb4f70c-a7ce-4850-b294-e75b52c84fa6","local_time":"20190527141504","is_ascension_mode":true,"campfire_choices":[{"data":"Bash","floor":6.0,"key":"SMITH"},{"floor":10.0,"key":"REST"}],"neow_cost":"NONE","seed_source_timestamp":79822691582489,"circlet_count":0,"master_deck":["AscendersBane","Strike_R","Strike_R","Strike_R","Strike_R","Defend_R","Defend_R","Defend_R","Defend_R","Bash+1","Shockwave+1","Dropkick","Shrug It Off"],"special_seed":0,"relics":["Runic Pyramid","The Courier","Bronze Scales","Bottled Lightning","Letter Opener","Juzu Bracelet"],"potions_floor_usage":[14,14],"damage_taken":[{"damage":1.0,"enemies":"Cultist","floor":1.0,"turns":3.0},{"damage":3.0,"enemies":"Small Slimes","floor":3.0,"turns":4.0},{"damage":4.0,"enemies":"Jaw Worm","floor":5.0,"turns":3.0},{"damage":24.0,"enemies":"Gremlin Nob","floor":8.0,"turns":4.0},{"damage":24.0,"enemies":"Gremlin Nob","floor":11.0,"turns":4.0},{"damage":20.0,"enemies":"3 Sentries","floor":13.0,"turns":6.0},{"damage":13,"enemies":"Exordium Wildlife","floor":14,"turns":1}],"seed_played":"3556093127533923273","potions_obtained":[{"floor":1.0,"key":"Regen Potion"},{"floor":3.0,"key":"GamblersBrew"},{"floor":8.0,"key":"SteroidPotion"},{"floor":13.0,"key":"SneckoOil"}],"is_trial":false,"path_per_floor":["M","$","M","?","M","R","T","?","T","R","E","?","E","M"],"character_chosen":"IRONCLAD","items_purchased":["Dropkick"],"campfire_rested":1,"item_purchase_floors":[2],"current_hp_per_floor":[67,67,64,64,60,60,60,45,45,67,43,32,12,0],"gold":165,"neow_bonus":"BOSS_RELIC","is_prod":false,"is_daily":false,"chose_seed":false,"campfire_upgraded":1,"win_rate":0,"timestamp":1558991704,"path_taken":["M","$","M","?","?","R","?","?","T","R","E","?","E","M"],"build_version":"2019-01-23","purchased_purges":1,"victory":false,"max_hp_per_floor":[75,75,75,75,75,75,75,75,75,75,75,75,75,75],"card_choices":[{"not_picked":["Headbutt","True Grit"],"picked":"Shockwave","floor":1.0},{"not_picked":["Clash","Body Slam","Combust"],"picked":"SKIP","floor":3.0},{"not_picked":["Twin Strike","Sword Boomerang","Perfected Strike"],"picked":"SKIP","floor":5.0},{"not_picked":["Evolve","Exhume","Metallicize"],"picked":"SKIP","floor":11.0},{"not_picked":["Body Slam","Sword Boomerang"],"picked":"Shrug It Off","floor":13.0}],"player_experience":626040,"relics_obtained":[{"floor":7.0,"key":"The Courier"},{"floor":8.0,"key":"Bronze Scales"},{"floor":9.0,"key":"Bottled Lightning"},{"floor":11.0,"key":"Letter Opener"},{"floor":13.0,"key":"Juzu Bracelet"}],"event_choices":[{"damage_healed":0.0,"max_hp_gain":0.0,"max_hp_loss":0.0,"gold_gain":0.0,"event_name":"Accursed Blacksmith","player_choice":"Forge","floor":4.0,"gold_loss":0.0,"damage_taken":0.0,"cards_upgraded":["Shockwave"]},{"damage_healed":0.0,"max_hp_gain":0.0,"max_hp_loss":0.0,"gold_gain":0.0,"event_name":"Dead Adventurer","player_choice":"Searched \u00272\u0027 times","floor":8.0,"gold_loss":0.0,"damage_taken":0.0},{"damage_healed":0.0,"max_hp_gain":0.0,"max_hp_loss":0.0,"gold_gain":0.0,"event_name":"Wheel of Change","player_choice":"Damaged","floor":12.0,"gold_loss":0.0,"damage_taken":11.0}],"is_beta":false,"boss_relics":[],"items_purged_floors":[2],"is_endless":false,"potions_floor_spawned":[1,3,8,13],"killed_by":"Exordium Wildlife","ascension_level":20}