{"gold_per_floor":[109,109,59,73,73,73,73,73,120,120,154,179,179,198,198,328,328,311,236,236,151,174,174,174,174,174,201,216,45,65,88,88,211,211,229,229,562,572,76,76,87,113,138,155,155,30,30,48,48,48],"floor_reached":50,"playtime":2040,"items_purged":["Strike_R","Strike_R","Normality"],"score":543,"play_id":"c6827c3c-12fe-4e32-881a-75142df165b4","local_time":"20190530152448","is_ascension_mode":false,"campfire_choices":[{"data":"Armaments","floor":6.0,"key":"SMITH"},{"data":"Shrug It Off","floor":8.0,"key":"SMITH"},{"data":"Bash","floor":13.0,"key":"SMITH"},{"data":"Flex","floor":15.0,"key":"SMITH"},{"data":"Demon Form","floor":23,"key":"SMITH"},{"data":"Infernal Blade","floor":25,"key":"SMITH"},{"floor":32,"key":"REST"},{"data":"Uppercut","floor":40,"key":"SMITH"},{"data":"Flex","floor":45,"key":"SMITH"},{"data":"Juggernaut","floor":49,"key":"SMITH"}],"neow_cost":"NONE","seed_source_timestamp":532246150018000,"circlet_count":0,"master_deck":["Defend_R","Defend_R","Defend_R","Defend_R","Bash+1","Armaments+1","Shrug It Off+1","Shrug It Off+1","Headbutt","Flex+1","Demon Form+1","Heavy Blade+1","Infernal Blade+1","True Grit+1","Uppercut+1","Battle Trance","Juggernaut+1","Twin Strike","Blood for Blood+1","Cleave+1","Impervious+1","Flex+1","Sentinel+1"],"special_seed":0,"relics":["Burning Blood","NeowsBlessing","Strawberry","Ancient Tea Set","Eternal Feather","Dream Catcher","Self Forming Clay","Regal Pillow","Cursed Key","Mummified Hand","War Paint","Juzu Bracelet","Red Skull"],"potions_floor_usage":[31,33,42,42,42,44],"damage_taken":[{"damage":0.0,"enemies":"Small Slimes","floor":1.0,"turns":1.0},{"damage":0.0,"enemies":"2 Louse","floor":4.0,"turns":1.0},{"damage":0.0,"enemies":"Gremlin Nob","floor":11.0,"turns":1.0},{"damage":1.0,"enemies":"Cultist","floor":12.0,"turns":3.0},{"damage":3.0,"enemies":"2 Fungi Beasts","floor":14.0,"turns":3.0},{"damage":33.0,"enemies":"Slime Boss","floor":16.0,"turns":14.0},{"damage":30.0,"enemies":"2 Thieves","floor":18.0,"turns":4.0},{"damage":0.0,"enemies":"Colosseum Slavers","floor":20.0,"turns":1.0},{"damage":27,"enemies":"3 Byrds","floor":22,"turns":7},{"damage":5,"enemies":"Cultist and Chosen","floor":28,"turns":5},{"damage":12,"enemies":"Chosen and Byrds","floor":30,"turns":6},{"damage":17,"enemies":"Shelled Parasite and Fungi","floor":31,"turns":7},{"damage":44,"enemies":"Champ","floor":33,"turns":8},{"damage":10,"enemies":"Orb Walker","floor":35,"turns":2},{"damage":21,"enemies":"3 Darklings","floor":38,"turns":5},{"damage":0,"enemies":"Transient","floor":41,"turns":5},{"damage":46,"enemies":"Reptomancer","floor":42,"turns":6},{"damage":0,"enemies":"Sphere and 2 Shapes","floor":44,"turns":3},{"damage":6,"enemies":"3 Darklings","floor":48,"turns":3},{"damage":50,"enemies":"Awakened One","floor":50,"turns":8}],"seed_played":"5200361431489000519","potions_obtained":[{"floor":1.0,"key":"SteroidPotion"},{"floor":4.0,"key":"SteroidPotion"},{"floor":11.0,"key":"Poison Potion"},{"floor":14.0,"key":"Ancient Potion"},{"floor":18.0,"key":"SmokeBomb"},{"floor":28,"key":"SteroidPotion"},{"floor":33,"key":"EssenceOfSteel"},{"floor":41,"key":"Poison Potion"},{"floor":42,"key":"AttackPotion"}],"is_trial":false,"path_per_floor":["M","?","?","M","$","R","?","R","T","?","E","M","R","M","R","B",null,"M","?","?","?","M","R","?","R","T","T","M","$","M","M","R","B",null,"M","?","?","M","$","R","M","E","T","M","R","$","?","M","R","B"],"character_chosen":"IRONCLAD","items_purchased":["Block Potion","Fire Potion","Mummified Hand","War Paint"],"campfire_rested":1,"item_purchase_floors":[29,29,39,39],"current_hp_per_floor":[80,74,74,74,74,74,79,79,86,86,86,86,86,86,86,59,86,62,62,68,68,47,56,56,65,65,65,66,66,60,49,86,48,86,82,82,82,67,67,76,82,42,42,48,60,60,60,60,72,22],"gold":48,"neow_bonus":"THREE_ENEMY_KILL","is_prod":false,"is_daily":false,"chose_seed":false,"campfire_upgraded":9,"win_rate":0,"timestamp":1559219088,"path_taken":["M","?","?","M","$","R","?","R","T","?","E","M","R","M","R","BOSS","M","?","?","?","M","R","?","R","T","?","M","$","M","M","R","BOSS","M","?","?","M","$","R","M","E","T","M","R","$","?","M","R","BOSS"],"build_version":"2019-05-28","purchased_purges":3,"victory":false,"max_hp_per_floor":[80,74,74,74,74,74,79,79,86,86,86,86,86,86,86,86,86,86,86,86,86,86,86,86,86,86,86,86,86,86,86,86,86,86,86,86,86,86,86,86,86,86,86,86,86,86,86,86,86,86],"card_choices":[{"not_picked":["Power Through","Second Wind"],"picked":"Armaments","floor":1.0},{"not_picked":["Iron Wave","Sentinel"],"picked":"Shrug It Off","floor":4.0},{"not_picked":["Pommel Strike","Evolve"],"picked":"Shrug It Off","floor":11.0},{"not_picked":["Cleave","Entrench"],"picked":"Headbutt","floor":12.0},{"not_picked":["Thunderclap","Combust"],"picked":"Flex","floor":14.0},{"not_picked":["Double Tap","Limit Break"],"picked":"Demon Form","floor":16.0},{"not_picked":["Seeing Red","Iron Wave"],"picked":"Heavy Blade+1","floor":18.0},{"not_picked":["Power Through+1","Hemokinesis"],"picked":"Infernal Blade","floor":22},{"not_picked":["Infernal Blade","Havoc"],"picked":"True Grit","floor":28},{"not_picked":["Iron Wave","Pommel Strike"],"picked":"Uppercut","floor":30},{"not_picked":["Ghostly Armor","Armaments","Heavy Blade+1"],"picked":"SKIP","floor":31},{"not_picked":["Anger","Thunderclap+1"],"picked":"Battle Trance","floor":32},{"not_picked":["Berserk","Exhume"],"picked":"Juggernaut","floor":33},{"not_picked":["Pommel Strike+1","Thunderclap+1"],"picked":"Twin Strike","floor":35},{"not_picked":["Anger+1","Cleave"],"picked":"Blood for Blood+1","floor":38},{"not_picked":["Twin Strike","Heavy Blade"],"picked":"Cleave+1","floor":41},{"not_picked":["Battle Trance","Exhume"],"picked":"Impervious","floor":42},{"not_picked":["Sever Soul","Uppercut"],"picked":"Flex","floor":44},{"not_picked":["Twin Strike+1","Uppercut"],"picked":"Sentinel+1","floor":48}],"player_experience":401366,"relics_obtained":[{"floor":9.0,"key":"Strawberry"},{"floor":11.0,"key":"Ancient Tea Set"},{"floor":26,"key":"Self Forming Clay"},{"floor":27,"key":"Regal Pillow"},{"floor":42,"key":"Juzu Bracelet"},{"floor":43,"key":"Red Skull"}],"event_choices":[{"damage_healed":0.0,"max_hp_gain":0.0,"max_hp_loss":6.0,"gold_gain":0.0,"event_name":"Golden Idol","player_choice":"Lose Max HP","floor":2.0,"gold_loss":0.0,"damage_taken":0.0,"relics_obtained":["Golden Idol"]},{"cards_removed":["Strike_R"],"damage_healed":0.0,"max_hp_gain":0.0,"max_hp_loss":0.0,"gold_gain":0.0,"event_name":"The Cleric","player_choice":"Card Removal","floor":3.0,"gold_loss":50.0,"damage_taken":0.0},{"damage_healed":0.0,"max_hp_gain":5.0,"max_hp_loss":0.0,"gold_gain":0.0,"event_name":"Big Fish","player_choice":"Donut","floor":7.0,"gold_loss":0.0,"damage_taken":0.0},{"damage_healed":0.0,"max_hp_gain":0.0,"max_hp_loss":0.0,"gold_gain":0.0,"event_name":"NoteForYourself","player_choice":"Ignored","floor":10.0,"gold_loss":0.0,"damage_taken":0.0},{"cards_removed":["Strike_R"],"damage_healed":0.0,"max_hp_gain":0.0,"max_hp_loss":0.0,"gold_gain":0.0,"event_name":"Beggar","player_choice":"Gave Gold","floor":19.0,"gold_loss":75.0,"damage_taken":0.0},{"damage_healed":0.0,"max_hp_gain":0.0,"max_hp_loss":0.0,"gold_gain":0.0,"event_name":"Colosseum","player_choice":"Fight","floor":20.0,"gold_loss":0.0,"damage_taken":0.0},{"damage_healed":0.0,"max_hp_gain":0.0,"max_hp_loss":0.0,"gold_gain":0.0,"event_name":"Colosseum","player_choice":"Fled From Nobs","floor":20.0,"gold_loss":0.0,"damage_taken":0.0},{"damage_healed":0.0,"max_hp_gain":0.0,"max_hp_loss":0.0,"gold_gain":0.0,"event_name":"Addict","player_choice":"Obtained Relic","floor":21.0,"gold_loss":85.0,"damage_taken":0.0,"relics_obtained":["Dream Catcher"]},{"damage_healed":0,"gold_gain":0,"player_choice":"Ignored","damage_taken":0,"max_hp_gain":0,"max_hp_loss":0,"event_name":"Vampires","floor":24,"gold_loss":0},{"cards_removed":["Strike_R"],"damage_healed":0,"gold_gain":0,"player_choice":"Removed Attack","damage_taken":0,"max_hp_gain":0,"max_hp_loss":0,"event_name":"Falling","floor":36,"gold_loss":0},{"damage_healed":0,"gold_gain":333,"player_choice":"Gave Idol","damage_taken":0,"max_hp_gain":0,"max_hp_loss":0,"event_name":"The Moai Head","floor":37,"relics_lost":["Golden Idol"],"gold_loss":0},{"damage_healed":0,"gold_gain":0,"player_choice":"Forge","damage_taken":0,"max_hp_gain":0,"max_hp_loss":0,"event_name":"Accursed Blacksmith","floor":47,"gold_loss":0,"cards_upgraded":["Impervious"]}],"is_beta":true,"boss_relics":[{"not_picked":["White Beast Statue","Snecko Eye"],"picked":"Eternal Feather"},{"not_picked":["Tiny House","Runic Dome"],"picked":"Cursed Key"}],"items_purged_floors":[29,39,46],"is_endless":false,"potions_floor_spawned":[1,4,11,14,18,20,28,30,33,41,42],"killed_by":"Awakened One","ascension_level":0}