{"gold_per_floor":[115,36,52,127,141,141,91,91,91,101,118,118,118,43,43,142,192,209,39,39,39,39],"floor_reached":22,"playtime":736,"items_purged":["Pain","Regret"],"score":172,"play_id":"26260fb8-28ed-4adc-b055-946bbe4f98e2","local_time":"20190602134610","is_ascension_mode":false,"campfire_choices":[{"data":"Defragment","floor":6,"key":"SMITH"},{"data":"Zap","floor":12,"key":"SMITH"},{"floor":15,"key":"RECALL"}],"neow_cost":"NONE","seed_source_timestamp":8234361145000,"circlet_count":0,"master_deck":["Strike_B","Strike_B","Strike_B","Defend_B","Defend_B","Defend_B","Defend_B","Zap+1","Dualcast","Leap","Defragment+1","Conserve Battery+1","Amplify","Self Repair","Conserve Battery","Buffer","Go for the Eyes","Blizzard"],"relics":["Cracked Core","WarpedTongs","Shuriken","Tiny House"],"potions_floor_usage":[16,20],"damage_taken":[{"damage":1,"enemies":"2 Louse","floor":1,"turns":2},{"damage":0,"enemies":"Small Slimes","floor":3,"turns":2},{"damage":0,"enemies":"Cultist","floor":5,"turns":3},{"damage":4,"enemies":"3 Louse","floor":10,"turns":4},{"damage":2,"enemies":"Blue Slaver","floor":11,"turns":5},{"damage":11,"enemies":"The Guardian","floor":16,"turns":13},{"damage":20,"enemies":"Spheric Guardian","floor":18,"turns":6},{"damage":33,"enemies":"Colosseum Slavers","floor":20,"turns":8},{"damage":0,"enemies":"Shell Parasite","floor":22,"turns":1}],"seed_played":"8367115580859763183","potions_obtained":[{"floor":5,"key":"Fire Potion"},{"floor":11,"key":"LiquidBronze"},{"floor":17,"key":"GamblersBrew"},{"floor":18,"key":"FearPotion"}],"is_trial":false,"path_per_floor":["M","$","M","?","M","R","?","?","T","M","M","R","?","$","R","B",null,"M","$","?","?","M"],"character_chosen":"DEFECT","items_purchased":["Defragment","Blizzard"],"campfire_rested":0,"item_purchase_floors":[2,19],"current_hp_per_floor":[81,81,81,70,70,70,70,70,70,66,71,71,71,71,71,67,87,74,74,48,40,40],"gold":39,"neow_bonus":"TEN_PERCENT_HP_BONUS","is_prod":false,"is_daily":false,"chose_seed":false,"campfire_upgraded":2,"win_rate":0,"timestamp":1559472370,"path_taken":["M","$","M","?","M","R","?","?","T","M","?","R","?","$","R","BOSS","M","$","?","?","M"],"build_version":"2019-06-01","purchased_purges":2,"victory":false,"max_hp_per_floor":[82,82,82,82,82,82,82,82,82,82,82,82,82,82,82,82,87,87,87,87,87,87],"card_choices":[{"not_picked":["Hologram","Stack"],"picked":"Leap","floor":1},{"not_picked":["Sweeping Beam","Ball Lightning"],"picked":"Conserve Battery","floor":3},{"not_picked":["Force Field","Barrage"],"picked":"Amplify","floor":5},{"not_picked":["Hologram","Steam"],"picked":"Self Repair","floor":10},{"not_picked":["Gash","Streamline"],"picked":"Conserve Battery","floor":11},{"not_picked":["Seek","Machine Learning"],"picked":"Buffer","floor":16},{"not_picked":["Steam","Blizzard"],"picked":"Go for the Eyes","floor":17},{"not_picked":["Ball Lightning","Sweeping Beam","Hello World"],"picked":"SKIP","floor":18}],"player_experience":429040,"relics_obtained":[],"event_choices":[{"damage_healed":0,"gold_gain":75,"player_choice":"Gather Gold","damage_taken":11,"max_hp_gain":0,"max_hp_loss":0,"event_name":"World of Goop","floor":4,"gold_loss":0},{"cards_removed":["Strike_B"],"damage_healed":0,"gold_gain":0,"player_choice":"Card Removal","damage_taken":0,"max_hp_gain":0,"max_hp_loss":0,"event_name":"The Cleric","floor":7,"gold_loss":50},{"damage_healed":0,"gold_gain":0,"player_choice":"Rummage","damage_taken":0,"relics_obtained":["WarpedTongs"],"max_hp_gain":0,"max_hp_loss":0,"event_name":"Accursed Blacksmith","floor":8,"gold_loss":0,"cards_obtained":["Pain"]},{"damage_healed":0,"gold_gain":0,"player_choice":"Box","damage_taken":0,"relics_obtained":["Shuriken"],"max_hp_gain":0,"max_hp_loss":0,"event_name":"Big Fish","floor":13,"gold_loss":0,"cards_obtained":["Regret"]},{"damage_healed":0,"gold_gain":0,"player_choice":"Fight","damage_taken":0,"max_hp_gain":0,"max_hp_loss":0,"event_name":"Colosseum","floor":20,"gold_loss":0},{"damage_healed":0,"gold_gain":0,"player_choice":"Fled From Nobs","damage_taken":0,"max_hp_gain":0,"max_hp_loss":0,"event_name":"Colosseum","floor":20,"gold_loss":0},{"damage_healed":0,"gold_gain":0,"player_choice":"Damaged","damage_taken":8,"max_hp_gain":0,"max_hp_loss":0,"event_name":"Wheel of Change","floor":21,"gold_loss":0}],"is_beta":true,"boss_relics":[{"not_picked":["Fusion Hammer","Philosopher\u0027s Stone"],"picked":"Tiny House"}],"items_purged_floors":[14,19],"is_endless":false,"potions_floor_spawned":[5,11,18,20],"killed_by":"Shell Parasite","ascension_level":0}