{"gold_per_floor":[112,112,112,128,141,141,20,20,20,20,33,58,58,38,38,164,164,184,208,208,208,208,208,10,86,112,128,128,144,160,179,179,179],"floor_reached":33,"playtime":1364,"items_purged":["Strike_R"],"score":345,"play_id":"9c51444d-b1d5-4f08-8356-7f5d67d7057b","local_time":"20191008211700","is_ascension_mode":true,"campfire_choices":[{"data":"Barricade","floor":6.0,"key":"SMITH"},{"data":"Shrug It Off","floor":8.0,"key":"SMITH"},{"data":"Flame Barrier","floor":13.0,"key":"SMITH"},{"data":"Combust","floor":15,"key":"SMITH"},{"floor":23,"key":"REST"},{"data":"Body Slam","floor":32,"key":"SMITH"}],"neow_cost":"NONE","seed_source_timestamp":126358260566000,"circlet_count":0,"master_deck":["Strike_R","Strike_R","Defend_R","Defend_R","Defend_R","Defend_R","Bash+1","Barricade+1","Combust+1","Pommel Strike","Ghostly Armor","Shrug It Off+1","Cleave+1","Flame Barrier+1","Juggernaut","Ghostly","Ghostly","Ghostly","Ghostly","Ghostly","Shrug It Off","Wild Strike+1","Forethought","Seeing Red","Body Slam+1"],"special_seed":0,"relics":["Burning Blood","Golden Idol","Blue Candle","Mummified Hand","SlaversCollar","Whetstone","Lee\u0027s Waffle","Shuriken","Toy Ornithopter"],"potions_floor_usage":[16,19,19,19,31,33],"damage_taken":[{"damage":13.0,"enemies":"Jaw Worm","floor":1.0,"turns":4.0},{"damage":12.0,"enemies":"2 Louse","floor":4.0,"turns":4.0},{"damage":1.0,"enemies":"Cultist","floor":5.0,"turns":3.0},{"damage":2.0,"enemies":"2 Fungi Beasts","floor":11.0,"turns":4.0},{"damage":1.0,"enemies":"3 Louse","floor":12.0,"turns":3.0},{"damage":31,"enemies":"Slime Boss","floor":16,"turns":8},{"damage":28,"enemies":"2 Thieves","floor":18,"turns":4},{"damage":36,"enemies":"Shell Parasite","floor":19,"turns":7},{"damage":7,"enemies":"Snake Plant","floor":27,"turns":5},{"damage":1,"enemies":"Chosen and Byrds","floor":29,"turns":8},{"damage":8,"enemies":"Shelled Parasite and Fungi","floor":30,"turns":7},{"damage":8,"enemies":"Snake Plant","floor":31,"turns":6},{"damage":74,"enemies":"Automaton","floor":33,"turns":12}],"seed_played":"-1956111638483337019","potions_obtained":[{"floor":1.0,"key":"Explosive Potion"},{"floor":11.0,"key":"Ancient Potion"},{"floor":14.0,"key":"Ancient Potion"},{"floor":16,"key":"FearPotion"},{"floor":18,"key":"Weak Potion"},{"floor":30,"key":"FearPotion"},{"floor":31,"key":"SteroidPotion"}],"is_trial":false,"path_per_floor":["M","?","?","M","M","R","$","R","T","?","M","M","R","?","R","B",null,"M","M","?","?","T","R","$","T","T","M","?","M","M","M","R","B"],"character_chosen":"IRONCLAD","items_purchased":["Shrug It Off","Lee\u0027s Waffle","Shrug It Off"],"campfire_rested":1,"item_purchase_floors":[7,24,24],"current_hp_per_floor":[65,65,65,59,64,64,64,64,64,52,56,61,61,61,61,36,65,43,13,4,4,4,15,44,44,44,43,31,36,34,37,37,0],"gold":179,"neow_bonus":"TRANSFORM_CARD","is_prod":false,"is_daily":false,"chose_seed":false,"campfire_upgraded":5,"win_rate":0,"timestamp":1570562220,"path_taken":["M","?","?","M","?","R","$","R","T","?","M","M","R","?","R","BOSS","M","?","?","?","?","R","$","?","T","M","?","?","M","M","R","BOSS"],"build_version":"2019-10-07","purchased_purges":1,"victory":false,"max_hp_per_floor":[80,74,74,74,74,74,74,74,74,74,74,74,74,74,74,74,74,74,74,74,37,37,37,44,44,44,44,44,44,44,44,44,44],"card_choices":[{"not_picked":["Intimidate","Heavy Blade"],"picked":"Combust","floor":1.0},{"not_picked":["Clothesline","Heavy Blade"],"picked":"Pommel Strike","floor":4.0},{"not_picked":["Warcry","Perfected Strike"],"picked":"Ghostly Armor","floor":5.0},{"not_picked":["Flex","Havoc"],"picked":"Cleave","floor":11.0},{"not_picked":["Headbutt","Berserk"],"picked":"Flame Barrier","floor":12.0},{"not_picked":["Dark Embrace","Offering"],"picked":"Juggernaut","floor":16},{"not_picked":["Uppercut","Sword Boomerang+1","Cleave"],"picked":"SKIP","floor":18},{"not_picked":["Anger","Hemokinesis","Twin Strike"],"picked":"SKIP","floor":19},{"not_picked":["Thunderclap","Shrug It Off"],"picked":"Wild Strike+1","floor":27},{"not_picked":["Wild Strike","Clash"],"picked":"Seeing Red","floor":29},{"not_picked":["Pummel","Burning Pact+1"],"picked":"Body Slam","floor":30},{"not_picked":["Clash","Burning Pact","Dropkick+1"],"picked":"SKIP","floor":31}],"player_experience":476478,"relics_obtained":[{"floor":9.0,"key":"Blue Candle"},{"floor":22,"key":"Whetstone"},{"floor":25,"key":"Shuriken"},{"floor":26,"key":"Toy Ornithopter"}],"event_choices":[{"damage_healed":0.0,"max_hp_gain":0.0,"max_hp_loss":6.0,"gold_gain":0.0,"event_name":"Golden Idol","player_choice":"Lose Max HP","floor":2.0,"gold_loss":0.0,"damage_taken":0.0,"relics_obtained":["Golden Idol"]},{"cards_removed":["Strike_R"],"damage_healed":0.0,"max_hp_gain":0.0,"max_hp_loss":0.0,"gold_gain":0.0,"event_name":"Bonfire Elementals","player_choice":"Offered Basic","floor":3.0,"gold_loss":0.0,"damage_taken":0.0},{"damage_healed":0.0,"max_hp_gain":0.0,"max_hp_loss":0.0,"gold_gain":0.0,"event_name":"Scrap Ooze","player_choice":"Success","floor":10.0,"gold_loss":0.0,"damage_taken":12.0,"relics_obtained":["Mummified Hand"]},{"damage_healed":0.0,"max_hp_gain":0.0,"max_hp_loss":0.0,"gold_gain":0.0,"event_name":"The Woman in Blue","player_choice":"Bought 1 Potion","floor":14.0,"gold_loss":0.0,"damage_taken":0.0},{"damage_healed":0,"gold_gain":0,"player_choice":"Stopped","damage_taken":9,"max_hp_gain":0,"max_hp_loss":0,"event_name":"Cursed Tome","floor":20,"gold_loss":0},{"damage_healed":0,"gold_gain":0,"player_choice":"Became a Ghost","damage_taken":0,"max_hp_gain":0,"max_hp_loss":37,"event_name":"Ghosts","floor":21,"gold_loss":0,"cards_obtained":["Ghostly","Ghostly","Ghostly","Ghostly","Ghostly"]},{"damage_healed":0,"gold_gain":0,"player_choice":"CARD ","damage_taken":12,"max_hp_gain":0,"max_hp_loss":0,"event_name":"Knowing Skull","floor":28,"potions_obtained":[],"gold_loss":0,"cards_obtained":["Forethought"]}],"is_beta":true,"boss_relics":[{"not_picked":["Cursed Key","Coffee Dripper"],"picked":"SlaversCollar"}],"items_purged_floors":[7],"is_endless":false,"potions_floor_spawned":[1,11,16,18,30,31],"killed_by":"Automaton","ascension_level":7}