{"gold_per_floor":[359,378,378,378,158,184,184,194,220,220,76,33,33,58,58,161,161,175,191,191,226,226,226],"floor_reached":23,"playtime":1405,"items_purged":["Regret"],"score":293,"play_id":"404815de-4064-4790-afdd-6316ed4721f5","local_time":"20190425122433","is_ascension_mode":true,"campfire_choices":[{"floor":7.0,"key":"REST"},{"data":"Sunder","floor":10.0,"key":"SMITH"},{"floor":13.0,"key":"REST"},{"data":"Zap","floor":15.0,"key":"SMITH"}],"neow_cost":"TEN_PERCENT_HP_LOSS","seed_source_timestamp":347442013876519,"circlet_count":0,"master_deck":["AscendersBane","Strike_B","Strike_B+1","Strike_B","Strike_B+1","Defend_B","Defend_B","Defend_B","Defend_B","Zap+1","Dualcast","Sunder+1","Leap","Glacier","Capacitor","Glacier","BootSequence","Buffer","Darkness","Conserve Battery","BootSequence+1"],"special_seed":0,"relics":["FrozenCore","Bronze Scales","Dream Catcher","DataDisk","Orichalcum","Whetstone","PreservedInsect","Juzu Bracelet","Vajra","Red Mask"],"potions_floor_usage":[23],"damage_taken":[{"damage":0.0,"enemies":"Small Slimes","floor":1.0,"turns":3.0},{"damage":14.0,"enemies":"Jaw Worm","floor":2.0,"turns":3.0},{"damage":27.0,"enemies":"3 Sentries","floor":6.0,"turns":8.0},{"damage":1.0,"enemies":"2 Louse","floor":8.0,"turns":2.0},{"damage":1.0,"enemies":"Lagavulin","floor":14.0,"turns":6.0},{"damage":38,"enemies":"Hexaghost","floor":16,"turns":12},{"damage":3,"enemies":"Spheric Guardian","floor":18,"turns":6},{"damage":3,"enemies":"2 Thieves","floor":19,"turns":4},{"damage":12,"enemies":"Masked Bandits","floor":21,"turns":6},{"damage":63,"enemies":"Gremlin Leader","floor":23,"turns":7}],"seed_played":"-1894273169773233178","potions_obtained":[{"floor":1.0,"key":"EssenceOfSteel"},{"floor":2.0,"key":"Poison Potion"},{"floor":21,"key":"SpeedPotion"}],"is_trial":false,"path_per_floor":["M","M","?","?","$","E","R","M","T","R","$","?","R","E","R","B",null,"M","M","?","?","?","E"],"character_chosen":"DEFECT","items_purchased":["DataDisk","PreservedInsect"],"campfire_rested":2,"item_purchase_floors":[5,11],"current_hp_per_floor":[68,54,51,51,51,24,44,43,43,43,43,43,63,62,62,24,57,54,51,51,39,61,0],"gold":226,"neow_bonus":"TWO_FIFTY_GOLD","is_prod":false,"is_daily":false,"chose_seed":false,"campfire_upgraded":2,"win_rate":0,"timestamp":1556213073,"path_taken":["M","M","?","?","$","E","R","M","T","R","$","?","R","E","R","BOSS","M","M","?","?","?","E"],"build_version":"2019-01-23","purchased_purges":1,"victory":false,"max_hp_per_floor":[68,68,68,68,68,68,68,68,68,68,68,68,68,68,68,68,68,68,68,68,68,68,68],"card_choices":[{"not_picked":["Cold Snap","Blizzard"],"picked":"Sunder","floor":1.0},{"not_picked":["Heatsinks","Stack"],"picked":"Leap","floor":2.0},{"not_picked":["Sunder","Buffer"],"picked":"Glacier","floor":6.0},{"not_picked":["Compile Driver","Loop"],"picked":"Capacitor","floor":7.0},{"not_picked":["Beam Cell","Aggregate"],"picked":"Glacier","floor":8.0},{"not_picked":["Redo","Streamline"],"picked":"BootSequence","floor":13.0},{"not_picked":["Double Energy","Rip and Tear","Sunder"],"picked":"SKIP","floor":14.0},{"not_picked":["Double Energy","Rip and Tear","Sunder"],"picked":"SKIP","floor":14.0},{"not_picked":["Creative AI","Reboot"],"picked":"Buffer","floor":16},{"not_picked":["Coolheaded+1","Static Discharge+1"],"picked":"Darkness","floor":18},{"not_picked":["Scrape","Barrage"],"picked":"Conserve Battery","floor":19},{"not_picked":["Gash","Rebound"],"picked":"BootSequence+1","floor":21}],"player_experience":534951,"relics_obtained":[{"floor":6.0,"key":"Orichalcum"},{"floor":9.0,"key":"Whetstone"},{"floor":14.0,"key":"Juzu Bracelet"},{"floor":21,"key":"Red Mask"}],"event_choices":[{"damage_healed":0.0,"max_hp_gain":0.0,"max_hp_loss":0.0,"gold_gain":0.0,"event_name":"Scrap Ooze","player_choice":"Success","floor":3.0,"gold_loss":0.0,"damage_taken":3.0,"relics_obtained":["Bronze Scales"]},{"damage_healed":0.0,"max_hp_gain":0.0,"max_hp_loss":0.0,"gold_gain":0.0,"event_name":"Big Fish","player_choice":"Box","floor":4.0,"gold_loss":0.0,"damage_taken":0.0,"relics_obtained":["Dream Catcher"],"cards_obtained":["Regret"]},{"damage_healed":0.0,"max_hp_gain":0.0,"max_hp_loss":0.0,"gold_gain":0.0,"event_name":"World of Goop","player_choice":"Left Gold","floor":12.0,"gold_loss":43.0,"damage_taken":0.0},{"damage_healed":0,"gold_gain":0,"player_choice":"Gave Potion","damage_taken":0,"relics_obtained":["Vajra"],"max_hp_gain":0,"max_hp_loss":0,"event_name":"WeMeetAgain","floor":20,"gold_loss":0},{"damage_healed":0,"gold_gain":0,"player_choice":"Fought Bandits","damage_taken":0,"max_hp_gain":0,"max_hp_loss":0,"event_name":"Masked Bandits","floor":21,"gold_loss":0},{"damage_healed":22,"gold_gain":0,"player_choice":"Heal","damage_taken":0,"max_hp_gain":0,"max_hp_loss":0,"event_name":"The Library","floor":22,"gold_loss":0}],"is_beta":false,"boss_relics":[{"not_picked":["Eternal Feather","Astrolabe"],"picked":"FrozenCore"}],"items_purged_floors":[5],"is_endless":false,"potions_floor_spawned":[1,2,21],"killed_by":"Gremlin Leader","ascension_level":10}