{"gold_per_floor":[110,122,133,144,144,172,190,190,190,190,222,233,233,250,250,326,326,339,439,453,467,481,507,507,536,536,556,323,351,56,56,56,129,129,145,145,155,175,191,223,223,249,319,41,67,112,112,126,126,126],"floor_reached":51,"playtime":2865,"items_purged":["Strike_R"],"score":1481,"play_id":"50ebab84-1ec1-46d9-b325-7fb11a6b2514","local_time":"20190427214616","is_ascension_mode":true,"campfire_choices":[{"floor":8,"key":"REST"},{"floor":15,"key":"REST"},{"floor":24,"key":"REST"},{"floor":32,"key":"REST"},{"floor":41,"key":"REST"},{"data":"Pommel Strike","floor":47,"key":"SMITH"},{"floor":49,"key":"REST"}],"neow_cost":"NONE","seed_source_timestamp":552425666229681,"circlet_count":0,"master_deck":["AscendersBane","Strike_R","Strike_R+1","Defend_R","Defend_R","Defend_R","Bash+1","Impervious+1","Carnage+1","Shockwave+1","Dropkick","Exhume+1","Pommel Strike+1","Metallicize","Disarm","Flame Barrier","Immolate","Pommel Strike+1","Dual Wield+1","Warcry+1","Bludgeon","Whirlwind","Shrug It Off+1","Spot Weakness+1","Bludgeon","Spot Weakness+1","Disarm+1","Carnage","Shrug It Off+1","Dual Wield+1"],"special_seed":0,"relics":["Astrolabe","Bronze Scales","Mercury Hourglass","Gremlin Horn","Potion Belt","Snecko Eye","Mango","Paper Frog","Turnip","Ginger","Toxic Egg 2","Juzu Bracelet","Bottled Lightning","Tiny Chest","Regal Pillow","Nilry\u0027s Codex","Mark of Pain","PreservedInsect","War Paint","Oddly Smooth Stone","Bottled Tornado","OrangePellets","Bag of Preparation","Incense Burner"],"potions_floor_usage":[11,16,19,19,42,46,50,50,50,50],"damage_taken":[{"damage":1.0,"enemies":"Cultist","floor":1.0,"turns":3.0},{"damage":4.0,"enemies":"Jaw Worm","floor":2.0,"turns":2.0},{"damage":9.0,"enemies":"2 Louse","floor":3.0,"turns":3.0},{"damage":0.0,"enemies":"Large Slime","floor":4.0,"turns":4.0},{"damage":13,"enemies":"Gremlin Nob","floor":6,"turns":4},{"damage":10,"enemies":"2 Fungi Beasts","floor":7,"turns":3},{"damage":17,"enemies":"Lagavulin","floor":11,"turns":5},{"damage":4,"enemies":"Gremlin Gang","floor":12,"turns":3},{"damage":1,"enemies":"Looter","floor":14,"turns":3},{"damage":2,"enemies":"The Guardian","floor":16,"turns":12},{"damage":0,"enemies":"Chosen","floor":18,"turns":2},{"damage":2,"enemies":"Colosseum Slavers","floor":19,"turns":3},{"damage":16,"enemies":"Colosseum Nobs","floor":19,"turns":3},{"damage":0,"enemies":"3 Byrds","floor":20,"turns":2},{"damage":0,"enemies":"3 Cultists","floor":21,"turns":3},{"damage":0,"enemies":"Snecko","floor":22,"turns":2},{"damage":17,"enemies":"Book of Stabbing","floor":23,"turns":3},{"damage":0,"enemies":"Gremlin Leader","floor":25,"turns":4},{"damage":7,"enemies":"Cultist and Chosen","floor":27,"turns":3},{"damage":12,"enemies":"Slavers","floor":29,"turns":2},{"damage":14,"enemies":"Automaton","floor":33,"turns":6},{"damage":8,"enemies":"Orb Walker","floor":35,"turns":2},{"damage":5,"enemies":"3 Darklings","floor":37,"turns":2},{"damage":0,"enemies":"Spire Growth","floor":38,"turns":2},{"damage":5,"enemies":"Writhing Mass","floor":39,"turns":3},{"damage":16,"enemies":"Nemesis","floor":40,"turns":5},{"damage":4,"enemies":"Giant Head","floor":42,"turns":5},{"damage":0,"enemies":"Reptomancer","floor":45,"turns":3},{"damage":13,"enemies":"2 Orb Walkers","floor":46,"turns":3},{"damage":6,"enemies":"Sphere and 2 Shapes","floor":48,"turns":2},{"damage":29,"enemies":"Donu and Deca","floor":50,"turns":5}],"seed_played":"-6955339330635917607","potions_obtained":[{"floor":3.0,"key":"EssenceOfSteel"},{"floor":4.0,"key":"Strength Potion"},{"floor":6,"key":"Block Potion"},{"floor":14,"key":"FearPotion"},{"floor":18,"key":"PowerPotion"},{"floor":20,"key":"SteroidPotion"},{"floor":25,"key":"Strength Potion"},{"floor":27,"key":"EssenceOfSteel"},{"floor":29,"key":"PowerPotion"},{"floor":37,"key":"Energy Potion"},{"floor":48,"key":"SteroidPotion"}],"is_trial":false,"path_per_floor":["M","M","M","M","?","E","M","R","T","T","E","M","?","M","R","B",null,"M","?","M","M","M","E","R","E","T","M","$","E","$","?","R","B",null,"M","?","M","M","M","E","R","E","T","$","E","?","R","M","R","B",null],"character_chosen":"IRONCLAD","items_purchased":["Juzu Bracelet","Tiny Chest","Regal Pillow","OrangePellets","PowerPotion"],"campfire_rested":6,"item_purchase_floors":[28,30,30,44,44],"current_hp_per_floor":[67,63,54,54,54,41,31,53,53,53,36,32,9,8,30,28,63,63,59,59,59,59,42,68,68,68,61,61,49,49,28,69,55,81,73,73,68,68,63,47,88,84,84,84,84,71,71,65,89,60],"gold":126,"neow_bonus":"BOSS_RELIC","is_prod":false,"is_daily":false,"chose_seed":false,"campfire_upgraded":1,"win_rate":0,"timestamp":1556419576,"path_taken":["M","M","M","?","?","E","M","R","T","?","E","M","?","M","R","BOSS","M","?","M","M","M","E","R","E","T","M","$","E","$","?","R","BOSS","M","?","M","M","M","E","R","E","T","$","E","?","R","M","R","BOSS"],"build_version":"2019-01-23","purchased_purges":1,"victory":true,"max_hp_per_floor":[75,75,75,75,75,75,75,75,75,75,75,75,75,75,75,75,75,75,89,89,89,89,89,89,89,89,89,89,89,89,89,89,89,89,89,89,89,89,89,89,89,89,89,89,89,89,89,89,89,89],"card_choices":[{"not_picked":["Armaments","Hemokinesis","Thunderclap"],"picked":"SKIP","floor":1.0},{"not_picked":["Clash","Anger"],"picked":"Dropkick","floor":2.0},{"not_picked":["Thunderclap","Cleave"],"picked":"Exhume","floor":3.0},{"not_picked":["Body Slam","Flex","Heavy Blade"],"picked":"SKIP","floor":4.0},{"not_picked":["Havoc","Barricade"],"picked":"Pommel Strike","floor":6},{"not_picked":["Blood for Blood","Sever Soul"],"picked":"Metallicize","floor":7},{"not_picked":["Blood for Blood","Combust","Feel No Pain"],"picked":"SKIP","floor":11},{"not_picked":["Armaments","Clothesline"],"picked":"Disarm","floor":12},{"not_picked":["Headbutt","Rage"],"picked":"Flame Barrier","floor":14},{"not_picked":["Fiend Fire","Limit Break"],"picked":"Immolate","floor":16},{"not_picked":["Iron Wave","Cleave+1"],"picked":"Pommel Strike","floor":18},{"not_picked":["Rage","Power Through","Headbutt"],"picked":"SKIP","floor":20},{"not_picked":["Cleave","Anger"],"picked":"Dual Wield","floor":21},{"not_picked":["Sword Boomerang","Twin Strike+1"],"picked":"Warcry+1","floor":22},{"not_picked":["Spot Weakness","Demon Form"],"picked":"Bludgeon","floor":23},{"not_picked":["Feel No Pain","Pummel"],"picked":"Whirlwind","floor":25},{"not_picked":["Cleave","Sword Boomerang+1"],"picked":"Shrug It Off+1","floor":27},{"not_picked":["Infernal Blade+1","Limit Break+1"],"picked":"Spot Weakness+1","floor":29},{"not_picked":["Brutality","Juggernaut"],"picked":"Bludgeon","floor":33},{"not_picked":["Wild Strike","Fire Breathing","Headbutt+1"],"picked":"SKIP","floor":35},{"not_picked":["Cleave","Power Through+1"],"picked":"Spot Weakness+1","floor":37},{"not_picked":["Iron Wave+1","Dark Embrace"],"picked":"Disarm+1","floor":38},{"not_picked":["Clash+1","Rampage+1","Wild Strike"],"picked":"SKIP","floor":39},{"not_picked":["Fire Breathing+1","Body Slam","Combust"],"picked":"SKIP","floor":40},{"not_picked":["Wild Strike","Hemokinesis"],"picked":"Carnage","floor":42},{"not_picked":["Reckless Charge","Entrench+1"],"picked":"Shrug It Off+1","floor":45},{"not_picked":["Clothesline","Cleave"],"picked":"Dual Wield+1","floor":46},{"not_picked":["Pummel+1","Heavy Blade","Hemokinesis"],"picked":"SKIP","floor":48}],"player_experience":564745,"relics_obtained":[{"floor":6,"key":"Bronze Scales"},{"floor":9,"key":"Mercury Hourglass"},{"floor":10,"key":"Gremlin Horn"},{"floor":11,"key":"Potion Belt"},{"floor":19,"key":"Mango"},{"floor":19,"key":"Paper Frog"},{"floor":23,"key":"Turnip"},{"floor":25,"key":"Ginger"},{"floor":26,"key":"Toxic Egg 2"},{"floor":29,"key":"Bottled Lightning"},{"floor":31,"key":"Nilry\u0027s Codex"},{"floor":40,"key":"War Paint"},{"floor":42,"key":"Oddly Smooth Stone"},{"floor":43,"key":"Bottled Tornado"},{"floor":45,"key":"Bag of Preparation"},{"floor":46,"key":"Incense Burner"}],"event_choices":[{"damage_healed":0,"gold_gain":0,"player_choice":"Grow","damage_taken":0,"max_hp_gain":0,"max_hp_loss":0,"event_name":"Living Wall","floor":5,"gold_loss":0,"cards_upgraded":["Bash"]},{"damage_healed":0,"gold_gain":0,"player_choice":"Entered Light","damage_taken":23,"max_hp_gain":0,"max_hp_loss":0,"event_name":"Shining Light","floor":13,"gold_loss":0,"cards_upgraded":["Pommel Strike","Strike_R"]},{"damage_healed":0,"gold_gain":0,"player_choice":"Fight","damage_taken":0,"max_hp_gain":0,"max_hp_loss":0,"event_name":"Colosseum","floor":19,"gold_loss":0},{"damage_healed":0,"gold_gain":0,"player_choice":"Fought Nobs","damage_taken":0,"max_hp_gain":0,"max_hp_loss":0,"event_name":"Colosseum","floor":19,"gold_loss":0},{"damage_healed":0,"gold_gain":0,"player_choice":"Obtained Book","damage_taken":21,"max_hp_gain":0,"max_hp_loss":0,"event_name":"Cursed Tome","floor":31,"gold_loss":0},{"damage_healed":0,"gold_gain":0,"player_choice":"Gave Potion","damage_taken":0,"relics_obtained":["PreservedInsect"],"max_hp_gain":0,"max_hp_loss":0,"event_name":"WeMeetAgain","floor":36,"gold_loss":0},{"damage_healed":0,"gold_gain":0,"player_choice":"Fight","damage_taken":0,"max_hp_gain":0,"max_hp_loss":0,"event_name":"Mysterious Sphere","floor":46,"gold_loss":0}],"is_beta":false,"boss_relics":[{"not_picked":["Eternal Feather","Tiny House"],"picked":"Snecko Eye"},{"not_picked":["Calling Bell","Empty Cage"],"picked":"Mark of Pain"}],"items_purged_floors":[28],"is_endless":false,"potions_floor_spawned":[3,4,6,14,18,20,25,27,29,37,38,48],"ascension_level":16}