{"gold_per_floor":[212,230,180,180,193,193,213,213,266,284,6,6],"floor_reached":12,"playtime":356,"items_purged":["Decay"],"score":70,"play_id":"fff2d04d-c1d4-4ab4-8505-84154f0dc0fc","local_time":"20190531223059","is_ascension_mode":false,"campfire_choices":[{"data":"Bash","floor":6,"key":"SMITH"},{"data":"Defend_R","floor":8,"key":"SMITH"}],"neow_cost":"NONE","seed_source_timestamp":646017550696500,"circlet_count":0,"master_deck":["Strike_R","Strike_R","Strike_R","Strike_R","Strike_R","Defend_R+1","Defend_R","Defend_R","Bash+1"],"relics":["Burning Blood","Pen Nib","Membership Card"],"potions_floor_usage":[],"damage_taken":[{"damage":0,"enemies":"2 Louse","floor":1,"turns":4},{"damage":6,"enemies":"Jaw Worm","floor":2,"turns":5},{"damage":7,"enemies":"Cultist","floor":5,"turns":4},{"damage":20,"enemies":"3 Louse","floor":7,"turns":5},{"damage":13,"enemies":"2 Fungi Beasts","floor":10,"turns":5},{"damage":0,"enemies":"Exordium Thugs","floor":12,"turns":1}],"seed_played":"7643119491439596938","potions_obtained":[{"floor":1,"key":"Strength Potion"},{"floor":7,"key":"Swift Potion"}],"is_trial":false,"path_per_floor":["M","M","?","?","M","R","M","R","T","M","$","M"],"character_chosen":"IRONCLAD","items_purchased":["Membership Card"],"campfire_rested":0,"item_purchase_floors":[11],"current_hp_per_floor":[80,80,80,80,79,79,65,65,65,58,58,58],"gold":6,"neow_bonus":"HUNDRED_GOLD","is_prod":false,"is_daily":false,"chose_seed":false,"campfire_upgraded":2,"win_rate":0,"timestamp":1559331059,"path_taken":["M","M","?","?","?","R","M","R","T","M","$","M"],"build_version":"2019-05-28","purchased_purges":1,"victory":false,"max_hp_per_floor":[80,80,80,80,80,80,80,80,80,80,80,80],"card_choices":[{"not_picked":["Inflame","Twin Strike","Anger"],"picked":"SKIP","floor":1},{"not_picked":["Metallicize","Iron Wave","Sever Soul"],"picked":"SKIP","floor":2},{"not_picked":["True Grit","Iron Wave","Feel No Pain"],"picked":"SKIP","floor":5},{"not_picked":["Metallicize","Sword Boomerang","Headbutt"],"picked":"SKIP","floor":7},{"not_picked":["Battle Trance","Blood for Blood","Iron Wave"],"picked":"SKIP","floor":10}],"player_experience":423123,"relics_obtained":[{"floor":9,"key":"Pen Nib"}],"event_choices":[{"cards_removed":["Defend_R"],"damage_healed":0,"gold_gain":0,"player_choice":"Card Removal","damage_taken":0,"max_hp_gain":0,"max_hp_loss":0,"event_name":"The Cleric","floor":3,"gold_loss":50},{"damage_healed":0,"gold_gain":0,"player_choice":"Cursed","damage_taken":0,"max_hp_gain":0,"max_hp_loss":0,"event_name":"Wheel of Change","floor":4,"gold_loss":0,"cards_obtained":["Decay"]}],"is_beta":true,"boss_relics":[],"items_purged_floors":[11],"is_endless":false,"potions_floor_spawned":[1,7],"killed_by":"Exordium Thugs","ascension_level":0}