{"gold_per_floor":[112,37,37,187,187,187,46,63,63,77,94,94,120,133,133,212,212,222,275,190,14,14,14,47,47,118,118,118,118,150,162,162,233,283,295,311,311,34,34,34],"floor_reached":40,"playtime":3840,"items_purged":["Doubt","Clumsy"],"score":815,"play_id":"19b9c321-0187-452d-8f07-dd030a17772a","local_time":"20191014213751","is_ascension_mode":true,"campfire_choices":[{"data":"Zap","floor":6,"key":"SMITH"},{"data":"Loop","floor":12,"key":"SMITH"},{"floor":15,"key":"REST"},{"floor":23,"key":"REST"},{"floor":25,"key":"REST"},{"data":"Defragment","floor":27,"key":"SMITH"},{"data":"Capacitor","floor":29,"key":"SMITH"},{"floor":32,"key":"REST"}],"neow_cost":"CURSE","seed_source_timestamp":3714679350300,"circlet_count":0,"master_deck":["AscendersBane","Strike_B+1","Strike_B+1","Strike_B+1","Strike_B+1","Defend_B+1","Defend_B+1","Defend_B+1","Defend_B+1","Zap+1","Dualcast","Conserve Battery","Cold Snap","Loop+1","Barrage","Cold Snap","Gash+1","Gash","Biased Cognition+1","Defragment+1","Capacitor+1","Sunder","Gash+1","Writhe","Glacier+1","Electrodynamics","Go for the Eyes","Ball Lightning+1"],"relics":["Cracked Core","Gambling Chip","Smiling Mask","Sundial","Bottled Lightning","Cursed Key","PreservedInsect","Anchor","Blood Vial","Matryoshka","Toxic Egg 2","Tiny House","Shuriken"],"potions_floor_usage":[13,24,33,40],"damage_taken":[{"damage":7,"enemies":"2 Louse","floor":1,"turns":4},{"damage":0,"enemies":"Small Slimes","floor":8,"turns":3},{"damage":2,"enemies":"Jaw Worm","floor":10,"turns":4},{"damage":2,"enemies":"Red Slaver","floor":11,"turns":3},{"damage":12,"enemies":"3 Sentries","floor":13,"turns":7},{"damage":2,"enemies":"Looter","floor":14,"turns":3},{"damage":43,"enemies":"Slime Boss","floor":16,"turns":12},{"damage":2,"enemies":"Spheric Guardian","floor":18,"turns":4},{"damage":16,"enemies":"Book of Stabbing","floor":24,"turns":4},{"damage":17,"enemies":"Gremlin Leader","floor":30,"turns":5},{"damage":23,"enemies":"Shell Parasite","floor":31,"turns":5},{"damage":42,"enemies":"Automaton","floor":33,"turns":13},{"damage":41,"enemies":"3 Darklings","floor":35,"turns":5},{"damage":0,"enemies":"3 Shapes","floor":36,"turns":2},{"damage":35,"enemies":"Reptomancer","floor":40,"turns":2}],"seed_played":"1106242446523855450","potions_obtained":[{"floor":10,"key":"Block Potion"},{"floor":16,"key":"Poison Potion"},{"floor":30,"key":"Block Potion"},{"floor":34,"key":"FocusPotion"},{"floor":35,"key":"Fire Potion"}],"is_trial":false,"path_per_floor":["M","?","$","?","?","R","$","M","T","M","M","R","E","M","R","B",null,"M","T","?","$","?","R","E","R","T","R","?","R","E","M","R","B",null,"M","M","?","$","?","E"],"character_chosen":"DEFECT","items_purchased":["Cold Snap","Loop","Capacitor","Sunder","Shuriken"],"campfire_rested":4,"item_purchase_floors":[7,7,21,21,38],"current_hp_per_floor":[57,57,57,57,57,57,57,57,57,55,53,53,41,39,60,17,58,56,56,56,56,36,58,42,64,64,64,64,64,49,28,50,10,65,26,28,28,28,28,0],"gold":34,"neow_bonus":"ONE_RARE_RELIC","is_prod":false,"is_daily":false,"chose_seed":false,"campfire_upgraded":4,"win_rate":0,"timestamp":1571114271,"path_taken":["M","?","$","?","?","R","$","M","T","M","M","R","E","M","R","BOSS","M","?","?","$","?","R","E","R","T","R","?","R","E","M","R","BOSS","M","M","?","$","?","E"],"build_version":"2019-07-17","purchased_purges":2,"victory":false,"max_hp_per_floor":[71,71,71,71,71,71,71,71,71,71,71,71,71,71,71,71,71,71,71,71,71,76,76,76,76,76,76,76,76,76,76,76,76,81,81,81,81,81,81,81],"card_choices":[{"not_picked":["Turbo","Steam"],"picked":"Conserve Battery","floor":1},{"not_picked":["Turbo","FTL"],"picked":"Barrage","floor":8},{"not_picked":["Hello World","Amplify"],"picked":"Cold Snap","floor":10},{"not_picked":["Stack","Rebound","Conserve Battery"],"picked":"SKIP","floor":11},{"not_picked":["Beam Cell","Turbo"],"picked":"Gash","floor":13},{"not_picked":["Cold Snap","Chaos"],"picked":"Gash","floor":14},{"not_picked":["Fission","Rainbow"],"picked":"Biased Cognition","floor":16},{"not_picked":["Stack+1","Hello World"],"picked":"Defragment","floor":18},{"not_picked":["Turbo","BootSequence+1"],"picked":"Gash+1","floor":24},{"not_picked":["Stack","Conserve Battery","Sweeping Beam+1"],"picked":"SKIP","floor":30},{"not_picked":["Hologram+1","Ball Lightning"],"picked":"Glacier+1","floor":31},{"not_picked":["Biased Cognition","Multi-Cast+1"],"picked":"Electrodynamics","floor":33},{"not_picked":["Steam+1","BootSequence+1"],"picked":"Leap+1","floor":34},{"not_picked":["Redo+1","Aggregate+1"],"picked":"Go for the Eyes","floor":35},{"not_picked":["Doom and Gloom","Go for the Eyes+1"],"picked":"Ball Lightning+1","floor":36}],"player_experience":699399,"relics_obtained":[{"floor":5,"key":"Smiling Mask"},{"floor":9,"key":"Sundial"},{"floor":13,"key":"Bottled Lightning"},{"floor":19,"key":"PreservedInsect"},{"floor":24,"key":"Blood Vial"},{"floor":26,"key":"Matryoshka"},{"floor":30,"key":"Toxic Egg 2"}],"event_choices":[{"cards_removed":["Doubt"],"damage_healed":0,"gold_gain":0,"player_choice":"Card Removal","damage_taken":0,"max_hp_gain":0,"max_hp_loss":0,"event_name":"The Cleric","floor":2,"gold_loss":75},{"damage_healed":0,"gold_gain":150,"player_choice":"AGREE","damage_taken":0,"max_hp_gain":0,"max_hp_loss":0,"event_name":"Liars Game","floor":4,"gold_loss":0,"cards_obtained":["Doubt"]},{"damage_healed":0,"gold_gain":0,"player_choice":"Relic","damage_taken":0,"max_hp_gain":0,"max_hp_loss":0,"event_name":"Wheel of Change","floor":5,"gold_loss":0},{"damage_healed":0,"gold_gain":0,"player_choice":"Obtained Relic","damage_taken":0,"relics_obtained":["Anchor"],"max_hp_gain":0,"max_hp_loss":0,"event_name":"Addict","floor":20,"gold_loss":85},{"damage_healed":0,"gold_gain":0,"player_choice":"Shed Blood","damage_taken":25,"max_hp_gain":5,"max_hp_loss":0,"event_name":"Forgotten Altar","floor":22,"gold_loss":0},{"damage_healed":0,"gold_gain":0,"player_choice":"Simplicity","damage_taken":0,"max_hp_gain":0,"max_hp_loss":0,"event_name":"Back to Basics","floor":28,"gold_loss":0,"cards_upgraded":["Strike_B","Strike_B","Strike_B","Strike_B","Defend_B","Defend_B","Defend_B","Defend_B"]},{"cards_removed":["Leap"],"damage_healed":0,"gold_gain":0,"player_choice":"Removed Skill","damage_taken":0,"max_hp_gain":0,"max_hp_loss":0,"event_name":"Falling","floor":37,"gold_loss":0},{"damage_healed":0,"gold_gain":0,"player_choice":"Upgraded","damage_taken":0,"max_hp_gain":0,"max_hp_loss":0,"event_name":"Upgrade Shrine","floor":39,"gold_loss":0,"cards_upgraded":["Biased Cognition"]}],"is_beta":false,"boss_relics":[{"not_picked":["FrozenCore","Busted Crown"],"picked":"Cursed Key"},{"not_picked":["Astrolabe","Runic Pyramid"],"picked":"Tiny House"}],"items_purged_floors":[7,21],"is_endless":false,"potions_floor_spawned":[10,16,30,35,36],"killed_by":"Reptomancer","ascension_level":19}