{"gold_per_floor":[116,116,116,116,129,129,204,204,204,217,230,244,260,275,275,400,400,425,14,14,14,33,33,66,66,66,66,75,98,11,43,52,186,186,219,18,42,72,106,115,115],"floor_reached":41,"playtime":1706,"items_purged":[],"score":547,"play_id":"02d0411f-4c83-4d41-a6da-0b3698773e5a","local_time":"20191008225848","is_ascension_mode":true,"campfire_choices":[{"data":"Armaments","floor":6.0,"key":"SMITH"},{"data":"Bash","floor":8,"key":"SMITH"},{"data":"Body Slam","floor":15,"key":"SMITH"},{"data":"Berserk","floor":23,"key":"SMITH"},{"data":"Battle Trance","floor":25,"key":"SMITH"},{"data":"Violence","floor":27,"key":"SMITH"},{"floor":32,"key":"REST"},{"floor":40,"key":"REST"}],"neow_cost":"NONE","seed_source_timestamp":132132232004199,"circlet_count":0,"master_deck":["Strike_R","Strike_R","Strike_R","Strike_R","Defend_R","Defend_R","Defend_R+1","Defend_R","Bash+1","Body Slam+1","Armaments+1","Combust","Body Slam+1","Power Through","Thunderclap","Immolate","CurseOfTheBell","Battle Trance+1","Shrug It Off","Violence+1","Headbutt","Writhe","Berserk+1","Shame","Body Slam","Dark Shackles","Havoc+1","Demon Form","Barricade","Metallicize+1","Power Through+1","True Grit+1","True Grit+1"],"special_seed":0,"relics":["Burning Blood","NeowsBlessing","Golden Idol","Dodecahedron","Calling Bell","Dream Catcher","Singing Bowl","Turnip","Oddly Smooth Stone","MutagenicStrength","Du-Vu Doll","FossilizedHelix","StoneCalendar","CeramicFish","Mark of Pain","Anchor"],"potions_floor_usage":[16,16,16,22,24,24,24,24,33,38,38],"damage_taken":[{"damage":0.0,"enemies":"Jaw Worm","floor":1.0,"turns":1.0},{"damage":0.0,"enemies":"Small Slimes","floor":5.0,"turns":1.0},{"damage":0,"enemies":"2 Louse","floor":10,"turns":1},{"damage":2,"enemies":"2 Fungi Beasts","floor":11,"turns":5},{"damage":2,"enemies":"Exordium Wildlife","floor":12,"turns":4},{"damage":19,"enemies":"Lots of Slimes","floor":13,"turns":3},{"damage":10,"enemies":"Exordium Thugs","floor":14,"turns":4},{"damage":38,"enemies":"Hexaghost","floor":16,"turns":10},{"damage":26,"enemies":"Spheric Guardian","floor":18,"turns":6},{"damage":10,"enemies":"2 Thieves","floor":22,"turns":4},{"damage":2,"enemies":"Slavers","floor":24,"turns":3},{"damage":40,"enemies":"3 Cultists","floor":29,"turns":4},{"damage":0,"enemies":"Snake Plant","floor":31,"turns":3},{"damage":6,"enemies":"Champ","floor":33,"turns":11},{"damage":46,"enemies":"3 Darklings","floor":35,"turns":3},{"damage":4,"enemies":"Orb Walker","floor":37,"turns":4},{"damage":12,"enemies":"Writhing Mass","floor":38,"turns":6},{"damage":2,"enemies":"3 Darklings","floor":39,"turns":4},{"damage":49,"enemies":"Reptomancer","floor":41,"turns":3}],"seed_played":"-7198980585214480528","potions_obtained":[{"floor":5.0,"key":"FearPotion"},{"floor":13,"key":"SpeedPotion"},{"floor":14,"key":"AttackPotion"},{"floor":18,"key":"Weak Potion"},{"floor":22,"key":"EntropicBrew"},{"floor":31,"key":"FearPotion"},{"floor":33,"key":"SpeedPotion"}],"is_trial":false,"path_per_floor":["M","?","?","?","M","R","?","R","T","M","M","M","M","M","R","B",null,"M","$","?","?","M","R","E","R","T","R","?","M","$","M","R","B",null,"M","$","M","M","M","R","E"],"character_chosen":"IRONCLAD","items_purchased":["Shrug It Off","Oddly Smooth Stone","Violence","Headbutt","Dark Shackles","Anchor","SpeedPotion"],"campfire_rested":2,"item_purchase_floors":[19,19,19,19,30,36,36],"current_hp_per_floor":[78,62,55,55,61,61,50,50,50,56,60,64,51,47,47,15,59,39,39,39,39,35,35,41,41,41,41,41,7,7,13,35,35,66,26,26,28,22,26,48,0],"gold":115,"neow_bonus":"THREE_ENEMY_KILL","is_prod":false,"is_daily":false,"chose_seed":false,"campfire_upgraded":6,"win_rate":0,"timestamp":1570568328,"path_taken":["M","?","?","?","M","R","?","R","T","M","M","M","M","?","R","BOSS","M","$","?","?","M","R","E","R","T","R","?","M","$","?","R","BOSS","M","$","M","M","M","R","E"],"build_version":"2019-10-08","purchased_purges":0,"victory":false,"max_hp_per_floor":[80,80,80,74,74,74,74,74,74,74,74,74,74,74,74,74,74,74,74,74,74,74,74,76,76,76,76,76,76,76,76,76,76,76,76,76,76,76,76,76,76],"card_choices":[{"not_picked":["Intimidate","Headbutt"],"picked":"Body Slam","floor":1.0},{"not_picked":["Metallicize","Bloodletting"],"picked":"Armaments","floor":5.0},{"not_picked":["Headbutt","Wild Strike","Pommel Strike"],"picked":"SKIP","floor":10},{"not_picked":["Sentinel","Cleave"],"picked":"Combust","floor":11},{"not_picked":["Heavy Blade","Corruption"],"picked":"Body Slam","floor":12},{"not_picked":["Twin Strike","Dropkick"],"picked":"Power Through","floor":13},{"not_picked":["Sentinel","Headbutt"],"picked":"Thunderclap","floor":14},{"not_picked":["Brutality","Limit Break"],"picked":"Immolate","floor":16},{"not_picked":["Searing Blow","Uppercut"],"picked":"Battle Trance","floor":18},{"not_picked":["Corruption","Disarm"],"picked":"Berserk","floor":22},{"not_picked":["Anger","Clash+1","Heavy Blade"],"picked":"Singing Bowl","floor":24},{"not_picked":["Clash","Cleave"],"picked":"Body Slam","floor":29},{"not_picked":["Headbutt+1","Heavy Blade+1"],"picked":"Havoc+1","floor":31},{"not_picked":["Power Through","Sword Boomerang+1"],"picked":"Demon Form","floor":32},{"not_picked":["Demon Form","Limit Break"],"picked":"Barricade","floor":33},{"not_picked":["Power Through+1","Twin Strike"],"picked":"Metallicize+1","floor":35},{"not_picked":["Armaments","Cleave","Combust+1"],"picked":"SKIP","floor":37},{"not_picked":["Armaments","Havoc+1"],"picked":"Power Through+1","floor":38},{"not_picked":["Thunderclap+1","Twin Strike+1"],"picked":"True Grit+1","floor":39},{"not_picked":["Power Through+1","Searing Blow"],"picked":"True Grit+1","floor":40}],"player_experience":480984,"relics_obtained":[{"floor":9,"key":"Dodecahedron"},{"floor":17,"key":"Dream Catcher"},{"floor":17,"key":"Singing Bowl"},{"floor":17,"key":"Turnip"},{"floor":24,"key":"FossilizedHelix"},{"floor":26,"key":"StoneCalendar"}],"event_choices":[{"damage_healed":0.0,"max_hp_gain":0.0,"max_hp_loss":0.0,"gold_gain":0.0,"event_name":"Shining Light","player_choice":"Entered Light","floor":2.0,"gold_loss":0.0,"damage_taken":16.0,"cards_upgraded":["Defend_R","Body Slam"]},{"cards_removed":["Strike_R"],"damage_healed":0.0,"max_hp_gain":0.0,"max_hp_loss":0.0,"gold_gain":0.0,"event_name":"Golden Wing","player_choice":"Card Removal","floor":3.0,"gold_loss":0.0,"damage_taken":7.0},{"damage_healed":0.0,"max_hp_gain":0.0,"max_hp_loss":6.0,"gold_gain":0.0,"event_name":"Golden Idol","player_choice":"Lose Max HP","floor":4.0,"gold_loss":0.0,"damage_taken":0.0,"relics_obtained":["Golden Idol"]},{"damage_healed":0,"gold_gain":75,"player_choice":"Gather Gold","damage_taken":11,"max_hp_gain":0,"max_hp_loss":0,"event_name":"World of Goop","floor":7,"gold_loss":0},{"damage_healed":0,"gold_gain":0,"player_choice":"Inject Mutagens","damage_taken":0,"relics_obtained":["MutagenicStrength"],"max_hp_gain":0,"max_hp_loss":0,"event_name":"Drug Dealer","floor":20,"gold_loss":0},{"damage_healed":0,"gold_gain":0,"player_choice":"Opened","damage_taken":0,"relics_obtained":["Du-Vu Doll"],"max_hp_gain":0,"max_hp_loss":0,"event_name":"The Mausoleum","floor":21,"gold_loss":0,"cards_obtained":["Writhe"]},{"damage_healed":0,"gold_gain":0,"player_choice":"Stole Relic","damage_taken":0,"relics_obtained":["CeramicFish"],"max_hp_gain":0,"max_hp_loss":0,"event_name":"Addict","floor":28,"gold_loss":0,"cards_obtained":["Shame"]}],"is_beta":true,"boss_relics":[{"not_picked":["Runic Pyramid","SlaversCollar"],"picked":"Calling Bell"},{"not_picked":["Coffee Dripper","Tiny House"],"picked":"Mark of Pain"}],"items_purged_floors":[],"is_endless":false,"potions_floor_spawned":[5,13,14,18,22,31,33],"killed_by":"Reptomancer","ascension_level":7}