{"gold_per_floor":[19,31,31,42,58,58,87,87,87,15,49,49,49,49],"floor_reached":14,"playtime":687,"items_purged":[],"score":191,"play_id":"e537f49a-ee22-4d46-b09f-5486898afbdc","local_time":"20190505233458","is_ascension_mode":true,"campfire_choices":[{"floor":6,"key":"REST"}],"neow_cost":"NO_GOLD","seed_source_timestamp":1252294844688793,"circlet_count":0,"master_deck":["AscendersBane","Strike_R","Strike_R","Strike_R","Strike_R","Strike_R","Defend_R","Defend_R","Defend_R","Defend_R","Bash","Magnetism","Dramatic Entrance","Headbutt","Battle Trance","Clothesline","Iron Wave","Shrug It Off","Inflame","Sword Boomerang"],"special_seed":0,"relics":["Burning Blood","Smiling Mask","MawBank","Gremlin Horn","Matryoshka"],"potions_floor_usage":[5,7,14],"damage_taken":[{"damage":0.0,"enemies":"Cultist","floor":1.0,"turns":3.0},{"damage":9.0,"enemies":"Jaw Worm","floor":2.0,"turns":4.0},{"damage":7.0,"enemies":"Small Slimes","floor":4.0,"turns":3.0},{"damage":46,"enemies":"Exordium Thugs","floor":5,"turns":5},{"damage":36,"enemies":"Lagavulin","floor":7,"turns":5},{"damage":19,"enemies":"3 Sentries","floor":11,"turns":5},{"damage":10,"enemies":"Large Slime","floor":14,"turns":3}],"seed_played":"-7046064885703055747","potions_obtained":[{"floor":1.0,"key":"Fire Potion"},{"floor":4.0,"key":"SkillPotion"},{"floor":11,"key":"Fire Potion"}],"is_trial":false,"path_per_floor":["M","M","$","M","M","R","E","?","T","$","E","$","T","M"],"character_chosen":"IRONCLAD","items_purchased":["Inflame"],"campfire_rested":1,"item_purchase_floors":[10],"current_hp_per_floor":[74,71,71,70,30,52,22,22,22,22,9,9,9,0],"gold":49,"neow_bonus":"RANDOM_COLORLESS_2","is_prod":false,"is_daily":false,"chose_seed":false,"campfire_upgraded":0,"win_rate":0,"timestamp":1557117298,"path_taken":["M","M","?","M","M","R","E","?","T","?","E","$","?","?"],"build_version":"2019-01-23","purchased_purges":0,"victory":false,"max_hp_per_floor":[75,75,75,75,75,75,75,75,75,75,75,75,75,75],"card_choices":[{"not_picked":["Warcry","Sword Boomerang"],"picked":"Headbutt","floor":1.0},{"not_picked":["Havoc","Body Slam"],"picked":"Battle Trance","floor":2.0},{"not_picked":["Battle Trance","True Grit"],"picked":"Clothesline","floor":4.0},{"not_picked":["Twin Strike","Flex"],"picked":"Iron Wave","floor":5},{"not_picked":["Clothesline","Feel No Pain"],"picked":"Shrug It Off","floor":7},{"not_picked":["Combust","Iron Wave"],"picked":"Sword Boomerang","floor":11}],"player_experience":605592,"relics_obtained":[{"floor":7,"key":"Smiling Mask"},{"floor":9,"key":"MawBank"},{"floor":11,"key":"Gremlin Horn"},{"floor":13,"key":"Matryoshka"}],"event_choices":[{"damage_healed":0,"gold_gain":0,"player_choice":"Ignored","damage_taken":0,"max_hp_gain":0,"max_hp_loss":0,"event_name":"Liars Game","floor":8,"gold_loss":0}],"is_beta":false,"boss_relics":[],"items_purged_floors":[],"is_endless":false,"potions_floor_spawned":[1,4,11],"killed_by":"Large Slime","ascension_level":19}