{"gold_per_floor":[118,118,142,155,155,155,198,198,198,198,223,223,223,94,94,94],"floor_reached":16,"playtime":855,"items_purged":["Pain"],"score":191,"play_id":"5d995bff-fe5a-4d95-834a-e5bd0dcf6bc2","local_time":"20190502003628","is_ascension_mode":true,"campfire_choices":[{"floor":6,"key":"REST"},{"floor":8,"key":"REST"},{"floor":10,"key":"REST"},{"data":"Dark Embrace","floor":12,"key":"SMITH"},{"floor":15,"key":"REST"}],"neow_cost":"NONE","seed_source_timestamp":910352667424003,"circlet_count":0,"master_deck":["AscendersBane","Strike_R+1","Strike_R","Strike_R","Strike_R","Strike_R","Defend_R","Defend_R","Defend_R","Defend_R","Bash","Shrug It Off","Injury","Disarm+1","Havoc","Dark Embrace+1"],"relics":["Runic Cube","Golden Idol","Self Forming Clay","Anchor","WarpedTongs"],"potions_floor_usage":[7,16,16],"damage_taken":[{"damage":9,"enemies":"Small Slimes","floor":1,"turns":4},{"damage":5,"enemies":"2 Louse","floor":3,"turns":3},{"damage":1,"enemies":"Cultist","floor":4,"turns":3},{"damage":49,"enemies":"3 Sentries","floor":7,"turns":14},{"damage":22,"enemies":"Lots of Slimes","floor":11,"turns":7},{"damage":55,"enemies":"Hexaghost","floor":16,"turns":14}],"seed_played":"5889103956983963639","potions_obtained":[{"floor":3,"key":"GamblersBrew"},{"floor":7,"key":"GamblersBrew"}],"is_trial":false,"path_per_floor":["M","?","M","M","?","R","E","R","T","R","M","R","?","$","R","B"],"character_chosen":"IRONCLAD","items_purchased":["Dexterity Potion"],"campfire_rested":4,"item_purchase_floors":[14],"current_hp_per_floor":[59,59,54,53,30,52,3,25,25,47,25,25,25,25,47,0],"gold":94,"neow_bonus":"BOSS_RELIC","is_prod":false,"is_daily":false,"chose_seed":false,"campfire_upgraded":1,"win_rate":0,"timestamp":1556775388,"path_taken":["M","?","M","M","?","R","E","R","T","R","M","R","?","$","R","BOSS"],"build_version":"2019-01-23","purchased_purges":1,"victory":false,"max_hp_per_floor":[75,75,75,75,75,75,75,75,75,75,75,75,75,75,75,75],"card_choices":[{"not_picked":["Sword Boomerang","Searing Blow"],"picked":"Shrug It Off","floor":1},{"not_picked":["Entrench","Perfected Strike","Heavy Blade"],"picked":"SKIP","floor":3},{"not_picked":["Clash","Infernal Blade"],"picked":"Disarm","floor":4},{"not_picked":["Armaments","Sentinel"],"picked":"Havoc","floor":7},{"not_picked":["Wild Strike","Havoc"],"picked":"Dark Embrace","floor":11}],"player_experience":586819,"relics_obtained":[{"floor":7,"key":"Self Forming Clay"},{"floor":9,"key":"Anchor"}],"event_choices":[{"damage_healed":0,"gold_gain":0,"player_choice":"Take Wound","damage_taken":0,"relics_obtained":["Golden Idol"],"max_hp_gain":0,"max_hp_loss":0,"event_name":"Golden Idol","floor":2,"gold_loss":0,"cards_obtained":["Injury"]},{"damage_healed":0,"gold_gain":0,"player_choice":"Entered Light","damage_taken":23,"max_hp_gain":0,"max_hp_loss":0,"event_name":"Shining Light","floor":5,"gold_loss":0,"cards_upgraded":["Strike_R","Disarm"]},{"damage_healed":0,"gold_gain":0,"player_choice":"Rummage","damage_taken":0,"relics_obtained":["WarpedTongs"],"max_hp_gain":0,"max_hp_loss":0,"event_name":"Accursed Blacksmith","floor":13,"gold_loss":0,"cards_obtained":["Pain"]}],"is_beta":false,"boss_relics":[],"items_purged_floors":[14],"is_endless":false,"potions_floor_spawned":[3,7],"killed_by":"Hexaghost","ascension_level":19}