{"gold_per_floor":[10,10,25,41,41,41,72,72,72,92,108,108,128,172,172,295,295,310,9,9,9,34,78,103,115,127,139,172,94,27,40,40,40],"floor_reached":33,"playtime":1757,"items_purged":["Strike_R"],"score":374,"play_id":"b959b5e3-17fb-431a-bf91-33553c9035a3","local_time":"20191015200445","is_ascension_mode":true,"campfire_choices":[{"data":"Whirlwind","floor":6.0,"key":"SMITH"},{"data":"Flex","floor":8.0,"key":"SMITH"},{"floor":15.0,"key":"REST"},{"data":"Body Slam","floor":25.0,"key":"SMITH"},{"data":"Entrench","floor":27.0,"key":"SMITH"},{"data":"Corruption","floor":32.0,"key":"SMITH"}],"neow_cost":"NO_GOLD","seed_source_timestamp":95337510500800,"circlet_count":0,"master_deck":["Strike_R","Defend_R+1","Defend_R","Defend_R","Defend_R","Bash","Reckless Charge","Whirlwind+1","Thunderclap","Iron Wave","Intimidate","Cleave","Flex+1","Battle Trance","Shrug It Off","Corruption+1","Dual Wield","Demon Form","Armaments+1","Entrench+1","Body Slam+1","Body Slam","Reaper","Armaments+1","Flex","Dual Wield+1"],"special_seed":0,"relics":["Burning Blood","Golden Idol","Mercury Hourglass","Blue Candle","Oddly Smooth Stone","Self Forming Clay","Runic Cube","Membership Card","MutagenicStrength","MawBank","Shuriken","Orrery"],"potions_floor_usage":[33,33,33],"damage_taken":[{"damage":8.0,"enemies":"2 Louse","floor":1.0,"turns":2.0},{"damage":12.0,"enemies":"Jaw Worm","floor":3.0,"turns":3.0},{"damage":0.0,"enemies":"Cultist","floor":4.0,"turns":3.0},{"damage":25.0,"enemies":"3 Sentries","floor":7.0,"turns":4.0},{"damage":7.0,"enemies":"Looter","floor":10.0,"turns":3.0},{"damage":0.0,"enemies":"Lots of Slimes","floor":11.0,"turns":1.0},{"damage":2.0,"enemies":"Blue Slaver","floor":13.0,"turns":3.0},{"damage":26.0,"enemies":"Gremlin Nob","floor":14.0,"turns":4.0},{"damage":31.0,"enemies":"The Guardian","floor":16.0,"turns":12.0},{"damage":4.0,"enemies":"3 Byrds","floor":18.0,"turns":3.0},{"damage":21.0,"enemies":"2 Thieves","floor":22.0,"turns":4.0},{"damage":8.0,"enemies":"Gremlin Leader","floor":23.0,"turns":5.0},{"damage":0.0,"enemies":"3 Cultists","floor":24.0,"turns":3.0},{"damage":9.0,"enemies":"Centurion and Healer","floor":28.0,"turns":8.0},{"damage":4.0,"enemies":"Shelled Parasite and Fungi","floor":31.0,"turns":3.0},{"damage":143,"enemies":"Automaton","floor":33,"turns":12}],"seed_played":"-7229913939234232993","potions_obtained":[{"floor":4.0,"key":"GamblersBrew"},{"floor":7.0,"key":"BloodPotion"},{"floor":11.0,"key":"Weak Potion"},{"floor":14.0,"key":"Weak Potion"},{"floor":21.0,"key":"HeartOfIron"},{"floor":21.0,"key":"SkillPotion"},{"floor":24.0,"key":"SpeedPotion"},{"floor":28.0,"key":"BloodPotion"},{"floor":31.0,"key":"Strength Potion"}],"is_trial":false,"path_per_floor":["M","?","M","M","?","R","E","R","T","M","M","?","M","E","R","B",null,"M","$","?","?","M","E","M","R","T","R","M","?","$","M","R","B"],"character_chosen":"IRONCLAD","items_purchased":["Entrench","Body Slam","Membership Card","Block Potion","Orrery"],"campfire_rested":1,"item_purchase_floors":[19,19,19,19,30],"current_hp_per_floor":[70,70,64,70,70,70,51,51,51,50,56,56,60,40,62,51,68,70,70,70,70,55,53,59,59,59,59,56,56,56,58,58,0],"gold":40,"neow_bonus":"TRANSFORM_TWO_CARDS","is_prod":false,"is_daily":false,"chose_seed":false,"campfire_upgraded":5,"win_rate":0,"timestamp":1571162685,"path_taken":["M","?","M","M","?","R","E","R","T","M","?","?","M","E","R","BOSS","M","?","?","?","M","E","?","R","T","R","M","?","$","M","R","BOSS"],"build_version":"2019-10-14","purchased_purges":1,"victory":false,"max_hp_per_floor":[80,74,74,74,74,74,74,74,74,74,74,74,74,74,74,74,74,74,74,74,74,74,74,74,74,74,74,74,74,74,74,74,74],"card_choices":[{"not_picked":["Clash","Pommel Strike"],"picked":"Thunderclap","floor":1.0},{"not_picked":["Blood for Blood","Corruption"],"picked":"Iron Wave","floor":3.0},{"not_picked":["Bloodletting","Thunderclap"],"picked":"Intimidate","floor":4.0},{"not_picked":["Bloodletting","Battle Trance"],"picked":"Flex","floor":7.0},{"not_picked":["Entrench","Warcry"],"picked":"Battle Trance","floor":10.0},{"not_picked":["Shockwave","Body Slam"],"picked":"Shrug It Off","floor":11.0},{"not_picked":["Whirlwind","Searing Blow"],"picked":"Corruption","floor":13.0},{"not_picked":["Anger","Twin Strike"],"picked":"Dual Wield","floor":14.0},{"not_picked":["Feed","Bludgeon"],"picked":"Demon Form","floor":16.0},{"not_picked":["Sword Boomerang","Shockwave"],"picked":"Armaments+1","floor":18.0},{"not_picked":["Twin Strike","Iron Wave"],"picked":"Body Slam","floor":22.0},{"not_picked":["Cleave","Anger+1","Clash"],"picked":"SKIP","floor":23.0},{"not_picked":["Heavy Blade+1","Perfected Strike","Iron Wave"],"picked":"SKIP","floor":24.0},{"not_picked":["Flex","Clash","Wild Strike"],"picked":"SKIP","floor":28.0},{"not_picked":["Body Slam","Clothesline+1"],"picked":"Reaper","floor":30.0},{"not_picked":["Entrench","Thunderclap"],"picked":"Armaments+1","floor":30.0},{"not_picked":["Clash","Perfected Strike"],"picked":"Flex","floor":30.0},{"not_picked":["Double Tap","Twin Strike+1"],"picked":"Dual Wield+1","floor":30.0},{"not_picked":["Hemokinesis","Cleave","Sword Boomerang"],"picked":"SKIP","floor":31.0}],"player_experience":512302,"relics_obtained":[{"floor":7.0,"key":"Mercury Hourglass"},{"floor":9.0,"key":"Blue Candle"},{"floor":12.0,"key":"Oddly Smooth Stone"},{"floor":14.0,"key":"Self Forming Clay"},{"floor":23.0,"key":"MawBank"},{"floor":26.0,"key":"Shuriken"}],"event_choices":[{"damage_healed":0.0,"max_hp_gain":0.0,"max_hp_loss":6.0,"gold_gain":0.0,"event_name":"Golden Idol","player_choice":"Lose Max HP","floor":2.0,"gold_loss":0.0,"damage_taken":0.0,"relics_obtained":["Golden Idol"]},{"damage_healed":0.0,"max_hp_gain":0.0,"max_hp_loss":0.0,"gold_gain":0.0,"event_name":"Match and Keep!","player_choice":"1 cards matched","floor":5.0,"gold_loss":0.0,"damage_taken":0.0,"cards_obtained":["Cleave"]},{"damage_healed":0.0,"max_hp_gain":0.0,"max_hp_loss":0.0,"gold_gain":0.0,"event_name":"Wheel of Change","player_choice":"Relic","floor":12.0,"gold_loss":0.0,"damage_taken":0.0},{"damage_healed":0.0,"max_hp_gain":0.0,"max_hp_loss":0.0,"gold_gain":0.0,"event_name":"Drug Dealer","player_choice":"Inject Mutagens","floor":20.0,"gold_loss":0.0,"damage_taken":0.0,"relics_obtained":["MutagenicStrength"]},{"damage_healed":0.0,"max_hp_gain":0.0,"max_hp_loss":0.0,"gold_gain":0.0,"event_name":"Lab","player_choice":"Got Potions","floor":21.0,"gold_loss":0.0,"damage_taken":0.0},{"cards_removed":["Strike_R"],"damage_healed":0.0,"max_hp_gain":0.0,"max_hp_loss":0.0,"gold_gain":0.0,"event_name":"Designer","player_choice":"Upgrade and Remove","floor":29.0,"gold_loss":90.0,"damage_taken":0.0,"cards_upgraded":["Defend_R"]}],"is_beta":true,"boss_relics":[{"not_picked":["Busted Crown","Tiny House"],"picked":"Runic Cube"}],"items_purged_floors":[19],"is_endless":false,"potions_floor_spawned":[4,7,11,14,24,28,31],"killed_by":"Automaton","ascension_level":7}