{"gold_per_floor":[109,127,127,127,4,4,64,77,128,143,154,154,154,173,173,268,318,332,332,7,19,19],"floor_reached":22,"playtime":1163,"items_purged":["Regret"],"score":304,"play_id":"533d3774-b5ae-4f55-b168-455d4f5a4515","local_time":"20190425120036","is_ascension_mode":true,"campfire_choices":[{"floor":6.0,"key":"REST"},{"floor":13.0,"key":"REST"},{"floor":15.0,"key":"REST"}],"neow_cost":"NONE","seed_source_timestamp":346104853185735,"circlet_count":0,"master_deck":["AscendersBane","Strike_B","Strike_B","Strike_B","Strike_B","Defend_B","Defend_B","Defend_B","Defend_B+1","Zap","Dualcast","Darkness+1","Defragment","Redo+1","Self Repair","Auto Shields","Sweeping Beam","Fission","Undo","Darkness","Conserve Battery","Redo"],"special_seed":0,"relics":["Philosopher\u0027s Stone","Bag of Marbles","Tiny Chest","Omamori","Tiny House","Pear"],"potions_floor_usage":[],"damage_taken":[{"damage":3.0,"enemies":"Jaw Worm","floor":1.0,"turns":4.0},{"damage":14.0,"enemies":"Small Slimes","floor":2.0,"turns":3.0},{"damage":27.0,"enemies":"Lagavulin","floor":7.0,"turns":5.0},{"damage":0.0,"enemies":"2 Louse","floor":8.0,"turns":2.0},{"damage":7.0,"enemies":"Red Slaver","floor":10.0,"turns":3.0},{"damage":19.0,"enemies":"3 Louse","floor":11.0,"turns":3.0},{"damage":8.0,"enemies":"Blue Slaver","floor":14.0,"turns":3.0},{"damage":43.0,"enemies":"Hexaghost","floor":16.0,"turns":8.0},{"damage":40.0,"enemies":"Shell Parasite","floor":18.0,"turns":5.0},{"damage":27,"enemies":"Spheric Guardian","floor":21,"turns":5},{"damage":25,"enemies":"3 Cultists","floor":22,"turns":3}],"seed_played":"-7607931145099488527","potions_obtained":[{"floor":1.0,"key":"LiquidBronze"},{"floor":2.0,"key":"Strength Potion"},{"floor":11.0,"key":"SteroidPotion"},{"floor":16.0,"key":"SkillPotion"},{"floor":17.0,"key":"AttackPotion"}],"is_trial":false,"path_per_floor":["M","M","?","?","$","R","E","M","T","M","M","?","R","M","R","B",null,"M","?","$","M","M"],"character_chosen":"DEFECT","items_purchased":["PowerPotion","Pear","Darkness","Conserve Battery"],"campfire_rested":3,"item_purchase_floors":[5,20,20,20],"current_hp_per_floor":[65,51,51,36,36,58,31,31,31,24,12,12,34,33,55,19,66,33,33,43,23,0],"gold":19,"neow_bonus":"BOSS_RELIC","is_prod":false,"is_daily":false,"chose_seed":false,"campfire_upgraded":0,"win_rate":0,"timestamp":1556211636,"path_taken":["M","M","?","?","$","R","E","M","T","M","M","?","R","M","R","BOSS","M","?","$","M","M"],"build_version":"2019-01-23","purchased_purges":1,"victory":false,"max_hp_per_floor":[75,75,75,75,75,75,75,75,75,75,75,75,75,75,75,75,80,80,80,90,90,90],"card_choices":[{"not_picked":["Lockon","Redo","Turbo"],"picked":"SKIP","floor":1.0},{"not_picked":["Go for the Eyes","Leap"],"picked":"Darkness","floor":2.0},{"not_picked":["FTL","Leap"],"picked":"Defragment","floor":7.0},{"not_picked":["Conserve Battery","Reinforced Body"],"picked":"Redo","floor":8.0},{"not_picked":["Steam","Rebound"],"picked":"Self Repair","floor":10.0},{"not_picked":["FTL","Chill"],"picked":"Auto Shields","floor":11.0},{"not_picked":["Reprogram","Meteor Strike"],"picked":"Sweeping Beam","floor":14.0},{"not_picked":["Rainbow","Thunder Strike"],"picked":"Fission","floor":16.0},{"not_picked":["Hologram","Stack"],"picked":"Undo","floor":18.0},{"not_picked":["Ball Lightning","Barrage+1"],"picked":"Redo","floor":21}],"player_experience":533788,"relics_obtained":[{"floor":7.0,"key":"Tiny Chest"},{"floor":9.0,"key":"Omamori"}],"event_choices":[{"damage_healed":0.0,"max_hp_gain":0.0,"max_hp_loss":0.0,"gold_gain":0.0,"event_name":"Big Fish","player_choice":"Box","floor":3.0,"gold_loss":0.0,"damage_taken":0.0,"relics_obtained":["Bag of Marbles"],"cards_obtained":["Regret"]},{"damage_healed":0.0,"max_hp_gain":0.0,"max_hp_loss":0.0,"gold_gain":0.0,"event_name":"Shining Light","player_choice":"Entered Light","floor":4.0,"gold_loss":0.0,"damage_taken":15.0,"cards_upgraded":["Defend_B","Darkness"]},{"damage_healed":0.0,"max_hp_gain":0.0,"max_hp_loss":0.0,"gold_gain":0.0,"event_name":"Scrap Ooze","player_choice":"Fled","floor":12.0,"gold_loss":0.0,"damage_taken":0.0},{"damage_healed":0.0,"max_hp_gain":0.0,"max_hp_loss":0.0,"gold_gain":0.0,"event_name":"Forgotten Altar","player_choice":"Smashed Altar","floor":19.0,"gold_loss":0.0,"damage_taken":0.0,"cards_obtained":["Decay"]}],"is_beta":false,"boss_relics":[{"not_picked":["Lizard Tail","Orrery"],"picked":"Tiny House"}],"items_purged_floors":[5],"is_endless":false,"potions_floor_spawned":[1,2,11,16],"killed_by":"3 Cultists","ascension_level":10}