{"gold_per_floor":[116,136,136,136,136,150,200,232,232,307,325,325,420,420,434,434],"floor_reached":20,"playtime":1190,"items_purged":[],"score":370,"play_id":"f5b8ce8a-4f98-4b57-ba59-acd942b1de04","local_time":"20190601192953","is_ascension_mode":false,"campfire_choices":[{"floor":6,"key":"RECALL"},{"data":"hubris:DuctTapeCard","floor":15,"key":"SMITH"}],"neow_cost":"NONE","seed_source_timestamp":720722062738700,"circlet_count":4,"master_deck":["Strike_R","Strike_R","Strike_R","Strike_R","Strike_R","Defend_R","Defend_R","Defend_R","Defend_R","Whirlwind+1","Necronomicurse","Armaments","hubris:DuctTapeCard+2","Bludgeon","Bludgeon","Bludgeon","Bludgeon","Bludgeon","Bludgeon","Bludgeon","Bludgeon","Bludgeon","Bludgeon","Bludgeon","Bludgeon","Bludgeon","Bludgeon","Bludgeon","Bludgeon","Bludgeon","Bludgeon","Bludgeon","Bludgeon","Bludgeon","Bludgeon","Bludgeon","Bludgeon","Bludgeon","Bludgeon","Bludgeon","Bludgeon","Bludgeon","Bludgeon","Bludgeon","Bludgeon","Bludgeon","Bludgeon","Bludgeon","Bludgeon","Bludgeon","Bludgeon","Bludgeon","Bludgeon","Bludgeon","Bludgeon","Bludgeon","Bludgeon","Bludgeon","Bludgeon","Bludgeon","Bludgeon","Bludgeon","Bludgeon","Bludgeon","Bludgeon","Bludgeon","Bludgeon","Bludgeon","Bludgeon","Bludgeon","Bludgeon","Bludgeon","Bludgeon","Bludgeon","Bludgeon","Bludgeon","Bludgeon","Bludgeon","Bludgeon","Bludgeon","Bludgeon","Bludgeon","Bludgeon","Bludgeon","Bludgeon","Bludgeon","Bludgeon","Bludgeon","Bludgeon","Bludgeon","Bludgeon","Bludgeon","Bludgeon","Bludgeon","Bludgeon","Bludgeon","Bludgeon","Bludgeon","Bludgeon","Bludgeon","Bludgeon","Bludgeon","Bludgeon","Bludgeon","Bludgeon","Bludgeon","Bludgeon","Bludgeon","Bludgeon","Bludgeon","Bludgeon","Bludgeon","Bludgeon","Bludgeon","Shrug It Off"],"relics":["Burning Blood","Circlet","hubris:64BitClover","hubris:AncientText","hubris:AstralHammer","hubris:Backtick","hubris:Teleporter","NeowsBlessing","hubris:BallOfYels","hubris:BlackHole","hubris:BottledHeart","Necronomicon","hubris:BottledRain","hubris:BundleOfHerbs","hubris:ChampionShield","hubris:ToyBattleship","PreservedInsect","hubris:CrystalStatue","hubris:CuriousFeather","hubris:DeadTorch","hubris:DeckOfHolding","Runic Pyramid","hubris:DisguiseKit","hubris:DuctTape","hubris:EmptyBottle","hubris:EvacipatedBox","hubris:GlazedTorus","Mark of Pain","hubris:GrandSneckoEye","hubris:FruitBowl","hubris:IronBody","hubris:Reverence","hubris:RunicObelisk","hubris:Teleporter","hubris:TenFootPole","hubris:TerracottaHorce","hubris:TinFlute","hubris:Towel","hubris:ToyBattleship","hubris:OldNail"],"potions_floor_usage":[16,16,16,16],"damage_taken":[{"damage":0,"enemies":"Small Slimes","floor":1,"turns":1},{"damage":0,"enemies":"Jaw Worm","floor":3,"turns":1},{"damage":0,"enemies":"Cultist","floor":8,"turns":1},{"damage":0,"enemies":"3 Sentries","floor":10,"turns":1},{"damage":0,"enemies":"Looter","floor":14,"turns":3},{"damage":0,"enemies":"Hexaghost","floor":16,"turns":4},{"damage":0,"enemies":"Shell Parasite","floor":18,"turns":1}],"seed_played":"4194283295901842595","potions_obtained":[{"floor":1,"key":"Strength Potion"},{"floor":3,"key":"SneckoOil"},{"floor":10,"key":"EssenceOfSteel"},{"floor":18,"key":"SpeedPotion"}],"is_trial":false,"path_per_floor":["M","M","?","R","$","M","T","E","M","?","M","R","B",null,"M","?"],"character_chosen":"IRONCLAD","items_purchased":[],"campfire_rested":0,"item_purchase_floors":[],"current_hp_per_floor":[80,80,80,1,1,1,1,1,1,1,1,1,1,1,1,0],"gold":434,"neow_bonus":"THREE_ENEMY_KILL","is_prod":false,"is_daily":false,"chose_seed":false,"campfire_upgraded":1,"win_rate":0,"timestamp":1559406593,"path_taken":["M","M","?","R","$","M","T","E","M","?","M","R","BOSS","M","?"],"build_version":"2019-01-23","purchased_purges":0,"victory":false,"max_hp_per_floor":[80,80,80,1,1,1,1,1,1,1,1,1,1,1,1,1],"card_choices":[{"not_picked":["Armaments","Ghostly Armor"],"picked":"Whirlwind","floor":1},{"not_picked":["Dual Wield","Sword Boomerang","Flame Barrier"],"picked":"SKIP","floor":3},{"not_picked":["Carnage","Shrug It Off"],"picked":"Armaments","floor":8},{"not_picked":["Clothesline","Havoc"],"picked":"Anger","floor":10},{"not_picked":["Warcry","Battle Trance","Immolate","Outmaneuver"],"picked":"SKIP","floor":14},{"not_picked":["Havoc","Clothesline","Distraction"],"picked":"Shrug It Off","floor":18}],"player_experience":430916,"relics_obtained":[{"floor":9,"key":"hubris:ToyBattleship"},{"floor":10,"key":"PreservedInsect"}],"event_choices":[{"damage_healed":0,"gold_gain":0,"player_choice":"Grow","damage_taken":0,"max_hp_gain":0,"max_hp_loss":0,"event_name":"Living Wall","floor":5,"gold_loss":0,"cards_upgraded":["Whirlwind"]},{"damage_healed":0,"gold_gain":75,"player_choice":"Gather Gold","damage_taken":11,"max_hp_gain":0,"max_hp_loss":0,"event_name":"World of Goop","floor":13,"gold_loss":0}],"is_beta":false,"boss_relics":[{"not_picked":["Busted Crown","Sozu","Philosopher\u0027s Stone"],"picked":"Mark of Pain"}],"items_purged_floors":[],"is_endless":false,"potions_floor_spawned":[1,3,10,18],"ascension_level":0}