{"gold_per_floor":[116,128,78,93,103,103,118,96,122,122,122,148,148,165,165,263,263,280,280,190,175,190,217,217,244,293,293,309,322,2,32,32,136,136,149,162,162,15,15,29,29,29,105,105,0,0,20,40,40,40],"floor_reached":50,"playtime":2244,"items_purged":[],"score":579,"play_id":"3b2819f0-8585-4cd7-b1cf-14b9b1c6d625","local_time":"20191018105723","is_ascension_mode":false,"campfire_choices":[{"data":"Streamline","floor":6,"key":"SMITH"},{"data":"Go for the Eyes","floor":10,"key":"SMITH"},{"floor":15,"key":"REST"},{"data":"Ghostly","floor":24,"key":"SMITH"},{"data":"Ghostly","floor":32,"key":"SMITH"},{"data":"Ghostly","floor":41,"key":"SMITH"},{"data":"Ghostly","floor":44,"key":"SMITH"},{"data":"Ghostly","floor":46,"key":"SMITH"},{"floor":49,"key":"REST"}],"neow_cost":"NONE","seed_source_timestamp":578040679943100,"circlet_count":0,"master_deck":["Strike_B+1","Strike_B","Defend_B","Defend_B","Defend_B","Defend_B","Zap+1","Dualcast+1","Streamline+1","Gash+1","Sweeping Beam","Go for the Eyes+1","Ball Lightning","Beam Cell","Leap","Ghostly+1","Ghostly+1","Ghostly+1","Ghostly+1","Ghostly+1","Ball Lightning","Compile Driver","Beam Cell","Redo","Ghostly+1","Coolheaded","Stack","Hologram","Coolheaded+1","Leap","Rebound"],"relics":["FrozenCore","Bronze Scales","Happy Flower","Strawberry","Pantograph","PreservedInsect","Kunai","Symbiotic Virus","Runic Dome","Runic Capacitor","Sundial","Red Mask"],"potions_floor_usage":[14,16,16,23,33,33,35,42,50],"damage_taken":[{"damage":1,"enemies":"2 Louse","floor":1,"turns":2},{"damage":0,"enemies":"Small Slimes","floor":2,"turns":2},{"damage":3,"enemies":"Jaw Worm","floor":4,"turns":3},{"damage":16,"enemies":"Lots of Slimes","floor":5,"turns":4},{"damage":6,"enemies":"Large Slime","floor":7,"turns":5},{"damage":28,"enemies":"Gremlin Nob","floor":12,"turns":4},{"damage":0,"enemies":"Red Slaver","floor":14,"turns":1},{"damage":17,"enemies":"Hexaghost","floor":16,"turns":6},{"damage":5,"enemies":"Shell Parasite","floor":18,"turns":4},{"damage":0,"enemies":"2 Thieves","floor":21,"turns":4},{"damage":0,"enemies":"Centurion and Healer","floor":22,"turns":8},{"damage":2,"enemies":"Slavers","floor":23,"turns":5},{"damage":0,"enemies":"Book of Stabbing","floor":25,"turns":5},{"damage":3,"enemies":"Snecko","floor":28,"turns":8},{"damage":0,"enemies":"Shelled Parasite and Fungi","floor":29,"turns":5},{"damage":0,"enemies":"Gremlin Leader","floor":31,"turns":5},{"damage":15,"enemies":"Champ","floor":33,"turns":15},{"damage":14,"enemies":"3 Darklings","floor":35,"turns":6},{"damage":0,"enemies":"Orb Walker","floor":36,"turns":3},{"damage":0,"enemies":"Writhing Mass","floor":40,"turns":6},{"damage":0,"enemies":"Jaw Worm Horde","floor":42,"turns":1},{"damage":0,"enemies":"Spire Growth","floor":47,"turns":5},{"damage":0,"enemies":"Transient","floor":48,"turns":5},{"damage":53,"enemies":"Time Eater","floor":50,"turns":12}],"seed_played":"3362519214882691214","potions_obtained":[{"floor":1,"key":"Dexterity Potion"},{"floor":4,"key":"Energy Potion"},{"floor":12,"key":"Explosive Potion"},{"floor":18,"key":"Energy Potion"},{"floor":23,"key":"SkillPotion"},{"floor":28,"key":"Block Potion"},{"floor":33,"key":"SneckoOil"},{"floor":35,"key":"SpeedPotion"},{"floor":36,"key":"Dexterity Potion"},{"floor":40,"key":"SmokeBomb"}],"is_trial":false,"path_per_floor":["M","M","?","M","M","R","M","?","T","R","?","E","?","M","R","B",null,"M","?","?","M","M","E","R","E","T","?","M","M","$","E","R","B",null,"M","M","?","$","?","M","R","M","T","R","?","R","M","M","R","B"],"character_chosen":"DEFECT","items_purchased":["Kunai","Stack","Hologram","Runic Capacitor"],"campfire_rested":2,"item_purchase_floors":[30,30,30,38],"current_hp_per_floor":[81,81,81,78,62,62,56,56,56,56,40,12,12,12,36,19,82,77,41,41,41,41,46,46,46,46,46,43,43,43,43,43,33,48,34,34,24,24,24,24,24,24,24,24,24,24,24,24,38,0],"gold":40,"neow_bonus":"TEN_PERCENT_HP_BONUS","is_prod":false,"is_daily":false,"chose_seed":false,"campfire_upgraded":7,"win_rate":0,"timestamp":1571385443,"path_taken":["M","M","?","M","M","R","M","?","T","R","?","E","?","M","R","BOSS","M","?","?","M","?","E","R","E","T","?","?","M","$","E","R","BOSS","M","M","?","$","?","M","R","?","T","R","?","R","M","M","R","BOSS"],"build_version":"2019-10-17","purchased_purges":0,"victory":false,"max_hp_per_floor":[82,82,82,82,82,82,82,82,82,82,82,82,82,82,82,82,82,82,41,41,41,41,48,48,48,48,48,48,48,48,48,48,48,48,48,48,48,48,48,48,48,48,48,48,48,48,48,48,48,48],"card_choices":[{"not_picked":["Double Energy","Doom and Gloom","Tempest"],"picked":"SKIP","floor":1},{"not_picked":["Hello World","Conserve Battery"],"picked":"Streamline","floor":2},{"not_picked":["Rebound","Consume"],"picked":"Gash","floor":4},{"not_picked":["Redo","Biased Cognition"],"picked":"Sweeping Beam","floor":5},{"not_picked":["Reprogram","Leap"],"picked":"Go for the Eyes","floor":7},{"not_picked":["Steam","Stack"],"picked":"Ball Lightning","floor":12},{"not_picked":["Sunder","Rebound"],"picked":"Beam Cell","floor":14},{"not_picked":["Beam Cell+1","Hologram"],"picked":"Leap","floor":18},{"not_picked":["Heatsinks","Streamline"],"picked":"Ball Lightning","floor":21},{"not_picked":["Loop","Barrage"],"picked":"Compile Driver","floor":22},{"not_picked":["Melter","Echo Form"],"picked":"Beam Cell","floor":23},{"not_picked":["Blizzard","Reprogram"],"picked":"Redo","floor":25},{"not_picked":["Chaos","Scrape"],"picked":"Coolheaded","floor":28},{"not_picked":["FTL","Force Field","Beam Cell"],"picked":"SKIP","floor":29},{"not_picked":["Buffer","Meteor Strike","Static Discharge+1"],"picked":"SKIP","floor":31},{"not_picked":["Leap+1","Steam Power+1"],"picked":"Coolheaded+1","floor":35},{"not_picked":["Coolheaded","Hologram"],"picked":"Leap","floor":36},{"not_picked":["Beam Cell","Blizzard"],"picked":"Rebound","floor":40},{"not_picked":["Heatsinks","Blizzard+1","Redo"],"picked":"SKIP","floor":47},{"not_picked":["Melter","Coolheaded","Double Energy"],"picked":"SKIP","floor":48}],"player_experience":495527,"relics_obtained":[{"floor":9,"key":"Bronze Scales"},{"floor":12,"key":"Happy Flower"},{"floor":23,"key":"Strawberry"},{"floor":25,"key":"Pantograph"},{"floor":26,"key":"PreservedInsect"},{"floor":31,"key":"Symbiotic Virus"},{"floor":43,"key":"Sundial"}],"event_choices":[{"cards_removed":["Strike_B"],"damage_healed":0,"gold_gain":0,"player_choice":"Card Removal","damage_taken":0,"max_hp_gain":0,"max_hp_loss":0,"event_name":"The Cleric","floor":3,"gold_loss":50},{"damage_healed":0,"gold_gain":0,"player_choice":"Left Gold","damage_taken":0,"max_hp_gain":0,"max_hp_loss":0,"event_name":"World of Goop","floor":8,"gold_loss":22},{"damage_healed":0,"gold_gain":0,"player_choice":"Entered Light","damage_taken":16,"max_hp_gain":0,"max_hp_loss":0,"event_name":"Shining Light","floor":11,"gold_loss":0,"cards_upgraded":["Strike_B","Gash"]},{"damage_healed":0,"gold_gain":0,"player_choice":"Grow","damage_taken":0,"max_hp_gain":0,"max_hp_loss":0,"event_name":"Living Wall","floor":13,"gold_loss":0,"cards_upgraded":["Zap"]},{"damage_healed":0,"gold_gain":0,"player_choice":"Became a Ghost","damage_taken":0,"max_hp_gain":0,"max_hp_loss":41,"event_name":"Ghosts","floor":19,"gold_loss":0,"cards_obtained":["Ghostly","Ghostly","Ghostly","Ghostly","Ghostly"]},{"cards_removed":["Strike_B"],"damage_healed":0,"gold_gain":0,"player_choice":"Upgrade and Remove","damage_taken":0,"max_hp_gain":0,"max_hp_loss":0,"event_name":"Designer","floor":20,"gold_loss":90,"cards_upgraded":["Dualcast"]},{"damage_healed":0,"gold_gain":0,"player_choice":"Copied","damage_taken":0,"max_hp_gain":0,"max_hp_loss":0,"event_name":"Duplicator","floor":27,"gold_loss":0,"cards_obtained":["Ghostly"]},{"damage_healed":0,"gold_gain":0,"player_choice":"Memory 3","damage_taken":10,"max_hp_gain":0,"max_hp_loss":0,"event_name":"SensoryStone","floor":37,"gold_loss":0},{"damage_healed":0,"gold_gain":0,"player_choice":"Ignored","damage_taken":0,"max_hp_gain":0,"max_hp_loss":0,"event_name":"Mysterious Sphere","floor":39,"gold_loss":0},{"damage_healed":0,"gold_gain":0,"player_choice":"Paid","damage_taken":0,"relics_obtained":["Red Mask"],"max_hp_gain":0,"max_hp_loss":0,"event_name":"Tomb of Lord Red Mask","floor":45,"gold_loss":105}],"is_beta":true,"boss_relics":[{"not_picked":["Empty Cage","Busted Crown"],"picked":"FrozenCore"},{"not_picked":["Coffee Dripper","Astrolabe"],"picked":"Runic Dome"}],"items_purged_floors":[],"is_endless":false,"potions_floor_spawned":[1,4,12,18,23,28,33,35,36,40],"killed_by":"Time Eater","ascension_level":0}