{"gold_per_floor":[114,64,17,17,17,17,28,28,107,119,119,139,172,185,185,284,284,300,312,227,152,164,164,164,183,183,197,97,97,112,112,112,213,213,228,53,53,0,15,15,26,26,26,26,41,41,41,61,61,61],"floor_reached":51,"playtime":1395,"items_purged":["Strike_R","Strike_R","Strike_R"],"score":697,"play_id":"ed81c91a-d314-4e81-bbf9-5d364b2f1564","local_time":"20190601122828","is_ascension_mode":false,"campfire_choices":[{"data":"Bash","floor":6,"key":"SMITH"},{"data":"Clash","floor":8,"key":"SMITH"},{"data":"Searing Blow","floor":15,"key":"SMITH"},{"data":"Searing Blow+1","floor":23,"key":"SMITH"},{"data":"Searing Blow+2","floor":32,"key":"SMITH"},{"data":"Searing Blow+3","floor":40,"key":"SMITH"},{"data":"Searing Blow+4","floor":42,"key":"SMITH"},{"data":"Searing Blow+5","floor":47,"key":"SMITH"},{"data":"Searing Blow+6","floor":49,"key":"SMITH"}],"neow_cost":"NONE","seed_source_timestamp":695220438963000,"circlet_count":0,"master_deck":["Strike_R+1","Strike_R+1","Defend_R","Defend_R","Bash+1","Clash+1","Searing Blow+7","Shrug It Off+1","Shockwave+1","Clash+1"],"relics":["Burning Blood","Strawberry","Bronze Scales","Toxic Egg 2","Mummified Hand","Velvet Choker","Vajra","Pantograph","Busted Crown","Red Mask","Anchor"],"potions_floor_usage":[16,33,39,50,50],"damage_taken":[{"damage":1,"enemies":"2 Louse","floor":1,"turns":2},{"damage":6,"enemies":"Jaw Worm","floor":7,"turns":2},{"damage":0,"enemies":"Small Slimes","floor":10,"turns":2},{"damage":1,"enemies":"Exordium Wildlife","floor":12,"turns":3},{"damage":25,"enemies":"Lagavulin","floor":13,"turns":4},{"damage":0,"enemies":"3 Louse","floor":14,"turns":2},{"damage":40,"enemies":"The Guardian","floor":16,"turns":7},{"damage":5,"enemies":"3 Byrds","floor":18,"turns":2},{"damage":5,"enemies":"Spheric Guardian","floor":19,"turns":3},{"damage":15,"enemies":"Snake Plant","floor":22,"turns":3},{"damage":4,"enemies":"Centurion and Healer","floor":25,"turns":5},{"damage":10,"enemies":"Cultist and Chosen","floor":27,"turns":4},{"damage":15,"enemies":"Sentry and Sphere","floor":30,"turns":5},{"damage":59,"enemies":"Automaton","floor":33,"turns":11},{"damage":6,"enemies":"Orb Walker","floor":35,"turns":2},{"damage":2,"enemies":"3 Darklings","floor":39,"turns":4},{"damage":11,"enemies":"Maw","floor":41,"turns":5},{"damage":11,"enemies":"Spire Growth","floor":45,"turns":3},{"damage":7,"enemies":"3 Darklings","floor":48,"turns":3},{"damage":73,"enemies":"Donu and Deca","floor":50,"turns":8}],"seed_played":"8377171887341603862","potions_obtained":[{"floor":1,"key":"FairyPotion"},{"floor":14,"key":"Fire Potion"},{"floor":22,"key":"BloodPotion"},{"floor":27,"key":"Energy Potion"},{"floor":41,"key":"GamblersBrew"},{"floor":44,"key":"Block Potion"}],"is_trial":false,"path_per_floor":["M","?","$","?","?","R","M","R","T","M","?","M","E","M","R","B",null,"M","M","?","$","M","R","?","M","T","M","$","T","M","$","R","B",null,"M","$","?","?","M","R","M","R","T","?","M","$","R","M","R","B",null],"character_chosen":"IRONCLAD","items_purchased":["Clash","Weak Potion"],"campfire_rested":0,"item_purchase_floors":[3,36],"current_hp_per_floor":[87,87,87,70,58,58,58,58,58,64,57,62,43,49,49,15,87,87,87,87,87,78,78,87,87,87,83,83,83,74,74,74,37,87,87,87,87,87,87,87,82,82,82,82,77,77,77,76,76,20],"gold":61,"neow_bonus":"RANDOM_COMMON_RELIC","is_prod":false,"is_daily":false,"chose_seed":false,"campfire_upgraded":9,"win_rate":0,"timestamp":1559381308,"path_taken":["M","?","$","?","?","R","M","R","T","?","?","M","E","M","R","BOSS","M","M","?","$","M","R","?","M","T","?","$","?","M","$","R","BOSS","M","$","?","?","M","R","M","R","T","?","?","$","R","M","R","BOSS"],"build_version":"2019-05-31","purchased_purges":3,"victory":true,"max_hp_per_floor":[87,87,87,87,87,87,87,87,87,87,87,87,87,87,87,87,87,87,87,87,87,87,87,87,87,87,87,87,87,87,87,87,87,87,87,87,87,87,87,87,87,87,87,87,87,87,87,87,87,87],"card_choices":[{"not_picked":["Blood for Blood","Twin Strike","Headbutt"],"picked":"SKIP","floor":1},{"not_picked":["Entrench","Heavy Blade","Armaments"],"picked":"SKIP","floor":7},{"not_picked":["Armaments+1","Pummel","Pommel Strike"],"picked":"SKIP","floor":10},{"not_picked":["Twin Strike","Reckless Charge","Pommel Strike"],"picked":"SKIP","floor":12},{"not_picked":["Flex+1","Disarm+1"],"picked":"Searing Blow","floor":13},{"not_picked":["Cleave","Sword Boomerang","Perfected Strike"],"picked":"SKIP","floor":14},{"not_picked":["Pummel+1","Cleave","Combust"],"picked":"SKIP","floor":18},{"not_picked":["Dual Wield+1","Iron Wave+1","Warcry+1"],"picked":"SKIP","floor":19},{"not_picked":["Cleave+1","Iron Wave"],"picked":"Shrug It Off+1","floor":22},{"not_picked":["Sword Boomerang+1","Immolate","Heavy Blade"],"picked":"SKIP","floor":25},{"not_picked":["Body Slam","Flex+1"],"picked":"Shockwave+1","floor":27},{"not_picked":["Havoc+1","Sever Soul","Second Wind+1"],"picked":"SKIP","floor":30},{"not_picked":["Armaments+1"],"picked":"SKIP","floor":35},{"not_picked":["Whirlwind"],"picked":"SKIP","floor":39},{"not_picked":["Perfected Strike+1"],"picked":"SKIP","floor":41},{"not_picked":["Flame Barrier+1"],"picked":"SKIP","floor":45},{"not_picked":["Clash+1"],"picked":"SKIP","floor":48},{"not_picked":[],"picked":"Clash+1","floor":48}],"player_experience":424636,"relics_obtained":[{"floor":9,"key":"Toxic Egg 2"},{"floor":13,"key":"Mummified Hand"},{"floor":26,"key":"Pantograph"},{"floor":43,"key":"Anchor"}],"event_choices":[{"cards_removed":["Defend_R"],"damage_healed":0,"gold_gain":0,"player_choice":"Card Removal","damage_taken":0,"max_hp_gain":0,"max_hp_loss":0,"event_name":"The Cleric","floor":2,"gold_loss":50},{"damage_healed":0,"gold_gain":0,"player_choice":"Entered Light","damage_taken":17,"max_hp_gain":0,"max_hp_loss":0,"event_name":"Shining Light","floor":4,"gold_loss":0,"cards_upgraded":["Strike_R","Strike_R"]},{"damage_healed":0,"gold_gain":0,"player_choice":"Success","damage_taken":12,"relics_obtained":["Bronze Scales"],"max_hp_gain":0,"max_hp_loss":0,"event_name":"Scrap Ooze","floor":5,"gold_loss":0},{"cards_removed":["Defend_R"],"damage_healed":0,"gold_gain":0,"player_choice":"Card Removal","damage_taken":7,"max_hp_gain":0,"max_hp_loss":0,"event_name":"Golden Wing","floor":11,"gold_loss":0},{"damage_healed":0,"gold_gain":0,"player_choice":"Obtained Relic","damage_taken":0,"relics_obtained":["Vajra"],"max_hp_gain":0,"max_hp_loss":0,"event_name":"Addict","floor":20,"gold_loss":85},{"damage_healed":9,"gold_gain":0,"player_choice":"Full Heal","damage_taken":0,"max_hp_gain":0,"max_hp_loss":0,"event_name":"Wheel of Change","floor":24,"gold_loss":0},{"damage_healed":0,"gold_gain":0,"player_choice":"Memory 1","damage_taken":0,"max_hp_gain":0,"max_hp_loss":0,"event_name":"SensoryStone","floor":37,"gold_loss":0},{"damage_healed":0,"gold_gain":0,"player_choice":"Paid","damage_taken":0,"relics_obtained":["Red Mask"],"max_hp_gain":0,"max_hp_loss":0,"event_name":"Tomb of Lord Red Mask","floor":38,"gold_loss":53},{"damage_healed":0,"gold_gain":0,"player_choice":"Got Potions","damage_taken":0,"max_hp_gain":0,"max_hp_loss":0,"event_name":"Lab","floor":44,"gold_loss":0}],"is_beta":true,"boss_relics":[{"not_picked":["White Beast Statue","Tiny House"],"picked":"Velvet Choker"},{"not_picked":["Lizard Tail","Philosopher\u0027s Stone"],"picked":"Busted Crown"}],"items_purged_floors":[21,28,36],"is_endless":false,"potions_floor_spawned":[1,14,22,27,41,45],"ascension_level":0}