{"gold_per_floor":[118,136,152,152,170,200,6,18,18,18,28,41,56,131,131,234,234,224,149,6,18,18,18],"floor_reached":23,"playtime":1980,"items_purged":[],"score":273,"play_id":"62610279-6e06-436b-abb4-867a5a932ae4","local_time":"20191017182301","is_ascension_mode":true,"campfire_choices":[{"data":"Flame Barrier","floor":10.0,"key":"SMITH"},{"floor":15.0,"key":"REST"}],"neow_cost":"NONE","seed_source_timestamp":206084554845900,"circlet_count":0,"master_deck":["Strike_R","Strike_R","Strike_R","Strike_R","Strike_R","Defend_R","Defend_R","Defend_R","Bash","Impervious","Rampage","Armaments","Havoc","Headbutt","Flame Barrier+1","Bludgeon","Shrug It Off","Perfected Strike","Sentinel","Double Tap","Warcry","Reaper","Shrug It Off"],"special_seed":0,"relics":["Burning Blood","Sundial","Oddly Smooth Stone","Bottled Lightning","Fusion Hammer","Omamori"],"potions_floor_usage":[23,23],"damage_taken":[{"damage":6.0,"enemies":"Cultist","floor":1.0,"turns":4.0},{"damage":0.0,"enemies":"2 Louse","floor":2.0,"turns":3.0},{"damage":0.0,"enemies":"Jaw Worm","floor":3.0,"turns":4.0},{"damage":11.0,"enemies":"2 Fungi Beasts","floor":5.0,"turns":4.0},{"damage":35.0,"enemies":"3 Sentries","floor":6.0,"turns":11.0},{"damage":2.0,"enemies":"Looter","floor":8.0,"turns":3.0},{"damage":22.0,"enemies":"Lots of Slimes","floor":11.0,"turns":5.0},{"damage":4.0,"enemies":"Gremlin Gang","floor":12.0,"turns":6.0},{"damage":0.0,"enemies":"Red Slaver","floor":13.0,"turns":4.0},{"damage":15.0,"enemies":"The Guardian","floor":16.0,"turns":15.0},{"damage":7.0,"enemies":"2 Thieves","floor":18.0,"turns":4.0},{"damage":23.0,"enemies":"3 Byrds","floor":21.0,"turns":5.0},{"damage":88,"enemies":"Gremlin Leader","floor":23,"turns":8}],"seed_played":"-7684880185950923048","potions_obtained":[{"floor":2.0,"key":"EssenceOfSteel"},{"floor":8.0,"key":"Strength Potion"},{"floor":12.0,"key":"Fire Potion"},{"floor":13.0,"key":"Weak Potion"},{"floor":16.0,"key":"FearPotion"},{"floor":18.0,"key":"Block Potion"}],"is_trial":false,"path_per_floor":["M","M","M","?","M","E","$","M","T","R","M","M","M","?","R","B",null,"M","?","$","M","$","E"],"character_chosen":"IRONCLAD","items_purchased":["Oddly Smooth Stone","Shrug It Off","Omamori"],"campfire_rested":1,"item_purchase_floors":[7,7,20],"current_hp_per_floor":[72,78,80,80,75,46,46,50,50,50,34,36,42,31,55,46,72,79,79,79,68,68,0],"gold":18,"neow_bonus":"ONE_RANDOM_RARE_CARD","is_prod":false,"is_daily":false,"chose_seed":false,"campfire_upgraded":1,"win_rate":0,"timestamp":1571361781,"path_taken":["M","M","M","?","M","E","$","M","T","R","M","?","M","?","R","BOSS","M","?","$","M","$","E"],"build_version":"2019-07-17","purchased_purges":0,"victory":false,"max_hp_per_floor":[80,80,80,80,80,80,80,80,80,80,80,80,80,80,80,80,80,80,80,80,80,80,80],"card_choices":[{"not_picked":["Warcry","Flex"],"picked":"Rampage","floor":1.0},{"not_picked":["Warcry","Pommel Strike"],"picked":"Armaments","floor":2.0},{"not_picked":["Perfected Strike","Iron Wave"],"picked":"Havoc","floor":3.0},{"not_picked":["Warcry","Spot Weakness"],"picked":"Flame Barrier","floor":5.0},{"not_picked":["Havoc","Warcry"],"picked":"Bludgeon","floor":6.0},{"not_picked":["Iron Wave","Cleave"],"picked":"Perfected Strike","floor":8.0},{"not_picked":["Pommel Strike","Heavy Blade"],"picked":"Sentinel","floor":11.0},{"not_picked":["Thunderclap","Cleave"],"picked":"Double Tap","floor":12.0},{"not_picked":["Pommel Strike","Clash"],"picked":"Warcry","floor":13.0},{"not_picked":["Barricade","Fiend Fire"],"picked":"Reaper","floor":16.0},{"not_picked":["Carnage","True Grit+1"],"picked":"Shrug It Off","floor":18.0},{"not_picked":["True Grit","Anger+1","Clash"],"picked":"SKIP","floor":21.0}],"player_experience":711471,"relics_obtained":[{"floor":6.0,"key":"Sundial"},{"floor":9.0,"key":"Bottled Lightning"}],"event_choices":[{"damage_healed":0.0,"max_hp_gain":0.0,"max_hp_loss":0.0,"gold_gain":0.0,"event_name":"Match and Keep!","player_choice":"1 cards matched","floor":4.0,"gold_loss":0.0,"damage_taken":0.0,"cards_obtained":["Headbutt"]},{"damage_healed":0.0,"max_hp_gain":0.0,"max_hp_loss":0.0,"gold_gain":75.0,"event_name":"World of Goop","player_choice":"Gather Gold","floor":14.0,"gold_loss":0.0,"damage_taken":11.0},{"cards_removed":["Defend_R"],"damage_healed":0.0,"max_hp_gain":0.0,"max_hp_loss":0.0,"gold_gain":0.0,"event_name":"Beggar","player_choice":"Gave Gold","floor":19.0,"gold_loss":75.0,"damage_taken":0.0}],"is_beta":false,"boss_relics":[{"not_picked":["Orrery","Coffee Dripper"],"picked":"Fusion Hammer"}],"items_purged_floors":[],"is_endless":false,"potions_floor_spawned":[2,8,12,13,16,18,21],"killed_by":"Gremlin Leader","ascension_level":8}