{"gold_per_floor":[119,134,148,148,148,148,148,148,197,102,112,145,145,95,95,196,196],"floor_reached":17,"playtime":1126,"items_purged":[],"score":153,"play_id":"c5ce4651-657a-4555-bdd8-7b8f67497664","local_time":"20190507084509","is_ascension_mode":false,"campfire_choices":[{"data":"Clothesline","floor":6.0,"key":"SMITH"},{"data":"Bash","floor":8.0,"key":"SMITH"},{"data":"Heavy Blade","floor":13.0,"key":"SMITH"},{"floor":15.0,"key":"REST"}],"neow_cost":"NONE","seed_source_timestamp":1370176731067326,"circlet_count":0,"master_deck":["Strike_R+1","Strike_R+1","Strike_R","Strike_R","Defend_R","Defend_R","Defend_R","Defend_R","Bash+1","Clothesline+1","Pommel Strike+1","Spot Weakness","Panacea","Heavy Blade+1","Sword Boomerang","Double Tap","Whirlwind","Headbutt","Pommel Strike","Spot Weakness","Power Through"],"special_seed":0,"relics":["Burning Blood","Darkstone Periapt","Juzu Bracelet","Kunai","Orrery"],"potions_floor_usage":[],"damage_taken":[{"damage":1.0,"enemies":"Jaw Worm","floor":1.0,"turns":3.0},{"damage":2.0,"enemies":"Small Slimes","floor":2.0,"turns":4.0},{"damage":4.0,"enemies":"Cultist","floor":3.0,"turns":3.0},{"damage":6.0,"enemies":"3 Louse","floor":11.0,"turns":4.0},{"damage":26.0,"enemies":"Lagavulin","floor":12.0,"turns":4.0},{"damage":61.0,"enemies":"Slime Boss","floor":16.0,"turns":9.0}],"seed_played":"-1038533069347623095","potions_obtained":[{"floor":1.0,"key":"Poison Potion"},{"floor":2.0,"key":"LiquidBronze"},{"floor":16.0,"key":"FearPotion"}],"is_trial":false,"path_per_floor":["M","M","M","?","T","R","?","R","T","$","M","E","R","?","R","B",null],"character_chosen":"IRONCLAD","items_purchased":["Panacea"],"campfire_rested":1,"item_purchase_floors":[10],"current_hp_per_floor":[88,88,88,88,88,88,70,70,70,70,70,50,50,50,76,21,88],"gold":196,"neow_bonus":"TEN_PERCENT_HP_BONUS","is_prod":false,"is_daily":false,"chose_seed":false,"campfire_upgraded":3,"win_rate":0,"timestamp":1557236709,"path_taken":["M","M","M","?","?","R","?","R","T","?","M","E","R","?","R","BOSS"],"build_version":"2019-01-23","purchased_purges":0,"victory":false,"max_hp_per_floor":[88,88,88,88,88,88,88,88,88,88,88,88,88,88,88,88,88],"card_choices":[{"not_picked":["Hemokinesis","Iron Wave"],"picked":"Clothesline","floor":1.0},{"not_picked":["Havoc","Wild Strike"],"picked":"Pommel Strike","floor":2.0},{"not_picked":["Seeing Red","Anger"],"picked":"Spot Weakness","floor":3.0},{"not_picked":["Brutality","Cleave"],"picked":"Heavy Blade","floor":11.0},{"not_picked":["True Grit","Heavy Blade"],"picked":"Sword Boomerang","floor":12.0},{"not_picked":["Brutality","Offering"],"picked":"Double Tap","floor":16.0},{"not_picked":["Cleave","Thunderclap"],"picked":"Whirlwind","floor":17},{"not_picked":["Cleave","Power Through"],"picked":"Headbutt","floor":17},{"not_picked":["Wild Strike","Warcry"],"picked":"Pommel Strike","floor":17},{"not_picked":["Combust","Feel No Pain"],"picked":"Spot Weakness","floor":17},{"not_picked":["Warcry","Heavy Blade"],"picked":"Power Through","floor":17}],"player_experience":612329,"relics_obtained":[{"floor":5.0,"key":"Darkstone Periapt"},{"floor":9.0,"key":"Juzu Bracelet"},{"floor":12.0,"key":"Kunai"}],"event_choices":[{"damage_healed":0.0,"max_hp_gain":0.0,"max_hp_loss":0.0,"gold_gain":0.0,"event_name":"Living Wall","player_choice":"Grow","floor":4.0,"gold_loss":0.0,"damage_taken":0.0,"cards_upgraded":["Pommel Strike"]},{"damage_healed":0.0,"max_hp_gain":0.0,"max_hp_loss":0.0,"gold_gain":0.0,"event_name":"Shining Light","player_choice":"Entered Light","floor":7.0,"gold_loss":0.0,"damage_taken":18.0,"cards_upgraded":["Strike_R","Strike_R"]},{"cards_removed":["Strike_R"],"damage_healed":0.0,"max_hp_gain":0.0,"max_hp_loss":0.0,"gold_gain":0.0,"event_name":"The Cleric","player_choice":"Card Removal","floor":14.0,"gold_loss":50.0,"damage_taken":0.0}],"is_beta":false,"boss_relics":[{"not_picked":["Empty Cage","Ectoplasm"],"picked":"Orrery"}],"items_purged_floors":[],"is_endless":false,"potions_floor_spawned":[1,2,16],"ascension_level":0}