{"gold_per_floor":[117,117,117,137,137,162,162,192,273,285,301,320,348,359,359,457,457,467,467,486,585,603,603,617,617,643,643,558,589,589,621,621,721,721,736,736,706,439,449,477,493,493,493,510,523,523,554,130,130,130,130,130,8,34,34],"floor_reached":55,"playtime":3781,"items_purged":["Strike_R","Decay","Strike_R"],"score":914,"play_id":"834176cb-343f-4638-bdd6-3a89476f8200","local_time":"20191017113422","is_ascension_mode":true,"campfire_choices":[{"data":"Bash","floor":7.0,"key":"SMITH"},{"data":"Rampage","floor":15.0,"key":"SMITH"},{"floor":23.0,"key":"REST"},{"data":"Armaments","floor":25.0,"key":"SMITH"},{"floor":27.0,"key":"REST"},{"floor":30.0,"key":"REST"},{"floor":32.0,"key":"REST"},{"floor":46.0,"key":"DIG"},{"floor":49,"key":"RECALL"},{"floor":52,"key":"DIG"}],"neow_cost":"NONE","seed_source_timestamp":51204094804700,"circlet_count":0,"master_deck":["Strike_R","Strike_R","Strike_R+1","Defend_R","Defend_R","Defend_R","Defend_R","Bash+1","Clothesline","Twin Strike","Shrug It Off","Rampage+1","Warcry","Shrug It Off","Feed+1","Cleave+1","Armaments+1","Thunderclap","Spot Weakness","Ghostly Armor","Barricade+1","Body Slam+1","Metallicize","Battle Trance+1","Whirlwind","Metallicize","Pummel","Inflame"],"special_seed":0,"relics":["Burning Blood","NeowsBlessing","HornCleat","Oddly Smooth Stone","Incense Burner","Pear","Toy Ornithopter","SacredBark","Smiling Mask","Regal Pillow","Boot","Orichalcum","Cursed Key","Whetstone","Shovel","Calipers","Bottled Lightning","CaptainsWheel","Dodecahedron","White Beast Statue"],"potions_floor_usage":[50,55,55],"damage_taken":[{"damage":0.0,"enemies":"Small Slimes","floor":1.0,"turns":1.0},{"damage":0.0,"enemies":"Cultist","floor":4.0,"turns":1.0},{"damage":0.0,"enemies":"3 Sentries","floor":6.0,"turns":2.0},{"damage":10.0,"enemies":"Gremlin Nob","floor":8.0,"turns":4.0},{"damage":3.0,"enemies":"Jaw Worm","floor":10.0,"turns":3.0},{"damage":2.0,"enemies":"3 Louse","floor":11.0,"turns":4.0},{"damage":2.0,"enemies":"Looter","floor":12.0,"turns":3.0},{"damage":18.0,"enemies":"3 Sentries","floor":13.0,"turns":9.0},{"damage":6.0,"enemies":"2 Fungi Beasts","floor":14.0,"turns":3.0},{"damage":27.0,"enemies":"Hexaghost","floor":16.0,"turns":11.0},{"damage":12.0,"enemies":"Chosen","floor":18.0,"turns":4.0},{"damage":23.0,"enemies":"Spheric Guardian","floor":20.0,"turns":6.0},{"damage":53.0,"enemies":"Cultist and Chosen","floor":22.0,"turns":8.0},{"damage":22.0,"enemies":"Snecko","floor":24.0,"turns":7.0},{"damage":67.0,"enemies":"Slavers","floor":29.0,"turns":9.0},{"damage":39.0,"enemies":"Book of Stabbing","floor":31.0,"turns":7.0},{"damage":79.0,"enemies":"Champ","floor":33.0,"turns":9.0},{"damage":1.0,"enemies":"Orb Walker","floor":35.0,"turns":4.0},{"damage":12.0,"enemies":"3 Darklings","floor":39.0,"turns":7.0},{"damage":27.0,"enemies":"Giant Head","floor":40.0,"turns":9.0},{"damage":0.0,"enemies":"Maw","floor":41.0,"turns":12.0},{"damage":12.0,"enemies":"4 Shapes","floor":44.0,"turns":8.0},{"damage":7.0,"enemies":"Sphere and 2 Shapes","floor":45.0,"turns":13.0},{"damage":1.0,"enemies":"Nemesis","floor":47.0,"turns":10.0},{"damage":30,"enemies":"Awakened One","floor":50,"turns":19},{"damage":77,"enemies":"Shield and Spear","floor":54,"turns":10},{"damage":46,"enemies":"The Heart","floor":55,"turns":8}],"seed_played":"4392630577991564131","potions_obtained":[{"floor":8.0,"key":"Ancient Potion"},{"floor":10.0,"key":"Weak Potion"},{"floor":11.0,"key":"SteroidPotion"},{"floor":12.0,"key":"LiquidMemories"},{"floor":24.0,"key":"Block Potion"},{"floor":31.0,"key":"GamblersBrew"},{"floor":33.0,"key":"SteroidPotion"},{"floor":37.0,"key":"ElixirPotion"},{"floor":40.0,"key":"Ancient Potion"}],"is_trial":false,"path_per_floor":["M","?","?","M","T","E","R","E","T","M","M","M","E","M","R","B",null,"M","?","M","?","M","R","M","R","T","R","?","E","R","E","R","B",null,"M","?","?","$","M","E","M","?","T","M","M","R","E","$","R","B",null,"R","$","E","B"],"character_chosen":"IRONCLAD","items_purchased":["Metallicize","Whetstone","EssenceOfSteel","CaptainsWheel","Pummel"],"campfire_rested":4,"item_purchase_floors":[38,38,48,48,53],"current_hp_per_floor":[80,80,80,80,80,80,80,76,86,89,90,90,78,78,78,57,90,84,84,70,70,26,54,47,47,47,77,77,24,69,40,87,24,107,110,110,110,110,104,88,98,98,98,96,99,99,104,104,104,89,126,126,126,55,19],"gold":34,"neow_bonus":"THREE_ENEMY_KILL","is_prod":false,"is_daily":false,"chose_seed":false,"campfire_upgraded":3,"win_rate":0,"timestamp":1571330062,"path_taken":["M","?","?","?","?","E","R","E","T","M","M","M","E","M","R","BOSS","M","?","M","?","M","R","M","R","T","R","?","E","R","E","R","BOSS","M","?","?","$","?","E","M","?","T","M","M","R","E","$","R","BOSS","R","$","E","BOSS"],"build_version":"2019-10-16","purchased_purges":3,"victory":false,"max_hp_per_floor":[80,80,80,80,80,80,80,80,90,90,90,90,90,90,90,90,90,90,90,93,93,96,96,100,100,100,100,100,103,103,107,107,107,107,110,110,110,110,110,110,114,114,114,118,122,122,122,122,122,126,126,126,126,126,126],"card_choices":[{"not_picked":["Armaments","Perfected Strike"],"picked":"Clothesline","floor":1.0},{"not_picked":["Perfected Strike","Body Slam"],"picked":"Twin Strike","floor":4.0},{"not_picked":["Headbutt","Body Slam","Dark Embrace"],"picked":"SKIP","floor":6.0},{"not_picked":["Pommel Strike","Cleave"],"picked":"Shrug It Off","floor":8.0},{"not_picked":["Iron Wave","Warcry"],"picked":"Rampage","floor":10.0},{"not_picked":["Shrug It Off","Heavy Blade"],"picked":"Warcry","floor":11.0},{"not_picked":["Warcry","Rampage"],"picked":"Shrug It Off","floor":12.0},{"not_picked":["Reckless Charge","Flex","Dark Embrace"],"picked":"SKIP","floor":13.0},{"not_picked":["Thunderclap","Corruption","Flex"],"picked":"SKIP","floor":14.0},{"not_picked":["Berserk","Reaper"],"picked":"Feed","floor":16.0},{"not_picked":["Rampage","Twin Strike+1"],"picked":"Cleave+1","floor":18.0},{"not_picked":["Headbutt","Intimidate"],"picked":"Armaments","floor":20.0},{"not_picked":["Pommel Strike","Body Slam"],"picked":"Thunderclap","floor":22.0},{"not_picked":["Heavy Blade","Perfected Strike"],"picked":"Spot Weakness","floor":24.0},{"not_picked":["Reckless Charge+1","Clothesline","Evolve"],"picked":"SKIP","floor":29.0},{"not_picked":["Bludgeon","Anger"],"picked":"Ghostly Armor","floor":31.0},{"not_picked":["Berserk","Brutality"],"picked":"Barricade","floor":33.0},{"not_picked":["Clothesline","Anger+1"],"picked":"Body Slam+1","floor":35.0},{"not_picked":["Armaments","Cleave+1","Searing Blow+1"],"picked":"SKIP","floor":39.0},{"not_picked":["Clothesline","Bludgeon","Perfected Strike+1"],"picked":"SKIP","floor":40.0},{"not_picked":["Fire Breathing","Iron Wave"],"picked":"Battle Trance+1","floor":41.0},{"not_picked":["Cleave","Feed"],"picked":"Whirlwind","floor":44.0},{"not_picked":["Seeing Red+1","Cleave"],"picked":"Metallicize","floor":45.0},{"not_picked":["Armaments","Combust+1","Spot Weakness"],"picked":"SKIP","floor":47.0},{"not_picked":["Warcry+1","Wild Strike+1"],"picked":"Inflame","floor":54}],"player_experience":53827,"relics_obtained":[{"floor":5.0,"key":"HornCleat"},{"floor":6.0,"key":"Oddly Smooth Stone"},{"floor":8.0,"key":"Incense Burner"},{"floor":9.0,"key":"Pear"},{"floor":13.0,"key":"Toy Ornithopter"},{"floor":26.0,"key":"Smiling Mask"},{"floor":29.0,"key":"Boot"},{"floor":31.0,"key":"Orichalcum"},{"floor":40.0,"key":"Shovel"},{"floor":46.0,"key":"Calipers"},{"floor":47.0,"key":"Bottled Lightning"},{"floor":52,"key":"Dodecahedron"},{"floor":54,"key":"White Beast Statue"}],"event_choices":[{"damage_healed":0.0,"max_hp_gain":0.0,"max_hp_loss":0.0,"gold_gain":0.0,"event_name":"Liars Game","player_choice":"Ignored","floor":2.0,"gold_loss":0.0,"damage_taken":0.0},{"damage_healed":0.0,"max_hp_gain":0.0,"max_hp_loss":0.0,"gold_gain":0.0,"event_name":"Wheel of Change","player_choice":"Full Heal","floor":3.0,"gold_loss":0.0,"damage_taken":0.0},{"damage_healed":0.0,"max_hp_gain":0.0,"max_hp_loss":0.0,"gold_gain":0.0,"event_name":"The Mausoleum","player_choice":"Ignored","floor":19.0,"gold_loss":0.0,"damage_taken":0.0},{"damage_healed":0.0,"max_hp_gain":0.0,"max_hp_loss":0.0,"gold_gain":99.0,"event_name":"Nest","player_choice":"Stole From Cult","floor":21.0,"gold_loss":0.0,"damage_taken":0.0},{"damage_healed":0.0,"max_hp_gain":0.0,"max_hp_loss":0.0,"gold_gain":0.0,"event_name":"Addict","player_choice":"Obtained Relic","floor":28.0,"gold_loss":85.0,"damage_taken":0.0,"relics_obtained":["Regal Pillow"]},{"damage_healed":0.0,"max_hp_gain":0.0,"max_hp_loss":0.0,"gold_gain":0.0,"event_name":"Tomb of Lord Red Mask","player_choice":"Ignored","floor":36.0,"gold_loss":0.0,"damage_taken":0.0},{"damage_healed":0.0,"max_hp_gain":0.0,"max_hp_loss":0.0,"gold_gain":0.0,"event_name":"The Woman in Blue","player_choice":"Bought 2 Potions","floor":37.0,"gold_loss":0.0,"damage_taken":0.0},{"damage_healed":0.0,"max_hp_gain":0.0,"max_hp_loss":0.0,"gold_gain":0.0,"event_name":"Upgrade Shrine","player_choice":"Upgraded","floor":42.0,"gold_loss":0.0,"damage_taken":0.0,"cards_upgraded":["Barricade"]}],"is_beta":true,"boss_relics":[{"not_picked":["Runic Pyramid","Empty Cage"],"picked":"SacredBark"},{"not_picked":["Tiny House","Coffee Dripper"],"picked":"Cursed Key"}],"items_purged_floors":[38,48,53],"is_endless":false,"potions_floor_spawned":[8,10,11,12,22,24,31,33,39,40,45],"killed_by":"The Heart","ascension_level":2}