{"gold_per_floor":[114,129,18,33,33,63,63,63,88,118,168,243,243,258,258,358,358,373,195,195,210,225,225,225,255,255,255,280,280,295,325,325,425,425,440,440,33,0,15,15],"floor_reached":40,"playtime":1671,"items_purged":["Strike_P","Writhe"],"score":505,"play_id":"626210f1-f843-475a-ac68-ec78136edabb","local_time":"20191017110652","daily_mods":["Allstar","Red Cards","Terminal"],"is_ascension_mode":false,"campfire_choices":[{"data":"Eruption","floor":8.0,"key":"SMITH"},{"data":"Spot Weakness","floor":13.0,"key":"SMITH"},{"floor":15.0,"key":"REST"},{"data":"Omniscience","floor":23.0,"key":"SMITH"},{"data":"Armaments","floor":27.0,"key":"SMITH"},{"floor":29.0,"key":"REST"},{"data":"Heavy Blade","floor":32.0,"key":"SMITH"}],"neow_cost":"","seed_source_timestamp":0,"circlet_count":0,"master_deck":["Strike_P","Strike_P","Defend_P","Defend_P","Defend_P","Defend_P","Eruption+1","Vigilance","Transmutation","The Bomb","The Bomb+1","Panache","Violence","BowlingBash","Halt","Spot Weakness+1","Tantrum","ClearTheMind+1","Establishment","DeceiveReality","Uppercut","Omniscience+1","Shrug It Off","Sword Boomerang","Armaments+1","Heavy Blade+1","EmptyFist","Alpha","Metallicize","Thunderclap","Sanctity+1"],"special_seed":18186,"relics":["PureWater","Happy Flower","Bag of Preparation","Akabeko","Art of War","Busted Crown","War Paint","Meat on the Bone","Ancient Tea Set","White Beast Statue","Fusion Hammer","HandDrill","Red Mask"],"potions_floor_usage":[40,40],"damage_taken":[{"damage":0.0,"enemies":"Cultist","floor":1.0,"turns":3.0},{"damage":0.0,"enemies":"2 Louse","floor":2.0,"turns":3.0},{"damage":0.0,"enemies":"Jaw Worm","floor":4.0,"turns":3.0},{"damage":19.0,"enemies":"Lagavulin","floor":6.0,"turns":5.0},{"damage":5.0,"enemies":"Gremlin Nob","floor":10.0,"turns":3.0},{"damage":0.0,"enemies":"Looter","floor":14.0,"turns":1.0},{"damage":0.0,"enemies":"Slime Boss","floor":16.0,"turns":3.0},{"damage":13.0,"enemies":"Chosen","floor":18.0,"turns":5.0},{"damage":3.0,"enemies":"2 Thieves","floor":21.0,"turns":3.0},{"damage":0.0,"enemies":"Snake Plant","floor":22.0,"turns":2.0},{"damage":16.0,"enemies":"Slavers","floor":25.0,"turns":4.0},{"damage":0.0,"enemies":"Shelled Parasite and Fungi","floor":30.0,"turns":1.0},{"damage":0.0,"enemies":"Book of Stabbing","floor":31.0,"turns":3.0},{"damage":7.0,"enemies":"Champ","floor":33.0,"turns":6.0},{"damage":27.0,"enemies":"3 Darklings","floor":35.0,"turns":4.0},{"damage":0.0,"enemies":"Orb Walker","floor":39.0,"turns":1.0},{"damage":32,"enemies":"Nemesis","floor":40,"turns":3}],"seed_played":"7699871629084389372","potions_obtained":[{"floor":1.0,"key":"SpeedPotion"},{"floor":2.0,"key":"Block Potion"},{"floor":10.0,"key":"BottledMiracle"},{"floor":18.0,"key":"DuplicationPotion"},{"floor":31.0,"key":"EssenceOfSteel"},{"floor":33.0,"key":"Strength Potion"},{"floor":35.0,"key":"SkillPotion"}],"is_trial":false,"path_per_floor":["M","M","$","M","$","E","?","R","T","E","T","?","R","M","R","B",null,"M","$","?","M","M","R","?","E","T","R","T","R","M","E","R","B",null,"M","?","$","?","M","E"],"character_chosen":"WATCHER","items_purchased":["Spot Weakness","Tantrum","Shrug It Off","Sword Boomerang","Metallicize","Thunderclap","HandDrill","SkillPotion"],"campfire_rested":2,"item_purchase_floors":[3,3,19,19,37,37,37,37],"current_hp_per_floor":[70,69,68,67,66,47,40,40,40,35,35,29,29,29,46,46,54,41,41,41,38,38,38,38,22,22,22,22,34,34,34,34,27,37,22,31,31,31,31,0],"gold":15,"neow_bonus":"","is_prod":false,"is_daily":true,"chose_seed":false,"campfire_upgraded":5,"win_rate":0,"timestamp":1571303212,"path_taken":["M","?","$","?","?","E","?","R","T","E","?","?","R","M","R","BOSS","M","$","?","M","M","R","?","E","T","R","?","R","M","E","R","BOSS","M","?","$","?","M","E"],"build_version":"2019-10-16","purchased_purges":2,"victory":false,"max_hp_per_floor":[70,69,68,67,66,65,64,63,62,61,60,59,58,57,56,55,54,53,52,51,50,49,48,47,46,45,44,43,42,41,40,39,38,37,36,35,34,33,32,32],"card_choices":[{"not_picked":["Sword Boomerang","WindmillStrike"],"picked":"BowlingBash","floor":1.0},{"not_picked":["JustLucky","Wild Strike"],"picked":"Halt","floor":2.0},{"not_picked":["WreathOfFlame","EmptyBody"],"picked":"ClearTheMind","floor":4.0},{"not_picked":["Thunderclap","FollowUp"],"picked":"Establishment","floor":6.0},{"not_picked":["InnerPeace","Collect"],"picked":"DeceiveReality","floor":10.0},{"not_picked":["Burning Pact","Perseverance"],"picked":"Uppercut","floor":14.0},{"not_picked":["Devotion","Bludgeon"],"picked":"Omniscience","floor":16.0},{"not_picked":["Clash"],"picked":"SKIP","floor":18.0},{"not_picked":["BowlingBash"],"picked":"SKIP","floor":21.0},{"not_picked":["Warcry+1"],"picked":"SKIP","floor":22.0},{"not_picked":["Wild Strike"],"picked":"SKIP","floor":25.0},{"not_picked":[],"picked":"Heavy Blade","floor":30.0},{"not_picked":[],"picked":"EmptyFist","floor":31.0},{"not_picked":[],"picked":"Alpha","floor":33.0},{"not_picked":["BowlingBash+1"],"picked":"SKIP","floor":35.0},{"not_picked":[],"picked":"Sanctity+1","floor":39.0}],"player_experience":518478,"relics_obtained":[{"floor":6.0,"key":"Happy Flower"},{"floor":9.0,"key":"Bag of Preparation"},{"floor":10.0,"key":"Akabeko"},{"floor":11.0,"key":"Art of War"},{"floor":25.0,"key":"War Paint"},{"floor":26.0,"key":"Meat on the Bone"},{"floor":28.0,"key":"Ancient Tea Set"},{"floor":31.0,"key":"White Beast Statue"}],"event_choices":[{"cards_removed":["Strike_P"],"damage_healed":0.0,"max_hp_gain":0.0,"max_hp_loss":0.0,"gold_gain":0.0,"event_name":"Golden Wing","player_choice":"Card Removal","floor":7.0,"gold_loss":0.0,"damage_taken":7.0},{"damage_healed":0.0,"max_hp_gain":0.0,"max_hp_loss":0.0,"gold_gain":75.0,"event_name":"FaceTrader","player_choice":"Touch","floor":12.0,"gold_loss":0.0,"damage_taken":6.0},{"damage_healed":0.0,"max_hp_gain":0.0,"max_hp_loss":0.0,"gold_gain":0.0,"event_name":"Vampires","player_choice":"Ignored","floor":20.0,"gold_loss":0.0,"damage_taken":0.0},{"damage_healed":0.0,"max_hp_gain":0.0,"max_hp_loss":0.0,"gold_gain":0.0,"event_name":"The Library","player_choice":"Read","floor":24.0,"gold_loss":0.0,"damage_taken":0.0,"cards_obtained":["Armaments"]},{"damage_healed":9.0,"max_hp_gain":0.0,"max_hp_loss":0.0,"gold_gain":0.0,"event_name":"Winding Halls","player_choice":"Writhe","floor":36.0,"gold_loss":0.0,"damage_taken":0.0,"cards_obtained":["Writhe"]},{"damage_healed":0.0,"max_hp_gain":0.0,"max_hp_loss":0.0,"gold_gain":0.0,"event_name":"Tomb of Lord Red Mask","player_choice":"Paid","floor":38.0,"gold_loss":33.0,"damage_taken":0.0,"relics_obtained":["Red Mask"]}],"is_beta":true,"boss_relics":[{"not_picked":["Runic Pyramid","Astrolabe"],"picked":"Busted Crown"},{"not_picked":["Cursed Key","SacredBark"],"picked":"Fusion Hammer"}],"items_purged_floors":[19,37],"is_endless":false,"potions_floor_spawned":[1,2,10,18,22,31,33,35,39],"killed_by":"Nemesis","ascension_level":0}