{"gold_per_floor":[114,264,284,297,297,297,323,323,348,348,364,378,378,54,54,147,147,171,0,0],"floor_reached":20,"playtime":3411,"items_purged":["Doubt"],"score":310,"play_id":"1fe8d9bf-268b-478c-826e-7170ac2d566b","local_time":"20190427194830","is_ascension_mode":true,"campfire_choices":[{"data":"Combust","floor":6,"key":"SMITH"},{"data":"Flame Barrier","floor":8,"key":"SMITH"},{"data":"Bash","floor":10,"key":"SMITH"},{"floor":15,"key":"REST"}],"neow_cost":"NONE","seed_source_timestamp":544890318603371,"circlet_count":0,"master_deck":["AscendersBane","Strike_R","Strike_R","Strike_R","Strike_R","Strike_R","Defend_R","Defend_R","Defend_R","Defend_R","Bash+1","Flame Barrier+1","Carnage","Combust+1","Intimidate","Combust","Injury","Shockwave","Demon Form","Rupture"],"relics":["Burning Blood","NeowsBlessing","Lantern","Anchor","Golden Idol","Orichalcum","Runic Cube"],"potions_floor_usage":[7,7,16],"damage_taken":[{"damage":0,"enemies":"Small Slimes","floor":1,"turns":1},{"damage":0,"enemies":"2 Louse","floor":3,"turns":1},{"damage":0,"enemies":"Cultist","floor":4,"turns":1},{"damage":28,"enemies":"Lagavulin","floor":7,"turns":8},{"damage":5,"enemies":"Blue Slaver","floor":11,"turns":3},{"damage":14,"enemies":"Exordium Thugs","floor":12,"turns":5},{"damage":63,"enemies":"Hexaghost","floor":16,"turns":11},{"damage":36,"enemies":"Spheric Guardian","floor":18,"turns":7},{"damage":31,"enemies":"Shell Parasite","floor":20,"turns":4}],"seed_played":"3997531543622747459","potions_obtained":[{"floor":1,"key":"Ancient Potion"},{"floor":3,"key":"EssenceOfSteel"},{"floor":4,"key":"SpeedPotion"},{"floor":11,"key":"GamblersBrew"},{"floor":18,"key":"Fire Potion"}],"is_trial":false,"path_per_floor":["M","?","M","M","?","R","E","R","T","R","M","M","?","$","R","B",null,"M","?","M"],"character_chosen":"IRONCLAD","items_purchased":["Orichalcum","Shockwave"],"campfire_rested":1,"item_purchase_floors":[14,14],"current_hp_per_floor":[74,74,75,75,75,75,53,53,53,53,54,46,46,46,68,11,59,29,29,0],"gold":0,"neow_bonus":"THREE_ENEMY_KILL","is_prod":false,"is_daily":false,"chose_seed":false,"campfire_upgraded":3,"win_rate":0,"timestamp":1556412510,"path_taken":["M","?","M","M","?","R","E","R","T","R","M","?","?","?","R","BOSS","M","?","M"],"build_version":"2019-01-23","purchased_purges":1,"victory":false,"max_hp_per_floor":[75,75,75,75,75,75,75,75,75,75,75,75,75,75,75,75,75,75,75,75],"card_choices":[{"not_picked":["Havoc","Flex"],"picked":"Flame Barrier","floor":1},{"not_picked":["Twin Strike","Clash"],"picked":"Carnage","floor":3},{"not_picked":["Iron Wave","Blood for Blood"],"picked":"Combust","floor":4},{"not_picked":["True Grit","Headbutt"],"picked":"Intimidate","floor":7},{"not_picked":["Searing Blow","Anger","Pummel"],"picked":"SKIP","floor":11},{"not_picked":["Flame Barrier","True Grit"],"picked":"Combust","floor":12},{"not_picked":["Feed","Offering"],"picked":"Demon Form","floor":16},{"not_picked":["Wild Strike+1","Shrug It Off"],"picked":"Rupture","floor":18}],"player_experience":557460,"relics_obtained":[{"floor":7,"key":"Lantern"},{"floor":9,"key":"Anchor"}],"event_choices":[{"damage_healed":0,"gold_gain":150,"player_choice":"AGREE","damage_taken":0,"max_hp_gain":0,"max_hp_loss":0,"event_name":"Liars Game","floor":2,"gold_loss":0,"cards_obtained":["Doubt"]},{"damage_healed":0,"gold_gain":0,"player_choice":"Full Heal","damage_taken":0,"max_hp_gain":0,"max_hp_loss":0,"event_name":"Wheel of Change","floor":5,"gold_loss":0},{"damage_healed":0,"gold_gain":0,"player_choice":"Take Wound","damage_taken":0,"relics_obtained":["Golden Idol"],"max_hp_gain":0,"max_hp_loss":0,"event_name":"Golden Idol","floor":13,"gold_loss":0,"cards_obtained":["Injury"]},{"damage_healed":0,"gold_gain":0,"player_choice":"Paid Fearfully","damage_taken":0,"max_hp_gain":0,"max_hp_loss":0,"event_name":"Masked Bandits","floor":19,"gold_loss":171}],"is_beta":false,"boss_relics":[{"not_picked":["Mark of Pain","Runic Pyramid"],"picked":"Runic Cube"}],"items_purged_floors":[14],"is_endless":false,"potions_floor_spawned":[1,3,4,11,18],"killed_by":"Shell Parasite","ascension_level":16}