{"gold_per_floor":[110,129,129,50,70,70,113,113,113,128,143,143,143,156,156,285,285,299,264,288,313,238,238,363,363,386,386,67,67,67,28,28,154,154,179,5,5,5,28,63,63,63,63,78,93,128,128,253,253,253],"floor_reached":51,"playtime":3754,"items_purged":["Injury","Pain","Shame"],"score":1005,"play_id":"c2458d02-fba0-4324-bc35-b96351937a5d","local_time":"20190424150524","is_ascension_mode":true,"campfire_choices":[{"data":"Defragment","floor":6,"key":"SMITH"},{"floor":13,"key":"REST"},{"data":"Sweeping Beam","floor":15,"key":"SMITH"},{"data":"Zap","floor":23,"key":"SMITH"},{"floor":27,"key":"REST"},{"data":"Dualcast","floor":29,"key":"SMITH"},{"floor":32,"key":"REST"},{"data":"Defragment","floor":41,"key":"SMITH"},{"data":"Defragment","floor":47,"key":"SMITH"},{"data":"Echo Form","floor":49,"key":"SMITH"}],"neow_cost":"NONE","seed_source_timestamp":268336955041738,"circlet_count":0,"master_deck":["Strike_B","Strike_B","Strike_B","Defend_B","Defend_B","Defend_B","Zap+1","Dualcast+1","Finesse","Sweeping Beam+1","Defragment+1","Self Repair","Ball Lightning","Self Repair","Melter","Echo Form+1","White Noise+1","Defragment+1","Sunder+1","Leap+1","Static Discharge","Lockon","Seek+1","Defragment+1","Doom and Gloom","FTL","Seek+1","Loop+1","Leap+1","Dark Shackles+1","Apotheosis+1","Writhe","Cold Snap+1","Zap+1","Normality","Leap+1"],"relics":["Cracked Core","Golden Idol","Letter Opener","Bag of Preparation","Toxic Egg 2","Cursed Key","Thread and Needle","Shuriken","Vajra","Bronze Scales","Nuclear Battery","Juzu Bracelet","Matryoshka","Ancient Tea Set","Gremlin Horn","DataDisk","Incense Burner"],"potions_floor_usage":[7,11,18,24,24,50,50],"damage_taken":[{"damage":6,"enemies":"Cultist","floor":1,"turns":4},{"damage":12,"enemies":"Small Slimes","floor":2,"turns":2},{"damage":2,"enemies":"2 Louse","floor":5,"turns":3},{"damage":44,"enemies":"Lagavulin","floor":7,"turns":7},{"damage":4,"enemies":"Exordium Wildlife","floor":10,"turns":3},{"damage":0,"enemies":"3 Louse","floor":11,"turns":2},{"damage":1,"enemies":"Looter","floor":14,"turns":3},{"damage":33,"enemies":"Slime Boss","floor":16,"turns":8},{"damage":14,"enemies":"Chosen","floor":18,"turns":4},{"damage":28,"enemies":"3 Byrds","floor":20,"turns":4},{"damage":0,"enemies":"Sentry and Sphere","floor":21,"turns":3},{"damage":22,"enemies":"Colosseum Slavers","floor":24,"turns":3},{"damage":55,"enemies":"Colosseum Nobs","floor":24,"turns":4},{"damage":32,"enemies":"Automaton","floor":33,"turns":6},{"damage":10,"enemies":"Orb Walker","floor":35,"turns":2},{"damage":13,"enemies":"3 Shapes","floor":39,"turns":3},{"damage":27,"enemies":"Giant Head","floor":40,"turns":7},{"damage":0,"enemies":"Sphere and 2 Shapes","floor":44,"turns":2},{"damage":14,"enemies":"Spire Growth","floor":45,"turns":4},{"damage":6,"enemies":"Reptomancer","floor":46,"turns":5},{"damage":0,"enemies":"Mind Bloom Boss Battle","floor":48,"turns":2},{"damage":69,"enemies":"Awakened One","floor":50,"turns":9}],"seed_played":"1001110757479277670","potions_obtained":[{"floor":1,"key":"Strength Potion"},{"floor":10,"key":"Block Potion"},{"floor":16,"key":"Swift Potion"},{"floor":18,"key":"Regen Potion"},{"floor":21,"key":"Energy Potion"},{"floor":39,"key":"GamblersBrew"},{"floor":48,"key":"Regen Potion"}],"is_trial":false,"path_per_floor":["M","M","?","$","M","R","E","?","T","M","M","?","R","M","R","B",null,"M","$","M","M","$","R","?","?","T","R","$","R","?","$","R","B",null,"M","$","?","T","M","E","R","?","T","M","M","E","R","?","R","B",null],"character_chosen":"DEFECT","items_purchased":["Defragment","Defragment","Seek+1","Defragment","Doom and Gloom","FTL","Leap+1"],"campfire_rested":3,"item_purchase_floors":[4,19,28,28,28,31,36],"current_hp_per_floor":[62,50,50,50,48,48,11,36,36,39,39,27,49,62,62,43,67,67,67,53,67,67,67,23,23,23,45,45,45,45,45,67,49,69,59,59,54,54,71,64,64,64,64,75,75,75,75,75,75,31],"gold":253,"neow_bonus":"RANDOM_COLORLESS","is_prod":false,"is_daily":false,"chose_seed":false,"campfire_upgraded":7,"win_rate":0,"timestamp":1556136324,"path_taken":["M","M","?","$","M","R","E","?","T","M","M","?","R","M","R","BOSS","M","$","M","M","$","R","?","?","T","R","?","R","?","?","R","BOSS","M","$","?","?","M","E","R","?","T","M","M","E","R","?","R","BOSS"],"build_version":"2019-01-23","purchased_purges":3,"victory":true,"max_hp_per_floor":[75,75,75,75,75,75,75,75,75,75,75,75,75,75,75,75,75,75,75,75,75,75,75,75,75,75,75,75,75,75,75,75,75,75,75,75,75,75,75,75,75,75,75,75,75,75,75,75,75,75],"card_choices":[{"not_picked":["Steam Power","Cold Snap","Compile Driver"],"picked":"SKIP","floor":1},{"not_picked":["Fusion","Cold Snap"],"picked":"Sweeping Beam","floor":2},{"not_picked":["Machine Learning","Glacier"],"picked":"Self Repair","floor":5},{"not_picked":["Recycle","Double Energy"],"picked":"Ball Lightning","floor":7},{"not_picked":["Coolheaded","Conserve Battery"],"picked":"Self Repair","floor":10},{"not_picked":["Rip and Tear","Go for the Eyes"],"picked":"Melter","floor":11},{"not_picked":["Gash","Multi-Cast+1","Ball Lightning"],"picked":"SKIP","floor":14},{"not_picked":["Rainbow+1","Core Surge"],"picked":"Echo Form","floor":16},{"not_picked":["Cold Snap","Force Field+1"],"picked":"White Noise+1","floor":18},{"not_picked":["Fusion+1","Streamline"],"picked":"Sunder+1","floor":20},{"not_picked":["Coolheaded+1","Compile Driver+1"],"picked":"Leap+1","floor":21},{"not_picked":["Multi-Cast+1","Biased Cognition"],"picked":"Seek+1","floor":33},{"not_picked":["Coolheaded+1","Go for the Eyes+1"],"picked":"Loop+1","floor":35},{"not_picked":["Blind+1","Finesse+1"],"picked":"Dark Shackles+1","floor":37},{"not_picked":["Impatience+1","Jack Of All Trades+1"],"picked":"Apotheosis+1","floor":37},{"not_picked":["Steam+1","Stack+1","Doom and Gloom+1"],"picked":"SKIP","floor":39},{"not_picked":["Rebound","Ball Lightning+1"],"picked":"Cold Snap+1","floor":40},{"not_picked":["Biased Cognition","Stack+1","Turbo+1"],"picked":"SKIP","floor":44},{"not_picked":["Biased Cognition","Stack+1","Turbo+1"],"picked":"SKIP","floor":44},{"not_picked":["Compile Driver","Turbo+1"],"picked":"Leap+1","floor":45},{"not_picked":["Sweeping Beam","Turbo+1","Gash"],"picked":"SKIP","floor":46}],"player_experience":515133,"relics_obtained":[{"floor":7,"key":"Letter Opener"},{"floor":9,"key":"Bag of Preparation"},{"floor":24,"key":"Thread and Needle"},{"floor":24,"key":"Shuriken"},{"floor":26,"key":"Vajra"},{"floor":38,"key":"Juzu Bracelet"},{"floor":40,"key":"Matryoshka"},{"floor":43,"key":"Ancient Tea Set"},{"floor":43,"key":"Gremlin Horn"},{"floor":46,"key":"DataDisk"},{"floor":48,"key":"Incense Burner"}],"event_choices":[{"damage_healed":0,"gold_gain":0,"player_choice":"Take Wound","damage_taken":0,"relics_obtained":["Golden Idol"],"max_hp_gain":0,"max_hp_loss":0,"event_name":"Golden Idol","floor":3,"gold_loss":0,"cards_obtained":["Injury"]},{"damage_healed":25,"gold_gain":0,"player_choice":"Banana","damage_taken":0,"max_hp_gain":0,"max_hp_loss":0,"event_name":"Big Fish","floor":8,"gold_loss":0},{"damage_healed":0,"gold_gain":0,"player_choice":"Success","damage_taken":12,"relics_obtained":["Toxic Egg 2"],"max_hp_gain":0,"max_hp_loss":0,"event_name":"Scrap Ooze","floor":12,"gold_loss":0},{"damage_healed":0,"gold_gain":0,"player_choice":"Fight","damage_taken":0,"max_hp_gain":0,"max_hp_loss":0,"event_name":"Colosseum","floor":24,"gold_loss":0},{"damage_healed":0,"gold_gain":0,"player_choice":"Fought Nobs","damage_taken":0,"max_hp_gain":0,"max_hp_loss":0,"event_name":"Colosseum","floor":24,"gold_loss":0},{"damage_healed":0,"gold_gain":0,"cards_transformed":["Strike_B","Defend_B"],"player_choice":"Became Test Subject","damage_taken":0,"max_hp_gain":0,"max_hp_loss":0,"event_name":"Drug Dealer","floor":25,"gold_loss":0,"cards_obtained":["Static Discharge","Lockon"]},{"damage_healed":0,"gold_gain":0,"player_choice":"Stole Relic","damage_taken":0,"relics_obtained":["Bronze Scales"],"max_hp_gain":0,"max_hp_loss":0,"event_name":"Addict","floor":30,"gold_loss":0,"cards_obtained":["Shame"]},{"damage_healed":0,"gold_gain":0,"player_choice":"Memory 2","damage_taken":5,"max_hp_gain":0,"max_hp_loss":0,"event_name":"SensoryStone","floor":37,"gold_loss":0},{"damage_healed":0,"gold_gain":0,"player_choice":"1 cards matched","damage_taken":0,"max_hp_gain":0,"max_hp_loss":0,"event_name":"Match and Keep!","floor":42,"gold_loss":0,"cards_obtained":["Zap"]},{"damage_healed":0,"gold_gain":0,"player_choice":"Fight","damage_taken":0,"max_hp_gain":0,"max_hp_loss":0,"event_name":"MindBloom","floor":48,"gold_loss":0}],"is_beta":false,"boss_relics":[{"not_picked":["Eternal Feather","Empty Cage"],"picked":"Cursed Key"},{"not_picked":["Calling Bell","Snecko Eye"],"picked":"Nuclear Battery"}],"items_purged_floors":[22,28,36],"is_endless":false,"potions_floor_spawned":[1,10,16,18,21,24,39,48],"ascension_level":9}