{"gold_per_floor":[117,130,147,159,140,140,175,195,195,230,230,230,230,246,246,246],"floor_reached":16,"playtime":879,"items_purged":[],"score":230,"play_id":"abbe5a9e-1f3c-48ce-aead-d6a8b8dbf9f3","local_time":"20190427155516","is_ascension_mode":true,"campfire_choices":[{"floor":6.0,"key":"REST"},{"floor":12.0,"key":"REST"},{"data":"Bash","floor":15,"key":"SMITH"}],"neow_cost":"NONE","seed_source_timestamp":0,"circlet_count":0,"master_deck":["AscendersBane","Strike_R","Strike_R","Strike_R","Strike_R","Strike_R","Defend_R","Defend_R","Defend_R","Defend_R","Bash+1","Feed","Burning Pact","Shrug It Off","Shrug It Off","Double Tap"],"special_seed":0,"relics":["Burning Blood","Shuriken","Turnip","Gremlin Horn"],"potions_floor_usage":[],"damage_taken":[{"damage":1.0,"enemies":"Cultist","floor":1.0,"turns":4.0},{"damage":13.0,"enemies":"Jaw Worm","floor":2.0,"turns":5.0},{"damage":0.0,"enemies":"Small Slimes","floor":3.0,"turns":3.0},{"damage":28.0,"enemies":"3 Louse","floor":4.0,"turns":7.0},{"damage":24.0,"enemies":"Exordium Thugs","floor":5.0,"turns":4.0},{"damage":24.0,"enemies":"Gremlin Nob","floor":7.0,"turns":4.0},{"damage":27.0,"enemies":"Gremlin Gang","floor":8.0,"turns":5.0},{"damage":53.0,"enemies":"Lagavulin","floor":10.0,"turns":7.0},{"damage":6.0,"enemies":"Red Slaver","floor":14.0,"turns":5.0},{"damage":70,"enemies":"Hexaghost","floor":16,"turns":10}],"seed_played":"7433367636516488341","potions_obtained":[{"floor":1.0,"key":"SteroidPotion"},{"floor":7.0,"key":"Regen Potion"},{"floor":10.0,"key":"Fire Potion"}],"is_trial":false,"path_per_floor":["M","M","M","M","M","R","E","M","T","E","?","R","?","M","R","B"],"character_chosen":"IRONCLAD","items_purchased":[],"campfire_rested":2,"item_purchase_floors":[],"current_hp_per_floor":[76,72,81,62,47,74,59,41,41,9,9,37,69,69,69,0],"gold":246,"neow_bonus":"ONE_RANDOM_RARE_CARD","is_prod":false,"is_daily":false,"chose_seed":false,"campfire_upgraded":1,"win_rate":0,"timestamp":1556398516,"path_taken":["M","M","M","M","?","R","E","M","T","E","?","R","?","M","R","BOSS"],"build_version":"2019-01-23","purchased_purges":0,"victory":false,"max_hp_per_floor":[78,81,84,87,90,90,93,96,96,96,96,96,96,96,96,96],"card_choices":[{"not_picked":["Body Slam","Wild Strike"],"picked":"Burning Pact","floor":1.0},{"not_picked":["Anger","Body Slam","Second Wind"],"picked":"SKIP","floor":2.0},{"not_picked":["Dual Wield","Warcry"],"picked":"Shrug It Off","floor":3.0},{"not_picked":["Blood for Blood","Whirlwind"],"picked":"Shrug It Off","floor":4.0},{"not_picked":["Headbutt","Iron Wave"],"picked":"Double Tap","floor":5.0},{"not_picked":["Evolve","True Grit","Thunderclap"],"picked":"SKIP","floor":7.0},{"not_picked":["Evolve","True Grit","Thunderclap"],"picked":"SKIP","floor":7.0},{"not_picked":["Anger","Heavy Blade","Hemokinesis"],"picked":"SKIP","floor":8.0},{"not_picked":["Cleave","Intimidate","Second Wind"],"picked":"SKIP","floor":10.0},{"not_picked":["Armaments","Cleave","Thunderclap"],"picked":"SKIP","floor":14.0}],"player_experience":551655,"relics_obtained":[{"floor":7.0,"key":"Shuriken"},{"floor":9.0,"key":"Turnip"},{"floor":10.0,"key":"Gremlin Horn"}],"event_choices":[{"damage_healed":0.0,"max_hp_gain":0.0,"max_hp_loss":0.0,"gold_gain":0.0,"event_name":"Dead Adventurer","player_choice":"Searched \u00270\u0027 times","floor":11.0,"gold_loss":0.0,"damage_taken":0.0},{"damage_healed":32.0,"max_hp_gain":0.0,"max_hp_loss":0.0,"gold_gain":0.0,"event_name":"Big Fish","player_choice":"Banana","floor":13.0,"gold_loss":0.0,"damage_taken":0.0}],"is_beta":false,"boss_relics":[],"items_purged_floors":[],"is_endless":false,"potions_floor_spawned":[1,7,10],"killed_by":"Hexaghost","ascension_level":16}