{"gold_per_floor":[114,130,148,163,123,123,141,203,203,236,248,248,248,264,264,339,339,352,363,278,302,317,317,1,28,54,54,69,87,102,0,0,75,75,87,104,50,65,78,78,78,78,123,123,157,157,174,8,8,8],"floor_reached":51,"playtime":3153,"items_purged":[],"score":1509,"play_id":"a86375be-2ddb-46b8-b2ae-2236ff0c1039","local_time":"20190713200602","is_ascension_mode":true,"campfire_choices":[{"data":"Bouncing Flask","floor":6.0,"key":"SMITH"},{"data":"Catalyst","floor":13.0,"key":"SMITH"},{"data":"Caltrops","floor":15.0,"key":"SMITH"},{"floor":23.0,"key":"REST"},{"data":"Burst","floor":27.0,"key":"SMITH"},{"data":"Noxious Fumes","floor":32.0,"key":"SMITH"},{"data":"Deadly Poison","floor":40.0,"key":"SMITH"},{"data":"A Thousand Cuts","floor":42.0,"key":"SMITH"},{"data":"Dodge and Roll","floor":44.0,"key":"SMITH"},{"data":"Blind","floor":49,"key":"SMITH"}],"neow_cost":"NONE","seed_source_timestamp":9519818233532,"circlet_count":0,"master_deck":["AscendersBane","Survivor","Neutralize","Night Terror","Venomology","Tools of the Trade","Deflect","Prepared","Escape Plan","Bouncing Flask+1","Wraith Form v2","Well Laid Plans","Slice","Cloak And Dagger","Deadly Poison+1","Backflip","Catalyst+1","Caltrops+1","Blur","PiercingWail","Burst+1","Leg Sweep+1","Dodge and Roll+1","A Thousand Cuts+1","Blur+1","Noxious Fumes+1","Tactician","PiercingWail","Deflect+1","Blind+1","PiercingWail","Footwork","Bouncing Flask"],"special_seed":0,"relics":["Pandora\u0027s Box","Tiny Chest","Incense Burner","FossilizedHelix","Eternal Feather","Du-Vu Doll","Bronze Scales","Thread and Needle","Lantern","Bag of Preparation","Philosopher\u0027s Stone","Strawberry","Boot"],"potions_floor_usage":[50,50,50],"damage_taken":[{"damage":2.0,"enemies":"2 Louse","floor":1.0,"turns":2.0},{"damage":5.0,"enemies":"Small Slimes","floor":2.0,"turns":3.0},{"damage":2.0,"enemies":"Jaw Worm","floor":3.0,"turns":2.0},{"damage":2.0,"enemies":"Exordium Wildlife","floor":4.0,"turns":4.0},{"damage":2.0,"enemies":"Red Slaver","floor":7.0,"turns":3.0},{"damage":12.0,"enemies":"Gremlin Nob","floor":8.0,"turns":4.0},{"damage":21.0,"enemies":"3 Sentries","floor":10.0,"turns":8.0},{"damage":0.0,"enemies":"Blue Slaver","floor":11.0,"turns":3.0},{"damage":0.0,"enemies":"Looter","floor":14.0,"turns":3.0},{"damage":2.0,"enemies":"The Guardian","floor":16.0,"turns":7.0},{"damage":0.0,"enemies":"3 Byrds","floor":18.0,"turns":2.0},{"damage":27.0,"enemies":"2 Thieves","floor":19.0,"turns":5.0},{"damage":18.0,"enemies":"3 Cultists","floor":22.0,"turns":7.0},{"damage":0.0,"enemies":"Gremlin Leader","floor":25.0,"turns":8.0},{"damage":1.0,"enemies":"Centurion and Healer","floor":28.0,"turns":7.0},{"damage":0.0,"enemies":"Snake Plant","floor":29.0,"turns":2.0},{"damage":0.0,"enemies":"Snecko","floor":30.0,"turns":3.0},{"damage":0.0,"enemies":"Collector","floor":33.0,"turns":6.0},{"damage":0.0,"enemies":"Orb Walker","floor":35.0,"turns":6.0},{"damage":0.0,"enemies":"3 Shapes","floor":36.0,"turns":3.0},{"damage":0.0,"enemies":"Spire Growth","floor":38.0,"turns":5.0},{"damage":0.0,"enemies":"Jaw Worm Horde","floor":39.0,"turns":5.0},{"damage":20.0,"enemies":"Reptomancer","floor":45.0,"turns":6.0},{"damage":0.0,"enemies":"3 Darklings","floor":47.0,"turns":5.0},{"damage":78,"enemies":"Donu and Deca","floor":50,"turns":11}],"seed_played":"-1841901910798431418","potions_obtained":[{"floor":2.0,"key":"Regen Potion"},{"floor":8.0,"key":"Energy Potion"},{"floor":10.0,"key":"LiquidBronze"},{"floor":19.0,"key":"PowerPotion"},{"floor":22.0,"key":"Weak Potion"},{"floor":25.0,"key":"GamblersBrew"},{"floor":30.0,"key":"Poison Potion"},{"floor":38.0,"key":"Ancient Potion"}],"is_trial":false,"path_per_floor":["M","M","M","M","?","R","M","E","T","E","M","?","R","M","R","B",null,"M","M","?","T","M","R","$","E","T","R","M","M","M","?","R","B",null,"M","M","$","M","M","R","?","R","T","R","E","?","M","$","R","B",null],"character_chosen":"THE_SILENT","items_purchased":["Thread and Needle","PiercingWail","Footwork","Bouncing Flask"],"campfire_rested":1,"item_purchase_floors":[24,37,48,48],"current_hp_per_floor":[57,52,50,48,48,48,46,34,34,28,28,28,28,28,28,26,56,56,29,29,29,11,42,42,57,57,66,65,65,65,65,66,66,66,66,66,66,66,66,66,66,66,73,73,53,53,53,53,71,8],"gold":8,"neow_bonus":"BOSS_RELIC","is_prod":false,"is_daily":false,"chose_seed":false,"campfire_upgraded":9,"win_rate":0,"timestamp":1563066362,"path_taken":["M","M","M","M","?","R","M","E","T","E","M","?","R","M","R","BOSS","M","M","?","?","?","R","$","E","T","R","M","M","M","?","R","BOSS","M","M","$","M","M","R","?","R","T","R","E","?","M","$","R","BOSS"],"build_version":"2019-07-05","purchased_purges":0,"victory":true,"max_hp_per_floor":[66,66,66,66,66,66,66,66,66,66,66,66,66,66,66,66,66,66,66,66,66,66,66,66,66,66,66,66,66,66,66,66,66,66,66,66,66,66,66,66,66,66,73,73,73,73,73,73,73,73],"card_choices":[{"not_picked":["Bane","Masterful Stab"],"picked":"Slice","floor":1.0},{"not_picked":["Blade Dance","Phantasmal Killer"],"picked":"Cloak And Dagger","floor":2.0},{"not_picked":["Terror","Choke"],"picked":"Deadly Poison","floor":3.0},{"not_picked":["Distraction","Infinite Blades"],"picked":"Backflip","floor":4.0},{"not_picked":["Accuracy","Infinite Blades"],"picked":"Catalyst","floor":7.0},{"not_picked":["Accuracy","Bane","Heel Hook"],"picked":"SKIP","floor":8.0},{"not_picked":["Reflex","Bane"],"picked":"Caltrops","floor":10.0},{"not_picked":["Skewer","Dagger Spray"],"picked":"Blur","floor":11.0},{"not_picked":["Escape Plan","Riddle With Holes"],"picked":"PiercingWail","floor":14.0},{"not_picked":["Adrenaline","Venomology"],"picked":"Burst","floor":16.0},{"not_picked":["Outmaneuver","Calculated Gamble"],"picked":"Leg Sweep+1","floor":18.0},{"not_picked":["Deflect","Deadly Poison"],"picked":"Dodge and Roll","floor":19.0},{"not_picked":["Dagger Throw","Underhanded Strike","Eviscerate"],"picked":"SKIP","floor":22.0},{"not_picked":["Poisoned Stab","Flying Knee"],"picked":"A Thousand Cuts","floor":25.0},{"not_picked":["Acrobatics","Blade Dance","Underhanded Strike"],"picked":"SKIP","floor":28.0},{"not_picked":["Underhanded Strike","Blade Dance+1"],"picked":"Blur+1","floor":29.0},{"not_picked":["Dagger Spray","Dagger Throw"],"picked":"Noxious Fumes","floor":30.0},{"not_picked":["PiercingWail","Acrobatics"],"picked":"Tactician","floor":35.0},{"not_picked":["Underhanded Strike+1","Prepared","Cloak And Dagger"],"picked":"SKIP","floor":36.0},{"not_picked":["Flying Knee","Predator","Outmaneuver+1"],"picked":"SKIP","floor":38.0},{"not_picked":["Quick Slash","Deadly Poison","Slice"],"picked":"SKIP","floor":39.0},{"not_picked":["Bullet Time","Dodge and Roll"],"picked":"Deflect+1","floor":45.0},{"not_picked":["Trip","Secret Technique"],"picked":"Blind","floor":46.0},{"not_picked":["Acrobatics","Setup"],"picked":"PiercingWail","floor":47.0}],"player_experience":201444,"relics_obtained":[{"floor":8.0,"key":"Tiny Chest"},{"floor":9.0,"key":"Incense Burner"},{"floor":10.0,"key":"FossilizedHelix"},{"floor":21.0,"key":"Bronze Scales"},{"floor":25.0,"key":"Lantern"},{"floor":26.0,"key":"Bag of Preparation"},{"floor":43.0,"key":"Strawberry"},{"floor":45.0,"key":"Boot"}],"event_choices":[{"damage_healed":0.0,"max_hp_gain":0.0,"max_hp_loss":0.0,"gold_gain":0.0,"event_name":"World of Goop","player_choice":"Left Gold","floor":5.0,"gold_loss":40.0,"damage_taken":0.0},{"damage_healed":0.0,"max_hp_gain":0.0,"max_hp_loss":0.0,"gold_gain":0.0,"event_name":"Liars Game","player_choice":"Ignored","floor":12.0,"gold_loss":0.0,"damage_taken":0.0},{"damage_healed":0.0,"max_hp_gain":0.0,"max_hp_loss":0.0,"gold_gain":0.0,"event_name":"Addict","player_choice":"Obtained Relic","floor":20.0,"gold_loss":85.0,"damage_taken":0.0,"relics_obtained":["Du-Vu Doll"]},{"damage_healed":0.0,"max_hp_gain":0.0,"max_hp_loss":0.0,"gold_gain":0.0,"event_name":"Masked Bandits","player_choice":"Paid Fearfully","floor":31.0,"gold_loss":102.0,"damage_taken":0.0},{"cards_removed":["Bane"],"damage_healed":0.0,"max_hp_gain":0.0,"max_hp_loss":0.0,"gold_gain":0.0,"event_name":"Falling","player_choice":"Removed Attack","floor":41.0,"gold_loss":0.0,"damage_taken":0.0},{"damage_healed":0.0,"max_hp_gain":0.0,"max_hp_loss":0.0,"gold_gain":0.0,"event_name":"SensoryStone","player_choice":"Memory 1","floor":46.0,"gold_loss":0.0,"damage_taken":0.0}],"is_beta":false,"boss_relics":[{"not_picked":["HoveringKite","Orrery"],"picked":"Eternal Feather"},{"not_picked":["Lizard Tail","Runic Dome"],"picked":"Philosopher\u0027s Stone"}],"items_purged_floors":[],"is_endless":false,"potions_floor_spawned":[2,3,4,8,10,19,22,25,30,36,38,47],"ascension_level":19}