{"gold_per_floor":[364,364,4,25,25,25,56,72,99,26,60,60,81,81,81,206,206,229,229,229,242,169,169,15,15,15,15,30,30,48,48],"floor_reached":31,"playtime":1714,"items_purged":["Injury","Strike_G","Strike_G"],"score":374,"play_id":"06c57df9-5181-415c-a1df-5842b5b77e87","local_time":"20191017190822","is_ascension_mode":true,"campfire_choices":[{"data":"Neutralize","floor":6.0,"key":"SMITH"},{"floor":12,"key":"REST"},{"data":"Concentrate","floor":15,"key":"SMITH"},{"floor":23,"key":"REST"},{"floor":25,"key":"REST"},{"data":"Deadly Poison","floor":27,"key":"SMITH"},{"data":"Tactician","floor":29,"key":"SMITH"}],"neow_cost":"TEN_PERCENT_HP_LOSS","seed_source_timestamp":209234301692000,"circlet_count":0,"master_deck":["AscendersBane","Strike_G","Strike_G","Strike_G","Defend_G","Defend_G","Defend_G","Defend_G","Defend_G","Survivor","Neutralize+1","Concentrate+1","PiercingWail","Noxious Fumes","Poisoned Stab","Deadly Poison+1","Dodge and Roll","Acrobatics","Tactician+1","RitualDagger","Escape Plan","Endless Agony","Bane","Deflect","Escape Plan"],"special_seed":0,"relics":["Ring of the Serpent","Golden Idol","Unceasing Top","Smiling Mask","Vajra","Bronze Scales","Snake Skull","Ancient Tea Set"],"potions_floor_usage":[11,21,31,31],"damage_taken":[{"damage":1.0,"enemies":"Small Slimes","floor":1.0,"turns":4.0},{"damage":4.0,"enemies":"Jaw Worm","floor":4.0,"turns":4.0},{"damage":47.0,"enemies":"Gremlin Nob","floor":7.0,"turns":6.0},{"damage":0,"enemies":"Cultist","floor":8,"turns":4},{"damage":6,"enemies":"3 Sentries","floor":11,"turns":8},{"damage":0,"enemies":"3 Louse","floor":13,"turns":3},{"damage":43,"enemies":"Slime Boss","floor":16,"turns":14},{"damage":18,"enemies":"Chosen","floor":18,"turns":5},{"damage":3,"enemies":"3 Byrds","floor":21,"turns":2},{"damage":14,"enemies":"3 Cultists","floor":28,"turns":7},{"damage":2,"enemies":"Sentry and Sphere","floor":30,"turns":5},{"damage":44,"enemies":"Gremlin Leader","floor":31,"turns":7}],"seed_played":"-3696599769563011649","potions_obtained":[{"floor":8,"key":"Block Potion"},{"floor":16,"key":"Swift Potion"},{"floor":18,"key":"Explosive Potion"},{"floor":30,"key":"Ancient Potion"}],"is_trial":false,"path_per_floor":["M","?","$","M","$","R","E","M","T","$","E","R","M","?","R","B",null,"M","?","?","M","$","R","$","R","T","R","M","R","M","E"],"character_chosen":"THE_SILENT","items_purchased":["Unceasing Top","Deadly Poison","Bane","Snake Skull"],"campfire_rested":3,"item_purchase_floors":[3,10,22,24],"current_hp_per_floor":[62,62,62,58,58,58,11,11,11,11,5,23,23,44,44,1,48,30,24,24,21,21,39,39,57,57,57,43,43,41,0],"gold":48,"neow_bonus":"TWO_FIFTY_GOLD","is_prod":false,"is_daily":false,"chose_seed":false,"campfire_upgraded":4,"win_rate":0,"timestamp":1571364502,"path_taken":["M","?","$","M","$","R","E","M","T","$","E","R","M","?","R","BOSS","M","?","?","M","?","R","$","R","T","R","M","R","M","E"],"build_version":"2019-07-17","purchased_purges":3,"victory":false,"max_hp_per_floor":[63,63,63,63,63,63,63,63,63,63,63,63,63,63,63,63,63,63,63,63,63,63,63,63,63,63,63,63,63,63,63],"card_choices":[{"not_picked":["Sucker Punch","Flying Knee"],"picked":"Concentrate","floor":1.0},{"not_picked":["Masterful Stab","Prepared"],"picked":"PiercingWail","floor":4.0},{"not_picked":["Outmaneuver","PiercingWail"],"picked":"Noxious Fumes","floor":7.0},{"not_picked":["Bane","Unload"],"picked":"Poisoned Stab","floor":8},{"not_picked":["Finisher","Distraction"],"picked":"Dodge and Roll","floor":11},{"not_picked":["Dagger Throw","Endless Agony"],"picked":"Acrobatics","floor":13},{"not_picked":["Bane","Quick Slash+1"],"picked":"Tactician","floor":18},{"not_picked":["Underhanded Strike","Dagger Throw"],"picked":"Endless Agony","floor":21},{"not_picked":["Bane","Underhanded Strike+1"],"picked":"Deflect","floor":28},{"not_picked":["Distraction","Cloak And Dagger"],"picked":"Escape Plan","floor":30}],"player_experience":713451,"relics_obtained":[{"floor":7.0,"key":"Smiling Mask"},{"floor":9,"key":"Vajra"},{"floor":11,"key":"Bronze Scales"},{"floor":26,"key":"Ancient Tea Set"}],"event_choices":[{"damage_healed":0.0,"max_hp_gain":0.0,"max_hp_loss":0.0,"gold_gain":0.0,"event_name":"Golden Idol","player_choice":"Take Wound","floor":2.0,"gold_loss":0.0,"damage_taken":0.0,"relics_obtained":["Golden Idol"],"cards_obtained":["Injury"]},{"damage_healed":21,"gold_gain":0,"player_choice":"Banana","damage_taken":0,"max_hp_gain":0,"max_hp_loss":0,"event_name":"Big Fish","floor":14,"gold_loss":0},{"damage_healed":0,"gold_gain":0,"player_choice":"Joined the Cult","damage_taken":6,"max_hp_gain":0,"max_hp_loss":0,"event_name":"Nest","floor":19,"gold_loss":0,"cards_obtained":["RitualDagger"]},{"damage_healed":0,"gold_gain":0,"player_choice":"Read","damage_taken":0,"max_hp_gain":0,"max_hp_loss":0,"event_name":"The Library","floor":20,"gold_loss":0,"cards_obtained":["Escape Plan"]}],"is_beta":false,"boss_relics":[{"not_picked":["Runic Dome","HoveringKite"],"picked":"Ring of the Serpent"}],"items_purged_floors":[3,10,22],"is_endless":false,"potions_floor_spawned":[8,16,18,30],"killed_by":"Gremlin Leader","ascension_level":11}