{"gold_per_floor":[119,137,137,412,135,164,178,196,196,228,243,243,243,255,255,353,353,368,384,180,207,10,43,54,67,67,67,67,79,91,120,120,216,216,231,246,246,246,0,0,35,35,35,35,90,90,138,163,163,163],"floor_reached":51,"playtime":2762,"items_purged":["Regret"],"score":1267,"play_id":"b197e29e-1733-4e2c-b0b0-98c68f1976cf","local_time":"20190424222407","is_ascension_mode":true,"campfire_choices":[{"floor":13.0,"key":"REST"},{"floor":15.0,"key":"REST"},{"floor":27.0,"key":"REST"},{"data":"1","floor":32.0,"key":"LIFT"},{"data":"2","floor":40,"key":"LIFT"},{"data":"3","floor":44,"key":"LIFT"},{"data":"Envenom","floor":46,"key":"SMITH"},{"floor":49,"key":"REST"}],"neow_cost":"NONE","seed_source_timestamp":295400648361517,"circlet_count":0,"master_deck":["AscendersBane","Defend_G","Defend_G","Defend_G+1","Defend_G","Defend_G","Strike_G+1","Strike_G+1","Strike_G","Strike_G","Survivor","Neutralize+1","Cloak And Dagger","Blade Dance","Deadly Poison","Cloak And Dagger","Blade Dance","All Out Attack+1","Accuracy","Envenom+1","Backstab+1","Deflect+1","Accuracy","Blade Dance+1","Backstab+1","Backflip+1","Catalyst+1","Cloak And Dagger+1","Cloak And Dagger+1","Deadly Poison+1","After Image","Noxious Fumes+1","Catalyst+1","Dodge and Roll+1","Slice+1"],"special_seed":0,"relics":["Ring of the Snake","PreservedInsect","Bag of Preparation","Gambling Chip","Molten Egg 2","Girya","WristBlade","Tiny Chest","Anchor","Toxic Egg 2","Snake Skull","Bag of Marbles","Lizard Tail","ClockworkSouvenir","Calipers","Blood Vial","Whetstone","War Paint","Kunai"],"potions_floor_usage":[33,33,33,50,50],"damage_taken":[{"damage":4.0,"enemies":"Small Slimes","floor":1.0,"turns":6.0},{"damage":2.0,"enemies":"2 Louse","floor":2.0,"turns":4.0},{"damage":1.0,"enemies":"Gremlin Nob","floor":6.0,"turns":3.0},{"damage":0.0,"enemies":"Cultist","floor":7.0,"turns":3.0},{"damage":7.0,"enemies":"Large Slime","floor":8.0,"turns":6.0},{"damage":14.0,"enemies":"3 Sentries","floor":10.0,"turns":6.0},{"damage":3.0,"enemies":"Red Slaver","floor":11.0,"turns":4.0},{"damage":2.0,"enemies":"Blue Slaver","floor":14.0,"turns":3.0},{"damage":42.0,"enemies":"Hexaghost","floor":16.0,"turns":13.0},{"damage":14.0,"enemies":"3 Byrds","floor":18.0,"turns":6.0},{"damage":9.0,"enemies":"Chosen","floor":19.0,"turns":4.0},{"damage":10.0,"enemies":"Book of Stabbing","floor":23.0,"turns":4.0},{"damage":9.0,"enemies":"Centurion and Healer","floor":24.0,"turns":5.0},{"damage":0.0,"enemies":"Shelled Parasite and Fungi","floor":25.0,"turns":3.0},{"damage":2.0,"enemies":"Cultist and Chosen","floor":29.0,"turns":4.0},{"damage":1.0,"enemies":"Centurion and Healer","floor":30.0,"turns":3.0},{"damage":0.0,"enemies":"Gremlin Leader","floor":31.0,"turns":3.0},{"damage":24,"enemies":"Collector","floor":33,"turns":4},{"damage":2,"enemies":"3 Darklings","floor":35,"turns":2},{"damage":0,"enemies":"Orb Walker","floor":36,"turns":1},{"damage":3,"enemies":"Giant Head","floor":41,"turns":4},{"damage":0,"enemies":"Reptomancer","floor":48,"turns":3},{"damage":43,"enemies":"Donu and Deca","floor":50,"turns":9}],"seed_played":"-85576817302033368","potions_obtained":[{"floor":1.0,"key":"Strength Potion"},{"floor":2.0,"key":"PowerPotion"},{"floor":6.0,"key":"GamblersBrew"},{"floor":8.0,"key":"Strength Potion"},{"floor":16.0,"key":"Block Potion"},{"floor":23.0,"key":"Energy Potion"},{"floor":24.0,"key":"Block Potion"},{"floor":41,"key":"EssenceOfSteel"},{"floor":48,"key":"SneckoOil"}],"is_trial":false,"path_per_floor":["M","M","?","?","$","E","M","M","T","E","M","?","R","M","R","B",null,"M","M","$","T","$","E","M","M","T","R","?","M","M","E","R","B",null,"M","M","$","?","$","R","E","$","T","R","T","R","T","E","R","B",null],"character_chosen":"THE_SILENT","items_purchased":["Bag of Preparation","Explosive Potion","Tiny Chest","Caltrops","Accuracy","Regen Potion","Strength Potion","ClockworkSouvenir","Block Potion"],"campfire_rested":4,"item_purchase_floors":[5,5,20,20,22,22,22,39,39],"current_hp_per_floor":[59,57,45,45,45,44,44,37,37,23,20,13,34,32,53,11,55,41,32,32,32,32,34,25,25,25,46,46,44,43,43,43,19,57,55,55,55,55,55,55,52,52,52,52,52,52,52,54,70,27],"gold":163,"neow_bonus":"UPGRADE_CARD","is_prod":false,"is_daily":false,"chose_seed":false,"campfire_upgraded":1,"win_rate":0,"timestamp":1556162647,"path_taken":["M","M","?","?","$","E","?","M","T","E","M","?","R","M","R","BOSS","M","M","$","?","$","E","M","M","T","R","?","M","?","E","R","BOSS","M","M","$","?","$","R","E","$","T","R","?","R","?","E","R","BOSS"],"build_version":"2019-01-23","purchased_purges":1,"victory":true,"max_hp_per_floor":[70,70,70,70,70,70,70,70,70,70,70,70,70,70,70,70,70,70,70,70,70,70,70,70,70,70,70,70,70,70,70,70,70,70,70,70,70,70,70,70,70,70,70,70,70,70,70,70,70,70],"card_choices":[{"not_picked":["Blade Dance","Dodge and Roll"],"picked":"Cloak And Dagger","floor":1.0},{"not_picked":["Choke","Well Laid Plans"],"picked":"Blade Dance","floor":2.0},{"not_picked":["Predator","Eviscerate"],"picked":"Deadly Poison","floor":6.0},{"not_picked":["Backflip","Quick Slash"],"picked":"Cloak And Dagger","floor":7.0},{"not_picked":["Deflect","Blur"],"picked":"Blade Dance","floor":8.0},{"not_picked":["Blade Dance","Quick Slash+1"],"picked":"All Out Attack+1","floor":10.0},{"not_picked":["Deflect","Setup","Underhanded Strike+1"],"picked":"SKIP","floor":11.0},{"not_picked":["Sucker Punch+1","Quick Slash+1"],"picked":"Accuracy","floor":14.0},{"not_picked":["Malaise","Storm of Steel"],"picked":"Envenom","floor":16.0},{"not_picked":["Poisoned Stab+1","Endless Agony+1"],"picked":"Backstab+1","floor":18.0},{"not_picked":["Acrobatics","Flying Knee+1"],"picked":"Deflect","floor":19.0},{"not_picked":["Bane+1","Well Laid Plans"],"picked":"Blade Dance+1","floor":23.0},{"not_picked":["Dagger Throw+1","Flying Knee+1"],"picked":"Backstab+1","floor":24.0},{"not_picked":["Masterful Stab+1","Envenom"],"picked":"Backflip+1","floor":25.0},{"not_picked":["Endless Agony+1","Bane+1"],"picked":"Cloak And Dagger+1","floor":29.0},{"not_picked":["Underhanded Strike+1","Choke+1"],"picked":"Cloak And Dagger+1","floor":30.0},{"not_picked":["Dagger Spray+1","Underhanded Strike+1"],"picked":"Deadly Poison+1","floor":31.0},{"not_picked":["Adrenaline+1","Bullet Time+1"],"picked":"After Image","floor":33},{"not_picked":["Caltrops","Eviscerate+1"],"picked":"Noxious Fumes+1","floor":35},{"not_picked":["Sucker Punch+1","Leg Sweep+1"],"picked":"Catalyst+1","floor":36},{"not_picked":["Quick Slash+1","Dagger Spray+1"],"picked":"Dodge and Roll+1","floor":41},{"not_picked":["Crippling Poison+1","Quick Slash+1"],"picked":"Slice+1","floor":48}],"player_experience":528778,"relics_obtained":[{"floor":6.0,"key":"Gambling Chip"},{"floor":9.0,"key":"Molten Egg 2"},{"floor":10.0,"key":"Girya"},{"floor":21.0,"key":"Anchor"},{"floor":23.0,"key":"Toxic Egg 2"},{"floor":26.0,"key":"Snake Skull"},{"floor":31.0,"key":"Bag of Marbles"},{"floor":41,"key":"Calipers"},{"floor":43,"key":"Blood Vial"},{"floor":45,"key":"Whetstone"},{"floor":47,"key":"War Paint"},{"floor":48,"key":"Kunai"}],"event_choices":[{"damage_healed":0.0,"max_hp_gain":0.0,"max_hp_loss":0.0,"gold_gain":0.0,"event_name":"Scrap Ooze","player_choice":"Success","floor":3.0,"gold_loss":0.0,"damage_taken":12.0,"relics_obtained":["PreservedInsect"]},{"damage_healed":0.0,"max_hp_gain":0.0,"max_hp_loss":0.0,"gold_gain":275.0,"event_name":"Golden Shrine","player_choice":"Desecrate","floor":4.0,"gold_loss":0.0,"damage_taken":0.0,"cards_obtained":["Regret"]},{"damage_healed":0.0,"max_hp_gain":0.0,"max_hp_loss":0.0,"gold_gain":0.0,"event_name":"Wheel of Change","player_choice":"Damaged","floor":12.0,"gold_loss":0.0,"damage_taken":7.0},{"damage_healed":0.0,"max_hp_gain":0.0,"max_hp_loss":0.0,"gold_gain":0.0,"cards_transformed":["Strike_G"],"event_name":"Transmorgrifier","player_choice":"Transformed","floor":28.0,"gold_loss":0.0,"damage_taken":0.0,"cards_obtained":["Catalyst"]},{"cards_removed":["Caltrops"],"damage_healed":0,"gold_gain":0,"player_choice":"Removed Power","damage_taken":0,"max_hp_gain":0,"max_hp_loss":0,"event_name":"Falling","floor":38,"gold_loss":0}],"is_beta":false,"boss_relics":[{"not_picked":["Fusion Hammer","White Beast Statue"],"picked":"WristBlade"},{"not_picked":["Orrery","Black Star"],"picked":"Lizard Tail"}],"items_purged_floors":[5],"is_endless":false,"potions_floor_spawned":[1,2,6,8,16,23,24,29,30,41,48],"ascension_level":10}