{"gold_per_floor":[114,114,114,129,149,175,187,227,263,275,287,299,338,350,362,374],"floor_reached":16,"playtime":645,"items_purged":[],"score":157,"play_id":"65c40a7e-dd36-4f51-b929-ba521a0a9375","local_time":"20191008164435","is_ascension_mode":true,"campfire_choices":[{"data":"Sentinel","floor":7.0,"key":"SMITH"},{"data":"Shrug It Off","floor":10.0,"key":"SMITH"},{"floor":15,"key":"REST"}],"neow_cost":"NONE","seed_source_timestamp":110744260993500,"circlet_count":0,"master_deck":["Strike_R","Strike_R","Strike_R","Defend_R","Defend_R","Defend_R+1","Defend_R","Bash","Pommel Strike","Sword Boomerang","Second Wind","Shrug It Off+1","Sentinel+1","Seeing Red+1","Spot Weakness"],"special_seed":0,"relics":["Burning Blood","MawBank","Boot","Strawberry"],"potions_floor_usage":[16],"damage_taken":[{"damage":0.0,"enemies":"2 Louse","floor":1.0,"turns":3.0},{"damage":9.0,"enemies":"Jaw Worm","floor":4.0,"turns":3.0},{"damage":0.0,"enemies":"Cultist","floor":5.0,"turns":3.0},{"damage":14.0,"enemies":"Gremlin Nob","floor":6.0,"turns":3.0},{"damage":36.0,"enemies":"3 Sentries","floor":8.0,"turns":11.0},{"damage":32.0,"enemies":"Lagavulin","floor":13.0,"turns":7.0},{"damage":50,"enemies":"Hexaghost","floor":16,"turns":11}],"seed_played":"-5329984854940771862","potions_obtained":[{"floor":1.0,"key":"SkillPotion"},{"floor":5.0,"key":"BloodPotion"},{"floor":13.0,"key":"SkillPotion"}],"is_trial":false,"path_per_floor":["M","?","?","M","M","E","R","E","T","R","?","?","E","?","R","B"],"character_chosen":"IRONCLAD","items_purchased":[],"campfire_rested":1,"item_purchase_floors":[],"current_hp_per_floor":[78,83,83,80,85,77,77,47,54,54,54,47,39,21,48,0],"gold":374,"neow_bonus":"THREE_CARDS","is_prod":false,"is_daily":false,"chose_seed":false,"campfire_upgraded":2,"win_rate":0,"timestamp":1570545875,"path_taken":["M","?","?","?","M","E","R","E","T","R","?","?","E","?","R","BOSS"],"build_version":"2019-10-07","purchased_purges":0,"victory":false,"max_hp_per_floor":[80,85,85,85,85,85,85,85,92,92,92,92,92,92,92,92],"card_choices":[{"not_picked":["Blood for Blood","Sever Soul"],"picked":"Pommel Strike","floor":0.0},{"not_picked":["Blood for Blood","Body Slam"],"picked":"Sword Boomerang","floor":1.0},{"not_picked":["Sword Boomerang","Shrug It Off"],"picked":"Second Wind","floor":4.0},{"not_picked":["Corruption","Perfected Strike"],"picked":"Shrug It Off","floor":5.0},{"not_picked":["Metallicize","Uppercut"],"picked":"Sentinel","floor":6.0},{"not_picked":["Warcry","Sword Boomerang"],"picked":"Seeing Red","floor":8.0},{"not_picked":["Dropkick","True Grit"],"picked":"Spot Weakness","floor":13.0}],"player_experience":475833,"relics_obtained":[{"floor":6.0,"key":"MawBank"},{"floor":8.0,"key":"Boot"},{"floor":9.0,"key":"Strawberry"}],"event_choices":[{"damage_healed":0.0,"max_hp_gain":5.0,"max_hp_loss":0.0,"gold_gain":0.0,"event_name":"Big Fish","player_choice":"Donut","floor":2.0,"gold_loss":0.0,"damage_taken":0.0},{"cards_removed":["Strike_R"],"damage_healed":0.0,"max_hp_gain":0.0,"max_hp_loss":0.0,"gold_gain":0.0,"event_name":"Bonfire Elementals","player_choice":"Offered Basic","floor":3.0,"gold_loss":0.0,"damage_taken":0.0},{"damage_healed":0.0,"max_hp_gain":0.0,"max_hp_loss":0.0,"gold_gain":0.0,"event_name":"Liars Game","player_choice":"Ignored","floor":11.0,"gold_loss":0.0,"damage_taken":0.0},{"cards_removed":["Strike_R"],"damage_healed":0.0,"max_hp_gain":0.0,"max_hp_loss":0.0,"gold_gain":0.0,"event_name":"Golden Wing","player_choice":"Card Removal","floor":12.0,"gold_loss":0.0,"damage_taken":7.0},{"damage_healed":0,"gold_gain":0,"player_choice":"Entered Light","damage_taken":18,"max_hp_gain":0,"max_hp_loss":0,"event_name":"Shining Light","floor":14,"gold_loss":0,"cards_upgraded":["Seeing Red","Defend_R"]}],"is_beta":true,"boss_relics":[],"items_purged_floors":[],"is_endless":false,"potions_floor_spawned":[1,5,13],"killed_by":"Hexaghost","ascension_level":7}