{"gold_per_floor":[112,132,33,51,51,51,70,70,70,98,173,173,192,192,192,192],"floor_reached":16,"playtime":581,"items_purged":["Defend_R"],"score":195,"play_id":"32ef2b2e-629e-4b90-8347-da4a36eb02cc","local_time":"20190501032930","is_ascension_mode":true,"campfire_choices":[{"floor":6,"key":"REST"},{"floor":12,"key":"REST"},{"floor":15,"key":"REST"}],"neow_cost":"NONE","seed_source_timestamp":834605081851589,"circlet_count":0,"master_deck":["AscendersBane","Strike_R","Strike_R","Strike_R","Strike_R","Strike_R","Defend_R","Defend_R","Bash+1","Shrug It Off","Clothesline","Clash","Perfected Strike","Perfected Strike","Ghostly Armor","Shrug It Off"],"relics":["Runic Cube","Ornamental Fan","Ancient Tea Set"],"potions_floor_usage":[10],"damage_taken":[{"damage":18,"enemies":"Cultist","floor":1,"turns":5},{"damage":11,"enemies":"Jaw Worm","floor":2,"turns":5},{"damage":4,"enemies":"Small Slimes","floor":4,"turns":3},{"damage":6,"enemies":"Looter","floor":7,"turns":3},{"damage":22,"enemies":"Lagavulin","floor":10,"turns":5},{"damage":1,"enemies":"Gremlin Gang","floor":13,"turns":3},{"damage":66,"enemies":"Slime Boss","floor":16,"turns":9}],"seed_played":"3486025180681419610","potions_obtained":[{"floor":2,"key":"Fire Potion"}],"is_trial":false,"path_per_floor":["M","M","$","M","?","R","M","$","T","E","?","R","M","?","R","B"],"character_chosen":"IRONCLAD","items_purchased":["Clash"],"campfire_rested":3,"item_purchase_floors":[3],"current_hp_per_floor":[50,39,39,35,35,57,51,51,51,29,18,40,39,39,61,0],"gold":192,"neow_bonus":"BOSS_RELIC","is_prod":false,"is_daily":false,"chose_seed":false,"campfire_upgraded":0,"win_rate":0,"timestamp":1556699370,"path_taken":["M","M","$","?","?","R","?","$","T","E","?","R","M","?","R","BOSS"],"build_version":"2019-01-23","purchased_purges":1,"victory":false,"max_hp_per_floor":[75,75,75,75,75,75,75,75,75,75,75,75,75,75,75,75],"card_choices":[{"not_picked":["Dual Wield","Sword Boomerang"],"picked":"Shrug It Off","floor":1},{"not_picked":["Rampage","Anger"],"picked":"Clothesline","floor":2},{"not_picked":["Heavy Blade","Anger"],"picked":"Perfected Strike","floor":4},{"not_picked":["Iron Wave","Heavy Blade"],"picked":"Perfected Strike","floor":7},{"not_picked":["Juggernaut","Armaments"],"picked":"Ghostly Armor","floor":10},{"not_picked":["Battle Trance","Wild Strike"],"picked":"Shrug It Off","floor":13}],"player_experience":586238,"relics_obtained":[{"floor":9,"key":"Ornamental Fan"},{"floor":10,"key":"Ancient Tea Set"}],"event_choices":[{"cards_removed":["Defend_R"],"damage_healed":0,"gold_gain":0,"player_choice":"Purged","damage_taken":0,"max_hp_gain":0,"max_hp_loss":0,"event_name":"Purifier","floor":5,"gold_loss":0},{"damage_healed":0,"gold_gain":75,"player_choice":"Gather Gold","damage_taken":11,"max_hp_gain":0,"max_hp_loss":0,"event_name":"World of Goop","floor":11,"gold_loss":0},{"damage_healed":0,"gold_gain":0,"player_choice":"Upgraded","damage_taken":0,"max_hp_gain":0,"max_hp_loss":0,"event_name":"Upgrade Shrine","floor":14,"gold_loss":0,"cards_upgraded":["Bash"]}],"is_beta":false,"boss_relics":[],"items_purged_floors":[3],"is_endless":false,"potions_floor_spawned":[2],"killed_by":"Slime Boss","ascension_level":19}