{"gold_per_floor":[113,127,139,155,4,33,33,58,81,95,95,95,95,20,20,95,95,110,10,28,42,42,42,69,69,69,69,96,46,46,64,64,64],"floor_reached":33,"playtime":1698,"items_purged":["Defend_R","Defend_R"],"score":527,"play_id":"5bea22e3-eb84-49fe-a3f3-36186c5b7e21","local_time":"20190425164107","is_ascension_mode":true,"campfire_choices":[{"floor":11,"key":"REST"},{"data":"Bash","floor":13,"key":"SMITH"},{"data":"Clash","floor":15,"key":"SMITH"},{"floor":23,"key":"REST"},{"floor":25,"key":"REST"},{"floor":32,"key":"REST"}],"neow_cost":"NONE","seed_source_timestamp":362558138713408,"circlet_count":0,"master_deck":["AscendersBane","Strike_R","Strike_R","Strike_R","Strike_R","Strike_R","Defend_R+1","Defend_R","Bash+1","Immolate+1","Second Wind+1","Clash+1","Shockwave+1","Offering","Battle Trance","Shrug It Off+1","Exhume","Uppercut+1","Dual Wield","Bash"],"relics":["Burning Blood","Juzu Bracelet","Anchor","War Paint","Busted Crown","Enchiridion","Boot","Strawberry","Mummified Hand"],"potions_floor_usage":[4,6,16,28,31,33],"damage_taken":[{"damage":8,"enemies":"Cultist","floor":1,"turns":4},{"damage":2,"enemies":"Small Slimes","floor":2,"turns":4},{"damage":2,"enemies":"Jaw Worm","floor":3,"turns":3},{"damage":0,"enemies":"Exordium Thugs","floor":4,"turns":4},{"damage":18,"enemies":"Gremlin Nob","floor":6,"turns":3},{"damage":36,"enemies":"3 Sentries","floor":8,"turns":5},{"damage":4,"enemies":"Lots of Slimes","floor":10,"turns":3},{"damage":50,"enemies":"Hexaghost","floor":16,"turns":10},{"damage":6,"enemies":"Chosen","floor":18,"turns":3},{"damage":12,"enemies":"Spheric Guardian","floor":20,"turns":3},{"damage":8,"enemies":"Snecko","floor":21,"turns":5},{"damage":35,"enemies":"Gremlin Leader","floor":24,"turns":4},{"damage":26,"enemies":"Book of Stabbing","floor":28,"turns":4},{"damage":6,"enemies":"Snake Plant","floor":31,"turns":2},{"damage":75,"enemies":"Champ","floor":33,"turns":9}],"seed_played":"-4445513885461303624","potions_obtained":[{"floor":3,"key":"AttackPotion"},{"floor":4,"key":"Energy Potion"},{"floor":10,"key":"Regen Potion"},{"floor":20,"key":"Swift Potion"},{"floor":24,"key":"BloodPotion"},{"floor":28,"key":"Swift Potion"},{"floor":31,"key":"Fruit Juice"}],"is_trial":false,"path_per_floor":["M","M","M","M","$","E","?","E","T","M","R","?","R","$","R","B",null,"M","$","M","M","?","R","E","R","T","?","E","?","?","M","R","B"],"character_chosen":"IRONCLAD","items_purchased":["Offering"],"campfire_rested":4,"item_purchase_floors":[5],"current_hp_per_floor":[66,70,74,75,75,63,63,33,33,35,57,57,57,57,57,28,63,63,63,57,55,34,56,27,49,56,56,44,44,44,49,75,0],"gold":64,"neow_bonus":"ONE_RANDOM_RARE_CARD","is_prod":false,"is_daily":false,"chose_seed":false,"campfire_upgraded":2,"win_rate":0,"timestamp":1556228467,"path_taken":["M","M","M","?","$","E","?","E","T","M","R","?","R","?","R","BOSS","M","$","M","M","?","R","E","R","T","?","E","?","?","M","R","BOSS"],"build_version":"2019-01-23","purchased_purges":2,"victory":false,"max_hp_per_floor":[75,75,75,75,75,75,75,75,75,75,75,75,75,75,75,75,75,75,75,75,75,75,75,75,75,82,82,82,82,82,87,87,87],"card_choices":[{"not_picked":["Clothesline","Whirlwind"],"picked":"Second Wind","floor":1},{"not_picked":["Intimidate","Perfected Strike"],"picked":"Clash","floor":2},{"not_picked":["Clothesline","Armaments"],"picked":"Shockwave","floor":3},{"not_picked":["True Grit","Rage","Searing Blow"],"picked":"SKIP","floor":4},{"not_picked":["Clothesline","Reckless Charge","Battle Trance"],"picked":"SKIP","floor":6},{"not_picked":["Clothesline","Reckless Charge"],"picked":"Battle Trance","floor":6},{"not_picked":["Searing Blow","Pummel"],"picked":"Shrug It Off","floor":8},{"not_picked":["Rampage","Iron Wave","Anger"],"picked":"SKIP","floor":10},{"not_picked":["Limit Break","Brutality"],"picked":"Exhume","floor":16},{"not_picked":["Sword Boomerang"],"picked":"SKIP","floor":18},{"not_picked":["Intimidate"],"picked":"SKIP","floor":20},{"not_picked":[],"picked":"Uppercut+1","floor":21},{"not_picked":["Heavy Blade"],"picked":"SKIP","floor":24},{"not_picked":[],"picked":"Dual Wield","floor":28},{"not_picked":["Rage"],"picked":"SKIP","floor":31}],"player_experience":548716,"relics_obtained":[{"floor":6,"key":"Juzu Bracelet"},{"floor":8,"key":"Anchor"},{"floor":9,"key":"War Paint"},{"floor":22,"key":"Enchiridion"},{"floor":24,"key":"Boot"},{"floor":26,"key":"Strawberry"},{"floor":28,"key":"Mummified Hand"}],"event_choices":[{"damage_healed":0,"gold_gain":0,"player_choice":"Forge","damage_taken":0,"max_hp_gain":0,"max_hp_loss":0,"event_name":"Accursed Blacksmith","floor":7,"gold_loss":0,"cards_upgraded":["Shockwave"]},{"damage_healed":0,"gold_gain":0,"player_choice":"Upgraded","damage_taken":0,"max_hp_gain":0,"max_hp_loss":0,"event_name":"Upgrade Shrine","floor":12,"gold_loss":0,"cards_upgraded":["Immolate"]},{"damage_healed":0,"gold_gain":0,"player_choice":"Obtained Book","damage_taken":21,"max_hp_gain":0,"max_hp_loss":0,"event_name":"Cursed Tome","floor":22,"gold_loss":0},{"damage_healed":0,"gold_gain":0,"player_choice":"Upgraded","damage_taken":0,"max_hp_gain":0,"max_hp_loss":0,"event_name":"Upgrade Shrine","floor":27,"gold_loss":0,"cards_upgraded":["Second Wind"]},{"damage_healed":0,"gold_gain":0,"player_choice":"Bet on Murderer","damage_taken":0,"max_hp_gain":0,"max_hp_loss":0,"event_name":"The Joust","floor":29,"gold_loss":50},{"damage_healed":0,"gold_gain":0,"player_choice":"1 cards matched","damage_taken":0,"max_hp_gain":0,"max_hp_loss":0,"event_name":"Match and Keep!","floor":30,"gold_loss":0,"cards_obtained":["Bash"]},{"damage_healed":0,"gold_gain":0,"player_choice":"1 cards matched","damage_taken":0,"max_hp_gain":0,"max_hp_loss":0,"event_name":"Match and Keep!","floor":30,"gold_loss":0,"cards_obtained":["Bash"]},{"damage_healed":0,"gold_gain":0,"player_choice":"1 cards matched","damage_taken":0,"max_hp_gain":0,"max_hp_loss":0,"event_name":"Match and Keep!","floor":30,"gold_loss":0,"cards_obtained":["Bash"]}],"is_beta":false,"boss_relics":[{"not_picked":["White Beast Statue","Runic Cube"],"picked":"Busted Crown"}],"items_purged_floors":[14,19],"is_endless":false,"potions_floor_spawned":[3,4,10,20,24,28,31],"killed_by":"Champ","ascension_level":16}