{"gold_per_floor":[118,118,131,1,16,16,36,36,36,61,71,106,106,140,140,213,213,225,239,239,142,142,173,173,201,227,238,238],"floor_reached":28,"playtime":1360,"items_purged":["Strike_B"],"score":852,"play_id":"b589680f-55cc-487f-bbc8-07dc7217da1a","local_time":"20191012004314","is_ascension_mode":true,"campfire_choices":[{"data":"Fission","floor":6.0,"key":"SMITH"},{"data":"Sunder","floor":8.0,"key":"SMITH"},{"data":"Doom and Gloom","floor":13.0,"key":"SMITH"},{"data":"Dualcast","floor":15.0,"key":"SMITH"},{"data":"Loop","floor":24.0,"key":"SMITH"}],"neow_cost":"NONE","seed_source_timestamp":13225116367932,"circlet_count":0,"master_deck":["AscendersBane","Strike_B+1","Strike_B+1","Strike_B+1","Defend_B+1","Defend_B+1","Defend_B+1","Defend_B+1","Zap","Dualcast+1","Fission+1","Ball Lightning","Barrage","Cold Snap","Sunder+1","Sweeping Beam","Doom and Gloom+1","Seek","White Noise+1","Fusion+1","Loop+1","Chill","Chill+1"],"special_seed":0,"relics":["Cracked Core","Darkstone Periapt","Singing Bowl","Dream Catcher","Bronze Scales","Philosopher\u0027s Stone","Mummified Hand","Boot","Juzu Bracelet"],"potions_floor_usage":[28],"damage_taken":[{"damage":4.0,"enemies":"Small Slimes","floor":1.0,"turns":3.0},{"damage":4.0,"enemies":"Jaw Worm","floor":3.0,"turns":3.0},{"damage":2.0,"enemies":"Cultist","floor":5.0,"turns":4.0},{"damage":1.0,"enemies":"Looter","floor":7.0,"turns":3.0},{"damage":0.0,"enemies":"Gremlin Nob","floor":10.0,"turns":3.0},{"damage":8.0,"enemies":"Large Slime","floor":11.0,"turns":5.0},{"damage":20.0,"enemies":"Lagavulin","floor":12.0,"turns":4.0},{"damage":4.0,"enemies":"Gremlin Nob","floor":14.0,"turns":3.0},{"damage":34.0,"enemies":"The Guardian","floor":16.0,"turns":8.0},{"damage":2.0,"enemies":"2 Thieves","floor":18.0,"turns":2.0},{"damage":0.0,"enemies":"Chosen","floor":19.0,"turns":2.0},{"damage":0.0,"enemies":"Gremlin Leader","floor":23.0,"turns":6.0},{"damage":25.0,"enemies":"Slavers","floor":25.0,"turns":2.0},{"damage":6.0,"enemies":"3 Cultists","floor":27.0,"turns":4.0},{"damage":28,"enemies":"Book of Stabbing","floor":28,"turns":3}],"seed_played":"-4072875683711032819","potions_obtained":[{"floor":5.0,"key":"SkillPotion"},{"floor":7.0,"key":"Regen Potion"},{"floor":10.0,"key":"Explosive Potion"},{"floor":12.0,"key":"Weak Potion"},{"floor":19.0,"key":"Strength Potion"},{"floor":23.0,"key":"Explosive Potion"},{"floor":25.0,"key":"Swift Potion"}],"is_trial":false,"path_per_floor":["M","?","M","$","M","R","M","R","T","E","M","E","R","E","R","B",null,"M","M","?","$","?","E","R","E","T","M","E"],"character_chosen":"DEFECT","items_purchased":["Block Potion","Loop","Explosive Potion"],"campfire_rested":0,"item_purchase_floors":[4,21,21],"current_hp_per_floor":[60,60,56,56,54,54,53,53,53,55,61,41,41,39,39,5,58,56,56,56,56,56,58,58,33,33,27,0],"gold":238,"neow_bonus":"ONE_RANDOM_RARE_CARD","is_prod":false,"is_daily":false,"chose_seed":false,"campfire_upgraded":5,"win_rate":0,"timestamp":1570858994,"path_taken":["M","?","M","$","M","R","M","R","T","E","M","E","R","E","R","BOSS","M","M","?","$","?","E","R","E","T","M","E"],"build_version":"2019-07-17","purchased_purges":1,"victory":false,"max_hp_per_floor":[71,71,71,71,71,71,71,71,71,73,73,73,73,75,75,75,75,75,75,75,75,75,77,77,77,77,77,77],"card_choices":[{"not_picked":["Rebound","Redo"],"picked":"Ball Lightning","floor":1.0},{"not_picked":["Reinforced Body","Genetic Algorithm"],"picked":"Barrage","floor":3.0},{"not_picked":["Steam Power","Double Energy"],"picked":"Cold Snap","floor":5.0},{"not_picked":["Conserve Battery","Lockon"],"picked":"Sunder","floor":7.0},{"not_picked":["Redo","Barrage","Thunder Strike"],"picked":"Singing Bowl","floor":10.0},{"not_picked":["Double Energy","Skim"],"picked":"Sweeping Beam","floor":11.0},{"not_picked":["Cold Snap","Stack"],"picked":"Doom and Gloom","floor":12.0},{"not_picked":["Leap","Go for the Eyes","Beam Cell"],"picked":"Singing Bowl","floor":14.0},{"not_picked":["Meteor Strike","Echo Form"],"picked":"Seek","floor":16.0},{"not_picked":["Skim","Streamline"],"picked":"White Noise+1","floor":18.0},{"not_picked":["Stack","Conserve Battery"],"picked":"Fusion+1","floor":19.0},{"not_picked":["Fission","Barrage","Streamline"],"picked":"Singing Bowl","floor":23.0},{"not_picked":["Go for the Eyes","Steam+1"],"picked":"Chill","floor":25.0},{"not_picked":["Stack","Steam+1"],"picked":"Chill+1","floor":27.0}],"player_experience":325056,"relics_obtained":[{"floor":9.0,"key":"Darkstone Periapt"},{"floor":10.0,"key":"Singing Bowl"},{"floor":12.0,"key":"Dream Catcher"},{"floor":14.0,"key":"Bronze Scales"},{"floor":23.0,"key":"Mummified Hand"},{"floor":25.0,"key":"Boot"},{"floor":26.0,"key":"Juzu Bracelet"}],"event_choices":[{"damage_healed":0.0,"max_hp_gain":0.0,"max_hp_loss":0.0,"gold_gain":0.0,"event_name":"Liars Game","player_choice":"Ignored","floor":2.0,"gold_loss":0.0,"damage_taken":0.0},{"damage_healed":0.0,"max_hp_gain":0.0,"max_hp_loss":0.0,"gold_gain":0.0,"event_name":"Back to Basics","player_choice":"Simplicity","floor":20.0,"gold_loss":0.0,"damage_taken":0.0,"cards_upgraded":["Strike_B","Strike_B","Strike_B","Defend_B","Defend_B","Defend_B","Defend_B"]},{"damage_healed":0.0,"max_hp_gain":0.0,"max_hp_loss":0.0,"gold_gain":0.0,"event_name":"The Mausoleum","player_choice":"Ignored","floor":22.0,"gold_loss":0.0,"damage_taken":0.0}],"is_beta":false,"boss_relics":[{"not_picked":["Black Star","Runic Dome"],"picked":"Philosopher\u0027s Stone"}],"items_purged_floors":[4],"is_endless":false,"potions_floor_spawned":[5,7,10,12,19,23,25],"killed_by":"Book of Stabbing","ascension_level":20}