{"gold_per_floor":[410,66,86,86,98,98,114,114,114,114,133,148,163,163,163,238,238,252,239,139,94,111,111],"floor_reached":23,"playtime":1117,"items_purged":["Defend_R","Strike_R"],"score":324,"play_id":"bcd790d9-243b-43aa-a045-011186c03b5b","local_time":"20190423184000","is_ascension_mode":true,"campfire_choices":[{"data":"Pommel Strike","floor":6,"key":"SMITH"},{"data":"Bash","floor":8,"key":"SMITH"},{"data":"Clash","floor":10,"key":"SMITH"},{"data":"Clash","floor":15,"key":"SMITH"}],"neow_cost":"PERCENT_DAMAGE","seed_source_timestamp":197463395215810,"circlet_count":0,"master_deck":["AscendersBane","Strike_R","Strike_R","Strike_R","Strike_R","Defend_R","Defend_R","Defend_R","Bash+1","Clash+1","Pommel Strike+1","Clash+1","Warcry+1","Shrug It Off"],"relics":["Black Blood","Old Coin","Sundial","Dream Catcher"],"potions_floor_usage":[14,22],"damage_taken":[{"damage":15,"enemies":"Small Slimes","floor":1,"turns":3},{"damage":6,"enemies":"Cultist","floor":3,"turns":4},{"damage":18,"enemies":"Jaw Worm","floor":5,"turns":4},{"damage":15,"enemies":"Gremlin Gang","floor":7,"turns":4},{"damage":9,"enemies":"Red Slaver","floor":11,"turns":2},{"damage":0,"enemies":"3 Louse","floor":12,"turns":3},{"damage":12,"enemies":"2 Fungi Beasts","floor":13,"turns":2},{"damage":41,"enemies":"The Guardian","floor":16,"turns":9},{"damage":22,"enemies":"Spheric Guardian","floor":18,"turns":4},{"damage":34,"enemies":"2 Thieves","floor":19,"turns":4},{"damage":24,"enemies":"Snake Plant","floor":22,"turns":4},{"damage":21,"enemies":"Cultist and Chosen","floor":23,"turns":4}],"seed_played":"-9200620857810121375","potions_obtained":[{"floor":5,"key":"Ancient Potion"},{"floor":7,"key":"Poison Potion"},{"floor":14,"key":"Fruit Juice"},{"floor":14,"key":"AttackPotion"},{"floor":16,"key":"LiquidBronze"},{"floor":19,"key":"Energy Potion"}],"is_trial":false,"path_per_floor":["M","$","M","?","M","R","M","R","T","R","M","M","M","?","R","B",null,"M","M","$","$","M","M"],"character_chosen":"IRONCLAD","items_purchased":["Sundial","Clash","Shrug It Off"],"campfire_rested":0,"item_purchase_floors":[2,2,21],"current_hp_per_floor":[41,41,41,75,63,63,54,54,54,54,51,57,51,56,56,21,65,53,29,29,29,15,0],"gold":111,"neow_bonus":"ONE_RARE_RELIC","is_prod":false,"is_daily":false,"chose_seed":false,"campfire_upgraded":4,"win_rate":0,"timestamp":1556062800,"path_taken":["M","$","M","?","M","R","M","R","T","R","M","?","M","?","R","BOSS","M","?","?","$","M","M"],"build_version":"2019-01-23","purchased_purges":2,"victory":false,"max_hp_per_floor":[75,75,75,75,75,75,75,75,75,75,75,75,75,80,80,80,80,80,80,80,80,80,80],"card_choices":[{"not_picked":["Armaments","Fire Breathing"],"picked":"Flame Barrier","floor":1},{"not_picked":["Iron Wave","Disarm","Fire Breathing"],"picked":"SKIP","floor":3},{"not_picked":["Corruption","Flex"],"picked":"Pommel Strike","floor":5},{"not_picked":["True Grit","Headbutt","Sword Boomerang"],"picked":"SKIP","floor":7},{"not_picked":["True Grit","Headbutt","Sword Boomerang"],"picked":"SKIP","floor":7},{"not_picked":["Inflame","Sever Soul","Cleave"],"picked":"SKIP","floor":11},{"not_picked":["Heavy Blade","Clothesline"],"picked":"Clash","floor":12},{"not_picked":["True Grit","Havoc","Warcry"],"picked":"SKIP","floor":13},{"not_picked":["True Grit","Havoc","Warcry"],"picked":"SKIP","floor":13},{"not_picked":["True Grit+1","Flex"],"picked":"Warcry+1","floor":18},{"not_picked":["Searing Blow+1","Armaments+1","Cleave"],"picked":"SKIP","floor":19},{"not_picked":["Uppercut","Flame Barrier","Infernal Blade"],"picked":"SKIP","floor":22}],"player_experience":509271,"relics_obtained":[{"floor":9,"key":"Dream Catcher"}],"event_choices":[{"cards_removed":["Flame Barrier"],"damage_healed":34,"gold_gain":0,"player_choice":"Offered Uncommon","damage_taken":0,"max_hp_gain":0,"max_hp_loss":0,"event_name":"Bonfire Elementals","floor":4,"gold_loss":0},{"damage_healed":0,"gold_gain":0,"player_choice":"Got Potions","damage_taken":0,"max_hp_gain":0,"max_hp_loss":0,"event_name":"Lab","floor":14,"gold_loss":0}],"is_beta":false,"boss_relics":[{"not_picked":["White Beast Statue","Eternal Feather"],"picked":"Black Blood"}],"items_purged_floors":[2,20],"is_endless":false,"potions_floor_spawned":[5,7,11,16,19],"killed_by":"Cultist and Chosen","ascension_level":15}