{"gold_per_floor":[139,171,171,27,85,135,135,200,225,237,311,5,5,72,72,170,170,214,249,291,291,216,216,273,343,343,403,403,442,45,135,135,231,231,271,271,312,376,85,145,257,257,257,257,335,335,335,378,378,403],"floor_reached":51,"playtime":5184,"items_purged":["Strike_R","Strike_R","Strike_R"],"score":1254,"play_id":"5785a923-77ac-4727-818a-cb364f63e0c5","local_time":"20191017235610","is_ascension_mode":true,"campfire_choices":[{"data":"True Grit","floor":7.0,"key":"SMITH"},{"data":"HandOfGreed","floor":10.0,"key":"SMITH"},{"data":"Iron Wave","floor":15.0,"key":"SMITH"},{"data":"Demon Form","floor":23.0,"key":"SMITH"},{"floor":28.0,"key":"REST"},{"data":"Shockwave","floor":32.0,"key":"SMITH"},{"data":"Heavy Blade","floor":42,"key":"SMITH"},{"data":"Metallicize","floor":44,"key":"SMITH"},{"floor":47,"key":"DIG"},{"floor":49,"key":"DIG"}],"neow_cost":"CURSE","seed_source_timestamp":73702552085500,"circlet_count":0,"master_deck":["AscendersBane","Defend_R","Defend_R","Defend_R","Defend_R","Bash","Good Instincts","HandOfGreed+1","Iron Wave+1","True Grit+1","Demon Form+1","Anger","Fiend Fire","Heavy Blade+1","Ghostly Armor+1","Metallicize+1","Barricade","Shockwave+1","Reaper","Entrench","Metallicize+1","Thunderclap+1"],"special_seed":0,"relics":["Burning Blood","Vajra","Boot","Lantern","MawBank","Shuriken","Snecko Eye","Self Forming Clay","Bag of Marbles","Strawberry","Turnip","Busted Crown","Anchor","Bag of Preparation","Shovel","Sundial","Mummified Hand"],"potions_floor_usage":[45],"damage_taken":[{"damage":2.0,"enemies":"2 Louse","floor":1.0,"turns":3.0},{"damage":16.0,"enemies":"Cultist","floor":2.0,"turns":5.0},{"damage":1.0,"enemies":"Small Slimes","floor":5.0,"turns":4.0},{"damage":21.0,"enemies":"Lagavulin","floor":6.0,"turns":7.0},{"damage":17.0,"enemies":"3 Sentries","floor":8.0,"turns":10.0},{"damage":8.0,"enemies":"Exordium Wildlife","floor":11.0,"turns":4.0},{"damage":8.0,"enemies":"Large Slime","floor":14.0,"turns":7.0},{"damage":8.0,"enemies":"The Guardian","floor":16.0,"turns":10.0},{"damage":0.0,"enemies":"Chosen","floor":18.0,"turns":3.0},{"damage":27.0,"enemies":"Spheric Guardian","floor":19.0,"turns":4.0},{"damage":3.0,"enemies":"Snecko","floor":20.0,"turns":4.0},{"damage":20.0,"enemies":"Slavers","floor":24.0,"turns":6.0},{"damage":1.0,"enemies":"Cultist and Chosen","floor":25.0,"turns":6.0},{"damage":32.0,"enemies":"Book of Stabbing","floor":27.0,"turns":6.0},{"damage":15.0,"enemies":"Shelled Parasite and Fungi","floor":29.0,"turns":3.0},{"damage":0.0,"enemies":"3 Cultists","floor":31.0,"turns":5.0},{"damage":16.0,"enemies":"Automaton","floor":33.0,"turns":8.0},{"damage":5.0,"enemies":"Orb Walker","floor":35.0,"turns":3.0},{"damage":9.0,"enemies":"3 Darklings","floor":37.0,"turns":4.0},{"damage":10.0,"enemies":"Jaw Worm Horde","floor":38.0,"turns":5.0},{"damage":0.0,"enemies":"Nemesis","floor":40.0,"turns":15.0},{"damage":0,"enemies":"4 Shapes","floor":41,"turns":9},{"damage":49,"enemies":"2 Orb Walkers","floor":45,"turns":6},{"damage":0,"enemies":"Spire Growth","floor":48,"turns":18},{"damage":16,"enemies":"Donu and Deca","floor":50,"turns":12}],"seed_played":"6315893802786817681","potions_obtained":[{"floor":1.0,"key":"Poison Potion"},{"floor":2.0,"key":"Dexterity Potion"},{"floor":11.0,"key":"EntropicBrew"},{"floor":14.0,"key":"Swift Potion"},{"floor":19.0,"key":"Block Potion"},{"floor":25.0,"key":"BloodPotion"},{"floor":27.0,"key":"Weak Potion"},{"floor":33.0,"key":"Energy Potion"},{"floor":35.0,"key":"PowerPotion"},{"floor":37.0,"key":"Dexterity Potion"},{"floor":41,"key":"Block Potion"}],"is_trial":false,"path_per_floor":["M","M","?","$","M","E","R","E","T","R","M","$","?","M","R","B",null,"M","M","M","?","?","R","E","M","T","E","R","M","$","M","R","B",null,"M","?","M","M","$","E","M","R","T","R","?","?","R","M","R","B",null],"character_chosen":"IRONCLAD","items_purchased":["Vajra","Shuriken","Turnip","Entrench","Metallicize","Block Potion"],"campfire_rested":1,"item_purchase_floors":[4,12,30,39,39,39],"current_hp_per_floor":[72,62,62,62,67,52,52,41,41,41,39,39,39,37,37,35,65,71,50,53,53,53,53,39,44,44,43,67,58,58,64,64,54,75,76,76,82,82,82,82,82,82,82,82,73,73,73,82,82,82],"gold":403,"neow_bonus":"RANDOM_COLORLESS_2","is_prod":false,"is_daily":false,"chose_seed":false,"campfire_upgraded":7,"win_rate":0,"timestamp":1571370970,"path_taken":["M","M","?","$","?","E","R","E","T","R","M","?","?","M","R","BOSS","M","M","M","?","?","R","E","M","T","E","R","M","$","M","R","BOSS","M","?","M","M","$","E","M","R","T","R","?","?","R","M","R","BOSS"],"build_version":"2019-07-17","purchased_purges":3,"victory":true,"max_hp_per_floor":[75,75,75,75,75,75,75,75,75,75,75,75,75,75,75,75,75,75,75,75,75,75,75,75,75,75,82,82,82,82,82,82,82,82,82,82,82,82,82,82,82,82,82,82,82,82,82,82,82,82],"card_choices":[{"not_picked":["Corruption","Anger","Reckless Charge"],"picked":"SKIP","floor":1.0},{"not_picked":["Sword Boomerang","Headbutt"],"picked":"Iron Wave","floor":2.0},{"not_picked":["Twin Strike","Sever Soul","Flex"],"picked":"SKIP","floor":5.0},{"not_picked":["Rampage","Cleave"],"picked":"True Grit","floor":6.0},{"not_picked":["Sword Boomerang","Fiend Fire"],"picked":"Demon Form","floor":8.0},{"not_picked":["Warcry","Rampage","Body Slam"],"picked":"SKIP","floor":11.0},{"not_picked":["Whirlwind","Spot Weakness"],"picked":"Anger","floor":14.0},{"not_picked":["Brutality","Demon Form"],"picked":"Fiend Fire","floor":16.0},{"not_picked":["Iron Wave","Dropkick+1"],"picked":"Heavy Blade","floor":18.0},{"not_picked":["Rage","True Grit","Carnage"],"picked":"SKIP","floor":19.0},{"not_picked":["Flex","Body Slam","Warcry"],"picked":"SKIP","floor":20.0},{"not_picked":["Evolve","Iron Wave"],"picked":"Metallicize+1","floor":24.0},{"not_picked":["Body Slam","Havoc"],"picked":"Barricade","floor":25.0},{"not_picked":["True Grit","Armaments","Clash"],"picked":"SKIP","floor":27.0},{"not_picked":["Clothesline","Whirlwind","Clash"],"picked":"SKIP","floor":29.0},{"not_picked":["Shrug It Off","Sentinel"],"picked":"Shockwave","floor":31.0},{"not_picked":["Limit Break","Exhume"],"picked":"Reaper","floor":33.0},{"not_picked":["Twin Strike+1"],"picked":"SKIP","floor":35.0},{"not_picked":["Pommel Strike+1"],"picked":"SKIP","floor":37.0},{"not_picked":["Wild Strike"],"picked":"SKIP","floor":38.0},{"not_picked":["Wild Strike"],"picked":"SKIP","floor":40},{"not_picked":[],"picked":"Thunderclap+1","floor":41},{"not_picked":["Searing Blow+1"],"picked":"SKIP","floor":48}],"player_experience":827908,"relics_obtained":[{"floor":6.0,"key":"Boot"},{"floor":8.0,"key":"Lantern"},{"floor":9.0,"key":"MawBank"},{"floor":24.0,"key":"Self Forming Clay"},{"floor":26.0,"key":"Bag of Marbles"},{"floor":27.0,"key":"Strawberry"},{"floor":40,"key":"Anchor"},{"floor":43,"key":"Bag of Preparation"},{"floor":45,"key":"Shovel"},{"floor":47,"key":"Sundial"},{"floor":49,"key":"Mummified Hand"}],"event_choices":[{"cards_removed":["Regret"],"damage_healed":0.0,"max_hp_gain":0.0,"max_hp_loss":0.0,"gold_gain":0.0,"event_name":"Purifier","player_choice":"Purged","floor":3.0,"gold_loss":0.0,"damage_taken":0.0},{"cards_removed":["Strike_R"],"damage_healed":0.0,"max_hp_gain":0.0,"max_hp_loss":0.0,"gold_gain":0.0,"event_name":"Living Wall","player_choice":"Forget","floor":13.0,"gold_loss":0.0,"damage_taken":0.0},{"damage_healed":0.0,"max_hp_gain":0.0,"max_hp_loss":0.0,"gold_gain":0.0,"event_name":"The Library","player_choice":"Read","floor":21.0,"gold_loss":0.0,"damage_taken":0.0,"cards_obtained":["Ghostly Armor"]},{"cards_removed":["Strike_R"],"damage_healed":0.0,"max_hp_gain":0.0,"max_hp_loss":0.0,"gold_gain":0.0,"event_name":"Beggar","player_choice":"Gave Gold","floor":22.0,"gold_loss":75.0,"damage_taken":0.0},{"damage_healed":0.0,"max_hp_gain":0.0,"max_hp_loss":0.0,"gold_gain":0.0,"event_name":"Tomb of Lord Red Mask","player_choice":"Ignored","floor":36.0,"gold_loss":0.0,"damage_taken":0.0},{"damage_healed":0,"gold_gain":0,"player_choice":"Fight","damage_taken":0,"max_hp_gain":0,"max_hp_loss":0,"event_name":"Mysterious Sphere","floor":45,"gold_loss":0},{"damage_healed":0,"gold_gain":0,"player_choice":"Upgraded","damage_taken":0,"max_hp_gain":0,"max_hp_loss":0,"event_name":"Upgrade Shrine","floor":46,"gold_loss":0,"cards_upgraded":["Ghostly Armor"]}],"is_beta":false,"boss_relics":[{"not_picked":["Lizard Tail","Runic Dome"],"picked":"Snecko Eye"},{"not_picked":["Coffee Dripper","Empty Cage"],"picked":"Busted Crown"}],"items_purged_floors":[12,30,39],"is_endless":false,"potions_floor_spawned":[1,2,11,14,19,25,27,33,35,37,41],"ascension_level":15}