{"gold_per_floor":[118,131,150,150,150,150,20,49,49,82,100,117,64,89,89,160,160,173,183,193,30,47,47,47,47,47,63,63,163,182,193,193,193],"floor_reached":33,"playtime":3874,"items_purged":["Regret"],"score":484,"play_id":"825f3ade-6256-48d0-9d95-9744f6413c4c","local_time":"20190427205514","is_ascension_mode":true,"campfire_choices":[{"data":"Clothesline","floor":6.0,"key":"SMITH"},{"floor":15.0,"key":"REST"},{"floor":23.0,"key":"REST"},{"data":"Double Tap","floor":32,"key":"SMITH"}],"neow_cost":"NONE","seed_source_timestamp":548319926389226,"circlet_count":0,"master_deck":["AscendersBane","Strike_R","Strike_R","Strike_R","Strike_R","Strike_R","Defend_R","Defend_R","Defend_R","Bash+1","Clash","Clothesline+1","Juggernaut","Pommel Strike","Shrug It Off","Cleave","Pommel Strike","Double Tap","Double Tap+1","Flex+1","Whirlwind+1","Whirlwind+1","Shrug It Off","J.A.X.","Ghostly","Ghostly","Ghostly","Shrug It Off","Disarm","Immolate"],"special_seed":0,"relics":["Burning Blood","Art of War","Blue Candle","Mercury Hourglass","Incense Burner","Peace Pipe","Eternal Feather","Happy Flower","Meat on the Bone","Torii","Bottled Tornado"],"potions_floor_usage":[29,29,29,33],"damage_taken":[{"damage":1.0,"enemies":"Cultist","floor":1.0,"turns":3.0},{"damage":10.0,"enemies":"Small Slimes","floor":2.0,"turns":3.0},{"damage":4.0,"enemies":"Jaw Worm","floor":3.0,"turns":3.0},{"damage":25.0,"enemies":"Gremlin Nob","floor":8.0,"turns":5.0},{"damage":3.0,"enemies":"3 Sentries","floor":10.0,"turns":5.0},{"damage":12.0,"enemies":"Looter","floor":11.0,"turns":3.0},{"damage":2.0,"enemies":"2 Fungi Beasts","floor":12.0,"turns":3.0},{"damage":21.0,"enemies":"Gremlin Nob","floor":14.0,"turns":4.0},{"damage":37.0,"enemies":"The Guardian","floor":16.0,"turns":12.0},{"damage":11.0,"enemies":"Shell Parasite","floor":18.0,"turns":4.0},{"damage":4.0,"enemies":"Spheric Guardian","floor":19.0,"turns":3.0},{"damage":26.0,"enemies":"Centurion and Healer","floor":20.0,"turns":5.0},{"damage":33.0,"enemies":"Snecko","floor":22.0,"turns":6.0},{"damage":27.0,"enemies":"Snake Plant","floor":27.0,"turns":4.0},{"damage":0,"enemies":"Colosseum Slavers","floor":29,"turns":1},{"damage":16,"enemies":"Colosseum Nobs","floor":29,"turns":3},{"damage":32,"enemies":"Shelled Parasite and Fungi","floor":30,"turns":6},{"damage":4,"enemies":"Cultist and Chosen","floor":31,"turns":4},{"damage":49,"enemies":"Automaton","floor":33,"turns":6}],"seed_played":"3324801433600090139","potions_obtained":[{"floor":1.0,"key":"AttackPotion"},{"floor":8.0,"key":"Block Potion"},{"floor":12.0,"key":"GamblersBrew"},{"floor":22.0,"key":"EntropicBrew"},{"floor":27.0,"key":"SmokeBomb"},{"floor":29,"key":"Fire Potion"}],"is_trial":false,"path_per_floor":["M","M","M","?","?","R","$","E","T","E","M","M","$","E","R","B",null,"M","M","M","$","M","R","?","?","T","M","?","?","M","M","R","B"],"character_chosen":"IRONCLAD","items_purchased":["PowerPotion","Pommel Strike","Happy Flower"],"campfire_rested":2,"item_purchase_floors":[7,13,21],"current_hp_per_floor":[73,69,71,71,71,71,71,52,52,55,49,53,53,38,60,29,64,59,61,41,41,14,48,48,37,37,28,28,36,22,36,37,0],"gold":193,"neow_bonus":"UPGRADE_CARD","is_prod":false,"is_daily":false,"chose_seed":false,"campfire_upgraded":2,"win_rate":0,"timestamp":1556416514,"path_taken":["M","M","M","?","?","R","$","E","T","E","M","M","$","E","R","BOSS","M","M","M","$","M","R","?","?","T","M","?","?","M","?","R","BOSS"],"build_version":"2019-01-23","purchased_purges":1,"victory":false,"max_hp_per_floor":[75,75,75,75,75,75,75,75,75,75,75,75,75,75,75,75,75,75,75,75,75,75,75,75,37,37,37,37,37,37,37,37,37],"card_choices":[{"not_picked":["Power Through","True Grit"],"picked":"Clash","floor":1.0},{"not_picked":["Evolve","Burning Pact"],"picked":"Clothesline","floor":2.0},{"not_picked":["Power Through","Sword Boomerang","Iron Wave"],"picked":"SKIP","floor":3.0},{"not_picked":["Flex","Headbutt"],"picked":"Juggernaut","floor":8.0},{"not_picked":["Flame Barrier","Thunderclap"],"picked":"Pommel Strike","floor":10.0},{"not_picked":["Rage","Dropkick"],"picked":"Shrug It Off","floor":11.0},{"not_picked":["Armaments","Body Slam"],"picked":"Cleave","floor":12.0},{"not_picked":["Heavy Blade","Perfected Strike"],"picked":"Double Tap","floor":14.0},{"not_picked":["Brutality","Limit Break"],"picked":"Double Tap","floor":16.0},{"not_picked":["Thunderclap","Havoc"],"picked":"Flex+1","floor":18.0},{"not_picked":["Entrench","Iron Wave"],"picked":"Whirlwind+1","floor":19.0},{"not_picked":["Warcry","Wild Strike"],"picked":"Whirlwind+1","floor":20.0},{"not_picked":["Clothesline+1","Perfected Strike"],"picked":"Shrug It Off","floor":22.0},{"not_picked":["Warcry+1","Cleave+1"],"picked":"Shrug It Off","floor":27.0},{"not_picked":["Armaments","True Grit+1"],"picked":"Immolate","floor":30},{"not_picked":["Twin Strike","Clothesline","True Grit"],"picked":"SKIP","floor":31}],"player_experience":560871,"relics_obtained":[{"floor":8.0,"key":"Blue Candle"},{"floor":9.0,"key":"Mercury Hourglass"},{"floor":10.0,"key":"Incense Burner"},{"floor":14.0,"key":"Peace Pipe"},{"floor":26.0,"key":"Meat on the Bone"},{"floor":29,"key":"Torii"},{"floor":29,"key":"Bottled Tornado"}],"event_choices":[{"cards_removed":["Defend_R"],"damage_healed":0.0,"max_hp_gain":0.0,"max_hp_loss":0.0,"gold_gain":0.0,"event_name":"Living Wall","player_choice":"Forget","floor":4.0,"gold_loss":0.0,"damage_taken":0.0},{"damage_healed":0.0,"max_hp_gain":0.0,"max_hp_loss":0.0,"gold_gain":0.0,"event_name":"Big Fish","player_choice":"Box","floor":5.0,"gold_loss":0.0,"damage_taken":0.0,"relics_obtained":["Art of War"],"cards_obtained":["Regret"]},{"damage_healed":0.0,"max_hp_gain":0.0,"max_hp_loss":0.0,"gold_gain":0.0,"event_name":"Drug Dealer","player_choice":"Obtain J.A.X.","floor":24.0,"gold_loss":0.0,"damage_taken":0.0,"cards_obtained":["J.A.X."]},{"damage_healed":0.0,"max_hp_gain":0.0,"max_hp_loss":38.0,"gold_gain":0.0,"event_name":"Ghosts","player_choice":"Became a Ghost","floor":25.0,"gold_loss":0.0,"damage_taken":0.0,"cards_obtained":["Ghostly","Ghostly","Ghostly"]},{"damage_healed":0.0,"max_hp_gain":0.0,"max_hp_loss":0.0,"gold_gain":0.0,"event_name":"The Library","player_choice":"Read","floor":28.0,"gold_loss":0.0,"damage_taken":0.0,"cards_obtained":["Disarm"]},{"damage_healed":0,"gold_gain":0,"player_choice":"Fight","damage_taken":0,"max_hp_gain":0,"max_hp_loss":0,"event_name":"Colosseum","floor":29,"gold_loss":0},{"damage_healed":0,"gold_gain":0,"player_choice":"Fought Nobs","damage_taken":0,"max_hp_gain":0,"max_hp_loss":0,"event_name":"Colosseum","floor":29,"gold_loss":0}],"is_beta":false,"boss_relics":[{"not_picked":["Lizard Tail","Coffee Dripper"],"picked":"Eternal Feather"}],"items_purged_floors":[7],"is_endless":false,"potions_floor_spawned":[1,8,12,22,27,29,31],"killed_by":"Automaton","ascension_level":16}