{"gold_per_floor":[114,134,134,146,157,192,192,192,192,205,205,219,238,208,208,304,304,270,270,41,52,52,52,78,93,172,172,186,186,186,217,217,316,316,330,330,330,349,366,366,379,379,405,16,16,30,45,45,45,45,45,45,45,71,71],"floor_reached":56,"playtime":3155,"items_purged":["Strike_B"],"score":1636,"play_id":"a1f66ff6-bd10-4a12-ac21-7e77e8145488","local_time":"20190601151613","is_ascension_mode":true,"campfire_choices":[{"data":"Consume","floor":7,"key":"SMITH"},{"data":"Zap","floor":11,"key":"SMITH"},{"floor":15,"key":"REST"},{"data":"Fission","floor":23,"key":"SMITH"},{"floor":27,"key":"REST"},{"floor":32,"key":"REST"},{"floor":40,"key":"RECALL"},{"data":"Multi-Cast","floor":42,"key":"SMITH"},{"floor":49,"key":"REST"},{"floor":52,"key":"REST"}],"neow_cost":"NONE","seed_source_timestamp":703511500900900,"circlet_count":0,"master_deck":["Strike_B+1","Strike_B+1","Strike_B+1","Defend_B+1","Defend_B+1","Defend_B+1","Defend_B+1","Zap+1","Dualcast+1","Dramatic Entrance+1","Redo+1","Coolheaded+1","Consume+1","Capacitor+1","Cold Snap+1","Barrage+1","Glacier+1","Compile Driver+1","Fission+1","Blizzard+1","Loop+1","Capacitor+1","Glacier+1","Redo+1","Chill+1","Defragment+1","Loop+1","Chill+1","Chill+1","Multi-Cast+1","Coolheaded+1","Blizzard+1","Lockon+1"],"relics":["Cracked Core","Kunai","Thread and Needle","hubris:TerracottaHorce","Incense Burner","hubris:ToyBattleship","hubris:Backtick","Runic Capacitor","Mark of the Bloom","Symbiotic Virus","Dream Catcher","Chemical X","Juzu Bracelet","hubris:RGBLights"],"potions_floor_usage":[5,6,16,16,18,18,28,33,35,50,50,54,55],"damage_taken":[{"damage":1,"enemies":"Cultist","floor":1,"turns":4},{"damage":1,"enemies":"Jaw Worm","floor":2,"turns":3},{"damage":5,"enemies":"Small Slimes","floor":4,"turns":2},{"damage":14,"enemies":"Exordium Thugs","floor":5,"turns":4},{"damage":14,"enemies":"3 Sentries","floor":6,"turns":8},{"damage":0,"enemies":"Large Slime","floor":10,"turns":4},{"damage":0,"enemies":"2 Fungi Beasts","floor":12,"turns":2},{"damage":4,"enemies":"Exordium Thugs","floor":13,"turns":5},{"damage":0,"enemies":"Hexaghost","floor":16,"turns":8},{"damage":6,"enemies":"2 Thieves","floor":18,"turns":5},{"damage":3,"enemies":"Chosen","floor":21,"turns":7},{"damage":0,"enemies":"Gremlin Leader","floor":24,"turns":9},{"damage":31,"enemies":"Snake Plant","floor":25,"turns":5},{"damage":0,"enemies":"Centurion and Healer","floor":28,"turns":26},{"damage":25,"enemies":"Slavers","floor":31,"turns":6},{"damage":0,"enemies":"Automaton","floor":33,"turns":11},{"damage":4,"enemies":"Orb Walker","floor":35,"turns":4},{"damage":6,"enemies":"3 Shapes","floor":38,"turns":4},{"damage":0,"enemies":"Spire Growth","floor":39,"turns":5},{"damage":0,"enemies":"Maw","floor":41,"turns":7},{"damage":0,"enemies":"4 Shapes","floor":46,"turns":4},{"damage":0,"enemies":"3 Darklings","floor":47,"turns":4},{"damage":0,"enemies":"hubris:GrandSnecko","floor":50,"turns":16},{"damage":1,"enemies":"Shield and Spear","floor":54,"turns":8},{"damage":35,"enemies":"The Heart","floor":55,"turns":14}],"seed_played":"836228425638475678","potions_obtained":[{"floor":1,"key":"Regen Potion"},{"floor":2,"key":"EssenceOfSteel"},{"floor":6,"key":"Weak Potion"},{"floor":14,"key":"SneckoOil"},{"floor":14,"key":"SkillPotion"},{"floor":16,"key":"Poison Potion"},{"floor":31,"key":"Poison Potion"},{"floor":33,"key":"GamblersBrew"},{"floor":38,"key":"LiquidBronze"},{"floor":47,"key":"Explosive Potion"},{"floor":54,"key":"Explosive Potion"}],"is_trial":false,"path_per_floor":["M","M","?","M","M","E","R","?","T","M","R","M","M","?","R","B",null,"M","?","$","M","$","R","E","M","T","R","M","?","?","E","R","B",null,"M","?","T","M","M","R","M","R","T","$","?","M","M","?","R","B",null,"R","$","E","B",null],"character_chosen":"DEFECT","items_purchased":["Loop","FocusPotion","Chemical X","Juzu Bracelet","SpeedPotion"],"campfire_rested":5,"item_purchase_floors":[20,20,44,44,44],"current_hp_per_floor":[74,73,58,53,48,34,34,34,34,34,34,34,30,30,52,52,69,63,63,63,60,60,60,60,29,29,51,51,51,51,26,48,48,68,64,64,64,58,58,58,58,58,58,58,58,58,58,58,58,58,58,58,58,57,22],"gold":71,"neow_bonus":"RANDOM_COLORLESS","is_prod":false,"is_daily":false,"chose_seed":false,"campfire_upgraded":4,"win_rate":0,"timestamp":1559391373,"path_taken":["M","?","?","M","M","E","R","?","T","M","R","M","?","?","R","BOSS","M","?","$","M","$","R","E","M","T","R","M","?","?","E","R","BOSS","M","?","?","M","M","R","M","R","T","$","?","M","M","?","R","BOSS","R","$","E","BOSS"],"build_version":"2019-01-23","purchased_purges":1,"victory":true,"max_hp_per_floor":[75,75,75,75,75,75,75,75,75,75,75,75,75,75,75,75,75,75,75,75,75,75,75,75,75,75,75,75,75,75,75,75,75,75,75,75,75,75,75,75,75,75,75,75,75,75,75,75,75,75,75,75,75,75,75],"card_choices":[{"not_picked":["Compile Driver","Cold Snap"],"picked":"Redo","floor":1},{"not_picked":["Cold Snap","Barrage"],"picked":"Coolheaded","floor":2},{"not_picked":["Cold Snap","Barrage"],"picked":"Consume","floor":4},{"not_picked":["Hyperbeam","Redo"],"picked":"Capacitor","floor":5},{"not_picked":["Hyperbeam","Redo"],"picked":"Cold Snap","floor":6},{"not_picked":["Cold Snap","Compile Driver"],"picked":"Barrage","floor":10},{"not_picked":["Barrage","Compile Driver"],"picked":"Glacier","floor":12},{"not_picked":["Cold Snap","Coolheaded"],"picked":"Compile Driver","floor":13},{"not_picked":["Biased Cognition","Rainbow"],"picked":"Fission","floor":16},{"not_picked":["Compile Driver","Coolheaded"],"picked":"Blizzard","floor":18},{"not_picked":["Chaos","Redo+1"],"picked":"Capacitor","floor":21},{"not_picked":["Chaos","Fission"],"picked":"Glacier","floor":24},{"not_picked":["Capacitor+1","Compile Driver"],"picked":"Redo+1","floor":25},{"not_picked":["Coolheaded","Barrage"],"picked":"Chill","floor":28},{"not_picked":["Lockon","Barrage"],"picked":"Defragment","floor":31},{"not_picked":["Barrage+1","Cold Snap"],"picked":"Loop","floor":35},{"not_picked":["Redo","Capacitor"],"picked":"Chill+1","floor":38},{"not_picked":["Coolheaded","Redo+1"],"picked":"Chill+1","floor":39},{"not_picked":["Cold Snap","Chaos"],"picked":"Multi-Cast","floor":41},{"not_picked":["Compile Driver+1","Redo+1","Cold Snap"],"picked":"SKIP","floor":46},{"not_picked":["Glacier+1","Cold Snap"],"picked":"Coolheaded+1","floor":47},{"not_picked":["Compile Driver+1","Barrage"],"picked":"Blizzard+1","floor":49},{"not_picked":["Cold Snap+1","Coolheaded"],"picked":"Lockon+1","floor":52},{"not_picked":["Compile Driver","Rainbow","Capacitor+1"],"picked":"SKIP","floor":54}],"player_experience":447702,"relics_obtained":[{"floor":6,"key":"Kunai"},{"floor":9,"key":"Thread and Needle"},{"floor":24,"key":"Incense Burner"},{"floor":31,"key":"hubris:ToyBattleship"},{"floor":37,"key":"Symbiotic Virus"},{"floor":43,"key":"Dream Catcher"},{"floor":54,"key":"hubris:RGBLights"}],"event_choices":[{"damage_healed":0,"gold_gain":0,"player_choice":"Entered Light","damage_taken":15,"max_hp_gain":0,"max_hp_loss":0,"event_name":"Shining Light","floor":3,"gold_loss":0,"cards_upgraded":["Redo","Defend_B"]},{"damage_healed":0,"gold_gain":0,"player_choice":"Bought 2 Potions","damage_taken":0,"max_hp_gain":0,"max_hp_loss":0,"event_name":"The Woman in Blue","floor":14,"gold_loss":0},{"damage_healed":0,"gold_gain":0,"player_choice":"Ignored","damage_taken":0,"max_hp_gain":0,"max_hp_loss":0,"event_name":"Vampires","floor":19,"gold_loss":0},{"damage_healed":0,"gold_gain":0,"player_choice":"Simplicity","damage_taken":0,"max_hp_gain":0,"max_hp_loss":0,"event_name":"Back to Basics","floor":29,"gold_loss":0,"cards_upgraded":["Strike_B","Strike_B","Strike_B","Defend_B","Defend_B","Defend_B"]},{"damage_healed":0,"gold_gain":0,"player_choice":"Ignored","damage_taken":0,"max_hp_gain":0,"max_hp_loss":0,"event_name":"NoteForYourself","floor":30,"gold_loss":0},{"damage_healed":0,"gold_gain":0,"player_choice":"Upgrade","damage_taken":0,"relics_obtained":["Mark of the Bloom"],"max_hp_gain":0,"max_hp_loss":0,"event_name":"MindBloom","floor":36,"gold_loss":0,"cards_upgraded":["Dualcast","Dramatic Entrance","Coolheaded","Cold Snap","Barrage","Glacier","Compile Driver","Blizzard","Loop","Capacitor","Glacier","Chill","Defragment","Loop"]},{"damage_healed":0,"gold_gain":0,"player_choice":"0 cards matched","damage_taken":0,"max_hp_gain":0,"max_hp_loss":0,"event_name":"Match and Keep!","floor":45,"gold_loss":0,"cards_obtained":[]},{"damage_healed":0,"gold_gain":0,"player_choice":"Ignored","damage_taken":0,"max_hp_gain":0,"max_hp_loss":0,"event_name":"Mysterious Sphere","floor":48,"gold_loss":0}],"is_beta":false,"boss_relics":[{"not_picked":["Lizard Tail","Philosopher\u0027s Stone"],"picked":"hubris:TerracottaHorce"},{"not_picked":["Runic Dome","Cursed Key"],"picked":"hubris:Backtick"}],"items_purged_floors":[20],"is_endless":false,"potions_floor_spawned":[1,2,6,16,31,33,38,47,54],"ascension_level":5}