{"gold_per_floor":[117,117,217,227,237,272,272,272,272,129,129,149,224,244,244,346,346,357,373,373,383,406,418,449,461,555,63,63,82,7,7,7,107,107,118,138,138,155,155,183,183,203,230,230,250,250,250,0,0,0],"floor_reached":51,"playtime":1098,"items_purged":["Writhe"],"score":775,"play_id":"701259e5-c3ea-4bb7-b208-281f32b2b275","local_time":"20190502220126","is_ascension_mode":false,"campfire_choices":[{"data":"Bash","floor":8.0,"key":"SMITH"},{"data":"Cleave","floor":15.0,"key":"SMITH"},{"data":"Bludgeon","floor":23.0,"key":"SMITH"},{"data":"Perfected Strike","floor":25.0,"key":"SMITH"},{"data":"Spot Weakness","floor":28.0,"key":"SMITH"},{"floor":32.0,"key":"REST"},{"data":"Whirlwind","floor":41.0,"key":"SMITH"},{"data":"Offering","floor":44.0,"key":"SMITH"},{"floor":49.0,"key":"REST"}],"neow_cost":"NONE","seed_source_timestamp":987113730611525,"circlet_count":0,"master_deck":["Strike_R","Strike_R","Strike_R","Strike_R","Strike_R","Defend_R","Defend_R+1","Defend_R+1","Bash+1","Cleave+1","Offering+1","Shrug It Off","Perfected Strike+1","Bludgeon+1","Spot Weakness+1","Whirlwind+1","Offering+1","Ghostly Armor+1","Flex","Enlightenment"],"special_seed":0,"relics":["Black Blood","NeowsBlessing","Orichalcum","Dodecahedron","Bag of Marbles","Anchor","MawBank","Mercury Hourglass","Bottled Lightning","Question Card","Busted Crown","Ice Cream","PreservedInsect","Red Mask"],"potions_floor_usage":[50,50],"damage_taken":[{"damage":0.0,"enemies":"Jaw Worm","floor":1.0,"turns":1.0},{"damage":0.0,"enemies":"Cultist","floor":4.0,"turns":1.0},{"damage":0.0,"enemies":"Small Slimes","floor":5.0,"turns":1.0},{"damage":20.0,"enemies":"Gremlin Nob","floor":6.0,"turns":3.0},{"damage":6.0,"enemies":"Exordium Thugs","floor":12.0,"turns":3.0},{"damage":0.0,"enemies":"2 Fungi Beasts","floor":14.0,"turns":2.0},{"damage":6.0,"enemies":"Slime Boss","floor":16.0,"turns":6.0},{"damage":10.0,"enemies":"Shell Parasite","floor":18.0,"turns":2.0},{"damage":10.0,"enemies":"Spheric Guardian","floor":19.0,"turns":3.0},{"damage":6.0,"enemies":"Chosen and Byrds","floor":21.0,"turns":4.0},{"damage":34.0,"enemies":"Centurion and Healer","floor":24.0,"turns":4.0},{"damage":17.0,"enemies":"Snake Plant","floor":29.0,"turns":2.0},{"damage":96.0,"enemies":"Collector","floor":33.0,"turns":9.0},{"damage":12.0,"enemies":"Orb Walker","floor":35.0,"turns":2.0},{"damage":12.0,"enemies":"3 Darklings","floor":36.0,"turns":2.0},{"damage":16.0,"enemies":"Jaw Worm Horde","floor":38.0,"turns":2.0},{"damage":12.0,"enemies":"Nemesis","floor":40.0,"turns":3.0},{"damage":28.0,"enemies":"Writhing Mass","floor":42.0,"turns":3.0},{"damage":17.0,"enemies":"Transient","floor":45.0,"turns":5.0},{"damage":64,"enemies":"Donu and Deca","floor":50,"turns":6}],"seed_played":"1907356221973150345","potions_obtained":[{"floor":1.0,"key":"Swift Potion"},{"floor":5.0,"key":"EssenceOfSteel"},{"floor":21.0,"key":"Dexterity Potion"},{"floor":24.0,"key":"FairyPotion"},{"floor":33.0,"key":"AttackPotion"},{"floor":35.0,"key":"SkillPotion"},{"floor":45.0,"key":"Fire Potion"}],"is_trial":false,"path_per_floor":["M","$","?","M","M","E","?","R","T","$","?","M","?","M","R","B",null,"M","M","?","M","T","R","M","R","T","$","R","M","$","$","R","B",null,"M","M","$","M","?","E","R","M","T","R","M","?","?","?","R","B",null],"character_chosen":"IRONCLAD","items_purchased":["Bag of Marbles","Bottled Lightning","Question Card"],"campfire_rested":2,"item_purchase_floors":[10,27,27],"current_hp_per_floor":[80,80,80,80,80,66,66,66,66,66,50,50,42,48,48,48,80,80,80,80,80,80,80,56,56,56,56,56,49,49,49,73,18,80,78,76,76,70,70,68,68,50,50,50,43,43,43,43,65,11],"gold":0,"neow_bonus":"THREE_ENEMY_KILL","is_prod":false,"is_daily":false,"chose_seed":false,"campfire_upgraded":7,"win_rate":0,"timestamp":1556852486,"path_taken":["M","$","?","?","?","E","?","R","T","?","?","?","?","M","R","BOSS","M","?","?","M","?","R","M","R","T","$","R","M","?","$","R","BOSS","M","M","$","M","?","E","R","M","T","R","?","?","?","?","R","BOSS"],"build_version":"2019-01-23","purchased_purges":1,"victory":true,"max_hp_per_floor":[80,80,80,80,80,80,80,80,80,80,80,80,80,80,80,80,80,80,80,80,80,80,80,80,80,80,80,80,80,80,80,80,80,80,80,80,80,80,80,80,80,80,80,80,80,76,76,76,76,76],"card_choices":[{"not_picked":["Infernal Blade","Thunderclap"],"picked":"Cleave","floor":1.0},{"not_picked":["Wild Strike","Shockwave"],"picked":"Offering","floor":4.0},{"not_picked":["Blood for Blood","Warcry","Heavy Blade"],"picked":"SKIP","floor":5.0},{"not_picked":["Iron Wave","Disarm"],"picked":"Shrug It Off","floor":6.0},{"not_picked":["Sword Boomerang","Clothesline"],"picked":"Perfected Strike","floor":12.0},{"not_picked":["True Grit","Armaments","Headbutt"],"picked":"SKIP","floor":14.0},{"not_picked":["Feed","Demon Form"],"picked":"Bludgeon","floor":16.0},{"not_picked":["Metallicize","Ghostly Armor","Rupture"],"picked":"SKIP","floor":18.0},{"not_picked":["Flame Barrier","Cleave"],"picked":"Spot Weakness","floor":19.0},{"not_picked":["Wild Strike","Feel No Pain","Havoc"],"picked":"SKIP","floor":21.0},{"not_picked":["Twin Strike","Iron Wave","Shrug It Off+1"],"picked":"SKIP","floor":24.0},{"not_picked":["Twin Strike","Sword Boomerang","Flex"],"picked":"Whirlwind","floor":29.0},{"not_picked":["Bludgeon","Berserk","Feed"],"picked":"Offering","floor":33.0},{"not_picked":["True Grit"],"picked":"Ghostly Armor+1","floor":35.0},{"not_picked":["Cleave","Shrug It Off"],"picked":"SKIP","floor":36.0},{"not_picked":["Feel No Pain+1","Pummel+1"],"picked":"SKIP","floor":38.0},{"not_picked":["Dual Wield","Sword Boomerang"],"picked":"SKIP","floor":40.0},{"not_picked":["Bloodletting+1","Entrench+1"],"picked":"SKIP","floor":42.0},{"not_picked":["Iron Wave"],"picked":"Flex","floor":45.0},{"not_picked":["Purity"],"picked":"Enlightenment","floor":47.0}],"player_experience":596820,"relics_obtained":[{"floor":6.0,"key":"Orichalcum"},{"floor":9.0,"key":"Dodecahedron"},{"floor":22.0,"key":"MawBank"},{"floor":26.0,"key":"Mercury Hourglass"},{"floor":40.0,"key":"Ice Cream"},{"floor":43.0,"key":"PreservedInsect"}],"event_choices":[{"damage_healed":0.0,"max_hp_gain":0.0,"max_hp_loss":0.0,"gold_gain":100.0,"event_name":"Wheel of Change","player_choice":"Gold","floor":3.0,"gold_loss":0.0,"damage_taken":0.0},{"damage_healed":0.0,"max_hp_gain":0.0,"max_hp_loss":0.0,"gold_gain":0.0,"event_name":"Accursed Blacksmith","player_choice":"Forge","floor":7.0,"gold_loss":0.0,"damage_taken":0.0,"cards_upgraded":["Offering"]},{"damage_healed":0.0,"max_hp_gain":0.0,"max_hp_loss":0.0,"gold_gain":0.0,"event_name":"Shining Light","player_choice":"Entered Light","floor":11.0,"gold_loss":0.0,"damage_taken":16.0,"cards_upgraded":["Defend_R","Defend_R"]},{"damage_healed":0.0,"max_hp_gain":0.0,"max_hp_loss":0.0,"gold_gain":75.0,"event_name":"FaceTrader","player_choice":"Touch","floor":13.0,"gold_loss":0.0,"damage_taken":8.0},{"damage_healed":0.0,"max_hp_gain":0.0,"max_hp_loss":0.0,"gold_gain":0.0,"event_name":"The Mausoleum","player_choice":"Opened","floor":20.0,"gold_loss":0.0,"damage_taken":0.0,"relics_obtained":["Anchor"],"cards_obtained":["Writhe"]},{"cards_removed":["Defend_R"],"damage_healed":0.0,"max_hp_gain":0.0,"max_hp_loss":0.0,"gold_gain":0.0,"event_name":"Wheel of Change","player_choice":"Card Removal","floor":39.0,"gold_loss":0.0,"damage_taken":0.0},{"damage_healed":0.0,"max_hp_gain":0.0,"max_hp_loss":4.0,"gold_gain":0.0,"event_name":"Winding Halls","player_choice":"Max HP","floor":46.0,"gold_loss":0.0,"damage_taken":0.0},{"damage_healed":0.0,"max_hp_gain":0.0,"max_hp_loss":0.0,"gold_gain":0.0,"event_name":"SensoryStone","player_choice":"Memory 1","floor":47.0,"gold_loss":0.0,"damage_taken":0.0},{"damage_healed":0.0,"max_hp_gain":0.0,"max_hp_loss":0.0,"gold_gain":0.0,"event_name":"Tomb of Lord Red Mask","player_choice":"Paid","floor":48.0,"gold_loss":250.0,"damage_taken":0.0,"relics_obtained":["Red Mask"]}],"is_beta":false,"boss_relics":[{"not_picked":["Black Star","Lizard Tail"],"picked":"Black Blood"},{"not_picked":["Fusion Hammer","Runic Pyramid"],"picked":"Busted Crown"}],"items_purged_floors":[30],"is_endless":false,"potions_floor_spawned":[1,5,21,24,33,35,45],"ascension_level":0}