{"gold_per_floor":[110,60,10,10,20,20,46,61,88,102,121,137,168,183,183,278,278],"floor_reached":17,"playtime":805,"items_purged":[],"score":194,"play_id":"445dc1d3-8c51-44c6-813a-1b75428caef0","local_time":"20190530213236","is_ascension_mode":false,"campfire_choices":[{"floor":6,"key":"RECALL"},{"floor":15,"key":"REST"}],"neow_cost":"NONE","seed_source_timestamp":555659657084199,"circlet_count":0,"master_deck":["Strike_B","Strike_B","Defend_B","Defend_B","Defend_B","Defend_B","Zap","Dualcast","White Noise","Stack","Conserve Battery","Coolheaded","Chaos","Go for the Eyes","Cold Snap","Capacitor","Conserve Battery","Multi-Cast"],"relics":["Cracked Core","NeowsBlessing","Vajra","Omamori","Nuclear Battery"],"potions_floor_usage":[10,10,13,16],"damage_taken":[{"damage":0,"enemies":"2 Louse","floor":1,"turns":1},{"damage":0,"enemies":"Jaw Worm","floor":5,"turns":1},{"damage":0,"enemies":"Gremlin Nob","floor":7,"turns":1},{"damage":8,"enemies":"Small Slimes","floor":8,"turns":4},{"damage":8,"enemies":"Exordium Thugs","floor":10,"turns":4},{"damage":0,"enemies":"Looter","floor":11,"turns":3},{"damage":6,"enemies":"Red Slaver","floor":12,"turns":4},{"damage":7,"enemies":"3 Sentries","floor":13,"turns":9},{"damage":3,"enemies":"2 Fungi Beasts","floor":14,"turns":4},{"damage":42,"enemies":"Slime Boss","floor":16,"turns":22}],"seed_played":"8998435064353705210","potions_obtained":[{"floor":5,"key":"Swift Potion"},{"floor":7,"key":"PowerPotion"},{"floor":12,"key":"FocusPotion"},{"floor":14,"key":"Explosive Potion"}],"is_trial":false,"path_per_floor":["M","?","?","?","M","R","E","M","T","M","M","M","E","M","R","B",null],"character_chosen":"DEFECT","items_purchased":[],"campfire_rested":1,"item_purchase_floors":[],"current_hp_per_floor":[75,75,75,75,75,75,75,67,67,59,59,53,46,43,65,23,75],"gold":278,"neow_bonus":"THREE_ENEMY_KILL","is_prod":false,"is_daily":false,"chose_seed":false,"campfire_upgraded":0,"win_rate":0,"timestamp":1559241156,"path_taken":["M","?","?","?","M","R","E","M","T","?","M","M","E","M","R","BOSS"],"build_version":"2019-05-28","purchased_purges":0,"victory":false,"max_hp_per_floor":[75,75,75,75,75,75,75,75,75,75,75,75,75,75,75,75,75],"card_choices":[{"not_picked":["Redo","Sweeping Beam"],"picked":"White Noise","floor":1},{"not_picked":["Fission","Fusion"],"picked":"Stack","floor":5},{"not_picked":["Self Repair","Ball Lightning"],"picked":"Conserve Battery","floor":7},{"not_picked":["Static Discharge","Blizzard"],"picked":"Coolheaded","floor":8},{"not_picked":["Heatsinks","Force Field"],"picked":"Chaos","floor":10},{"not_picked":["Heatsinks","Stack"],"picked":"Go for the Eyes","floor":11},{"not_picked":["Streamline","Chill"],"picked":"Cold Snap","floor":12},{"not_picked":["Seek","Compile Driver"],"picked":"Capacitor","floor":13},{"not_picked":["Aggregate","Redo"],"picked":"Conserve Battery","floor":14},{"not_picked":["Thunder Strike","Meteor Strike"],"picked":"Multi-Cast","floor":16}],"player_experience":408646,"relics_obtained":[{"floor":7,"key":"Vajra"},{"floor":13,"key":"Omamori"}],"event_choices":[{"cards_removed":["Strike_B"],"damage_healed":0,"gold_gain":0,"player_choice":"Card Removal","damage_taken":0,"max_hp_gain":0,"max_hp_loss":0,"event_name":"The Cleric","floor":2,"gold_loss":50},{"damage_healed":0,"gold_gain":0,"player_choice":"Left Gold","damage_taken":0,"max_hp_gain":0,"max_hp_loss":0,"event_name":"World of Goop","floor":3,"gold_loss":50},{"cards_removed":["Strike_B"],"damage_healed":0,"gold_gain":0,"player_choice":"Purged","damage_taken":0,"max_hp_gain":0,"max_hp_loss":0,"event_name":"Purifier","floor":4,"gold_loss":0}],"is_beta":true,"boss_relics":[{"not_picked":["Coffee Dripper","Black Star"],"picked":"Nuclear Battery"}],"items_purged_floors":[],"is_endless":false,"potions_floor_spawned":[5,7,12,14],"ascension_level":0}