{"gold_per_floor":[144,189,189,234,234,324,369,414,414,504,549,594,684,359,359,659,659,704,704,604,649,694,784,784,829,829,689,689,734,824,869,869,1169,1169,1214,1259,1259,1059,1059,1149,1194,944,944,989,1079,1124,1214,1259,1259,1259],"floor_reached":51,"playtime":4850,"items_purged":["Corruption","Enlightenment","Good Instincts","Purity","Shrug It Off"],"score":1228,"play_id":"2e6777e7-f182-4ba5-9aae-6aa5809c5c0c","local_time":"20190517053308","daily_mods":["SealedDeck","Colorless Cards","Midas"],"is_ascension_mode":false,"campfire_choices":[{"floor":15,"key":"REST"},{"floor":24,"key":"REST"},{"floor":28,"key":"REST"},{"floor":32,"key":"REST"},{"floor":49,"key":"REST"}],"neow_cost":"","seed_source_timestamp":0,"circlet_count":0,"master_deck":["Shrug It Off","Pommel Strike+1","Dark Shackles","Madness","Deep Breath","Finesse","Purity","Violence","Finesse","Panache","Flash of Steel","Finesse+1"],"special_seed":18033,"relics":["Burning Blood","Shuriken","Matryoshka","Omamori","Sundial","Dodecahedron","Runic Dome","Smiling Mask","Orichalcum","Bottled Flame","Anchor","Runic Pyramid","Bag of Marbles","Ornamental Fan","TheAbacus","Darkstone Periapt","Gremlin Horn","Bag of Preparation","Centennial Puzzle"],"potions_floor_usage":[18,22],"damage_taken":[{"damage":0,"enemies":"2 Louse","floor":1,"turns":3},{"damage":0,"enemies":"Cultist","floor":2,"turns":2},{"damage":3,"enemies":"Jaw Worm","floor":4,"turns":4},{"damage":0,"enemies":"Gremlin Nob","floor":6,"turns":3},{"damage":0,"enemies":"3 Louse","floor":7,"turns":3},{"damage":0,"enemies":"Red Slaver","floor":8,"turns":4},{"damage":0,"enemies":"Lagavulin","floor":10,"turns":3},{"damage":11,"enemies":"Gremlin Gang","floor":11,"turns":3},{"damage":0,"enemies":"2 Fungi Beasts","floor":12,"turns":2},{"damage":0,"enemies":"Gremlin Nob","floor":13,"turns":3},{"damage":0,"enemies":"Hexaghost","floor":16,"turns":2},{"damage":0,"enemies":"2 Thieves","floor":18,"turns":2},{"damage":0,"enemies":"Chosen","floor":21,"turns":2},{"damage":11,"enemies":"Snecko","floor":22,"turns":4},{"damage":0,"enemies":"Gremlin Leader","floor":23,"turns":2},{"damage":0,"enemies":"Cultist and Chosen","floor":25,"turns":2},{"damage":0,"enemies":"Chosen and Byrds","floor":29,"turns":2},{"damage":0,"enemies":"Slavers","floor":30,"turns":1},{"damage":0,"enemies":"Snake Plant","floor":31,"turns":1},{"damage":0,"enemies":"Champ","floor":33,"turns":2},{"damage":0,"enemies":"3 Shapes","floor":35,"turns":2},{"damage":0,"enemies":"Orb Walker","floor":36,"turns":1},{"damage":0,"enemies":"Reptomancer","floor":40,"turns":1},{"damage":0,"enemies":"Writhing Mass","floor":41,"turns":1},{"damage":0,"enemies":"Jaw Worm Horde","floor":44,"turns":1},{"damage":0,"enemies":"Nemesis","floor":45,"turns":1},{"damage":0,"enemies":"Sphere and 2 Shapes","floor":46,"turns":1},{"damage":0,"enemies":"Reptomancer","floor":47,"turns":1},{"damage":0,"enemies":"Transient","floor":48,"turns":1},{"damage":0,"enemies":"Donu and Deca","floor":50,"turns":1}],"seed_played":"-1612289906937748911","potions_obtained":[{"floor":6,"key":"Block Potion"},{"floor":7,"key":"Energy Potion"},{"floor":10,"key":"BloodPotion"},{"floor":16,"key":"Swift Potion"},{"floor":22,"key":"SpeedPotion"},{"floor":23,"key":"BloodPotion"},{"floor":40,"key":"Weak Potion"}],"is_trial":false,"path_per_floor":["M","M","?","M","?","E","M","M","T","E","M","M","E","$","R","B",null,"M","?","$","M","M","E","R","M","T","$","R","M","E","M","R","B",null,"M","M","?","$","?","E","M","$","T","M","E","M","E","M","R","B",null],"character_chosen":"IRONCLAD","items_purchased":["Dodecahedron","Flash of Steel","Bag of Marbles","TheAbacus"],"campfire_rested":5,"item_purchase_floors":[14,27,38,42],"current_hp_per_floor":[80,80,80,80,80,80,80,80,80,80,75,80,80,80,80,80,80,80,80,80,80,75,80,80,80,80,80,80,80,80,80,80,80,80,80,80,76,76,76,76,76,76,76,76,76,76,76,76,76,76],"gold":1259,"neow_bonus":"","is_prod":false,"is_daily":true,"chose_seed":false,"campfire_upgraded":0,"win_rate":0,"timestamp":1558067588,"path_taken":["M","M","?","?","?","E","M","M","T","E","M","M","E","?","R","BOSS","M","?","$","M","?","E","R","M","T","$","R","M","E","M","R","BOSS","M","?","?","$","?","E","M","?","T","M","E","M","E","?","R","BOSS"],"build_version":"2019-01-23","purchased_purges":5,"victory":true,"max_hp_per_floor":[80,80,80,80,80,80,80,80,80,80,80,80,80,80,80,80,80,80,80,80,80,80,80,80,80,80,80,80,80,80,80,80,80,80,80,80,76,76,76,76,76,76,76,76,76,76,76,76,76,76],"card_choices":[{"not_picked":["Iron Wave","Armaments"],"picked":"Deep Breath","floor":1},{"not_picked":["Anger","Combust","Immolate"],"picked":"SKIP","floor":2},{"not_picked":["Shrug It Off","Iron Wave","Clothesline"],"picked":"SKIP","floor":4},{"not_picked":["Headbutt","Bloodletting","Heavy Blade"],"picked":"SKIP","floor":6},{"not_picked":["Flex","Corruption","Jack Of All Trades"],"picked":"SKIP","floor":7},{"not_picked":["Shrug It Off","True Grit","Ghostly Armor"],"picked":"SKIP","floor":8},{"not_picked":["Iron Wave","Armaments"],"picked":"Purity","floor":10},{"not_picked":["Twin Strike","Clothesline"],"picked":"Violence","floor":11},{"not_picked":["Heavy Blade","Metallicize"],"picked":"Finesse","floor":12},{"not_picked":["Perfected Strike","Swift Strike","Iron Wave"],"picked":"SKIP","floor":13},{"not_picked":["Immolate","Juggernaut"],"picked":"Panache","floor":16},{"not_picked":["Flex","Clothesline","Rampage"],"picked":"SKIP","floor":18},{"not_picked":["Flame Barrier","Reckless Charge","Twin Strike"],"picked":"SKIP","floor":21},{"not_picked":["Clothesline+1","Havoc+1","Armaments"],"picked":"SKIP","floor":22},{"not_picked":["Searing Blow+1","Bludgeon","Armaments"],"picked":"SKIP","floor":23},{"not_picked":["Thunderclap","Anger","Shrug It Off"],"picked":"SKIP","floor":25},{"not_picked":["Pommel Strike","Sword Boomerang+1","Cleave"],"picked":"SKIP","floor":29},{"not_picked":["Anger","Sentinel","Dropkick"],"picked":"SKIP","floor":30},{"not_picked":["Flex+1","Perfected Strike+1","Flame Barrier"],"picked":"SKIP","floor":31},{"not_picked":["Wild Strike","Body Slam","Carnage"],"picked":"SKIP","floor":35},{"not_picked":["Anger+1","Sword Boomerang"],"picked":"Finesse+1","floor":36},{"not_picked":["Flex","Sword Boomerang","Body Slam+1"],"picked":"SKIP","floor":40},{"not_picked":["Body Slam+1","Iron Wave+1","Clash"],"picked":"SKIP","floor":41},{"not_picked":["Offering","Combust","Inflame+1"],"picked":"SKIP","floor":44},{"not_picked":["Warcry","Anger","Headbutt"],"picked":"SKIP","floor":45},{"not_picked":["Heavy Blade","Shrug It Off+1","Anger+1"],"picked":"SKIP","floor":46},{"not_picked":["Wild Strike","Fire Breathing+1","Shockwave+1"],"picked":"SKIP","floor":47},{"not_picked":["Dark Embrace","Clothesline","Shrug It Off+1"],"picked":"SKIP","floor":48}],"player_experience":228302,"relics_obtained":[{"floor":6,"key":"Shuriken"},{"floor":9,"key":"Matryoshka"},{"floor":10,"key":"Omamori"},{"floor":13,"key":"Sundial"},{"floor":23,"key":"Smiling Mask"},{"floor":26,"key":"Orichalcum"},{"floor":26,"key":"Bottled Flame"},{"floor":30,"key":"Anchor"},{"floor":40,"key":"Ornamental Fan"},{"floor":43,"key":"Darkstone Periapt"},{"floor":43,"key":"Gremlin Horn"},{"floor":45,"key":"Bag of Preparation"},{"floor":47,"key":"Centennial Puzzle"}],"event_choices":[{"damage_healed":0,"gold_gain":0,"player_choice":"1 cards matched","damage_taken":0,"max_hp_gain":0,"max_hp_loss":0,"event_name":"Match and Keep!","floor":3,"gold_loss":0,"cards_obtained":["Finesse"]},{"damage_healed":0,"gold_gain":0,"player_choice":"Ignored","damage_taken":0,"max_hp_gain":0,"max_hp_loss":0,"event_name":"Liars Game","floor":5,"gold_loss":0},{"damage_healed":0,"gold_gain":0,"player_choice":"Upgraded","damage_taken":0,"max_hp_gain":0,"max_hp_loss":0,"event_name":"Upgrade Shrine","floor":19,"gold_loss":0,"cards_upgraded":["Pommel Strike"]},{"damage_healed":0,"gold_gain":0,"player_choice":"Max HP","damage_taken":0,"max_hp_gain":0,"max_hp_loss":4,"event_name":"Winding Halls","floor":37,"gold_loss":0},{"cards_removed":["Pommel Strike"],"damage_healed":0,"gold_gain":0,"player_choice":"Removed Attack","damage_taken":0,"max_hp_gain":0,"max_hp_loss":0,"event_name":"Falling","floor":39,"gold_loss":0}],"is_beta":false,"boss_relics":[{"not_picked":["Coffee Dripper","Cursed Key"],"picked":"Runic Dome"},{"not_picked":["White Beast Statue","Velvet Choker"],"picked":"Runic Pyramid"}],"items_purged_floors":[14,20,27,38,42],"is_endless":false,"potions_floor_spawned":[6,7,10,11,13,16,22,23,29,30,40,44,48],"ascension_level":0}