{"gold_per_floor":[112,132,307,307,320,320,335,221,221,240,252,252,280,280,280,384,384,394,407,407,407],"floor_reached":21,"playtime":1910,"items_purged":["Doubt"],"score":181,"play_id":"3ee0f333-b7ce-440f-b630-975744387c2b","local_time":"20190707022137","is_ascension_mode":false,"campfire_choices":[{"data":"Well Laid Plans","floor":6,"key":"SMITH"},{"data":"Dash","floor":12,"key":"SMITH"},{"floor":15,"key":"REST"}],"neow_cost":"NONE","seed_source_timestamp":1205001592714100,"circlet_count":0,"master_deck":["Strike_G","Strike_G","Strike_G","Defend_G","Defend_G","Defend_G","Defend_G","Survivor","Neutralize","Sucker Punch","Deadly Poison","Skewer","Well Laid Plans+1","Escape Plan","Dash+1","Dagger Throw","All Out Attack","Malaise","Phantasmal Killer","Terror","Underhanded Strike","Leg Sweep","Dagger Throw"],"relics":["Ring of the Snake","Paper Crane","Dodecahedron","Runic Pyramid"],"potions_floor_usage":[],"damage_taken":[{"damage":5,"enemies":"Small Slimes","floor":1,"turns":4},{"damage":0,"enemies":"Cultist","floor":2,"turns":3},{"damage":3,"enemies":"Jaw Worm","floor":5,"turns":3},{"damage":8,"enemies":"Large Slime","floor":7,"turns":7},{"damage":2,"enemies":"Blue Slaver","floor":10,"turns":4},{"damage":5,"enemies":"Looter","floor":11,"turns":3},{"damage":16,"enemies":"Lagavulin","floor":13,"turns":7},{"damage":18,"enemies":"Hexaghost","floor":16,"turns":12},{"damage":22,"enemies":"Spheric Guardian","floor":18,"turns":4},{"damage":26,"enemies":"2 Thieves","floor":19,"turns":5},{"damage":28,"enemies":"Cultist and Chosen","floor":21,"turns":4}],"seed_played":"7389282742083164928","potions_obtained":[{"floor":2,"key":"Explosive Potion"},{"floor":13,"key":"Energy Potion"}],"is_trial":false,"path_per_floor":["M","M","?","?","M","R","M","$","T","M","M","R","E","?","R","B",null,"M","M","?","M"],"character_chosen":"THE_SILENT","items_purchased":["Dash"],"campfire_rested":1,"item_purchase_floors":[8],"current_hp_per_floor":[65,65,65,70,67,67,59,59,59,57,52,52,36,36,58,40,75,53,27,27,0],"gold":407,"neow_bonus":"TRANSFORM_CARD","is_prod":false,"is_daily":false,"chose_seed":false,"campfire_upgraded":2,"win_rate":0.0,"timestamp":1562433697,"path_taken":["M","M","?","?","M","R","M","$","T","M","M","R","E","?","R","BOSS","M","M","?","M"],"build_version":"2019-07-05","purchased_purges":1,"victory":false,"max_hp_per_floor":[70,70,70,75,75,75,75,75,75,75,75,75,75,75,75,75,75,75,75,75,75],"card_choices":[{"not_picked":["Acrobatics","PiercingWail"],"picked":"Deadly Poison","floor":1},{"not_picked":["Quick Slash","Dagger Spray"],"picked":"Skewer","floor":2},{"not_picked":["Poisoned Stab","All Out Attack"],"picked":"Well Laid Plans","floor":5},{"not_picked":["Underhanded Strike","Acrobatics"],"picked":"Escape Plan","floor":7},{"not_picked":["Flying Knee","PiercingWail"],"picked":"Dagger Throw","floor":10},{"not_picked":["Deflect","Slice"],"picked":"All Out Attack","floor":11},{"not_picked":["Flying Knee","Blade Dance"],"picked":"Malaise","floor":13},{"not_picked":["Tools of the Trade","Bullet Time"],"picked":"Phantasmal Killer","floor":16},{"not_picked":["PiercingWail","Prepared+1"],"picked":"Terror","floor":18},{"not_picked":["Poisoned Stab","Deflect"],"picked":"Underhanded Strike","floor":19}],"player_experience":28846,"relics_obtained":[{"floor":9,"key":"Paper Crane"},{"floor":13,"key":"Dodecahedron"}],"event_choices":[{"damage_healed":0,"gold_gain":175,"player_choice":"AGREE","damage_taken":0,"max_hp_gain":0,"max_hp_loss":0,"event_name":"Liars Game","floor":3,"gold_loss":0,"cards_obtained":["Doubt"]},{"damage_healed":0,"gold_gain":0,"player_choice":"Donut","damage_taken":0,"max_hp_gain":5,"max_hp_loss":0,"event_name":"Big Fish","floor":4,"gold_loss":0},{"damage_healed":0,"gold_gain":0,"player_choice":"Ignored","damage_taken":0,"max_hp_gain":0,"max_hp_loss":0,"event_name":"Golden Idol","floor":14,"gold_loss":0},{"damage_healed":0,"gold_gain":0,"cards_transformed":["Strike_G","Defend_G"],"player_choice":"Became Test Subject","damage_taken":0,"max_hp_gain":0,"max_hp_loss":0,"event_name":"Drug Dealer","floor":20,"gold_loss":0,"cards_obtained":["Leg Sweep","Dagger Throw"]}],"is_beta":false,"boss_relics":[{"not_picked":["Snecko Eye","WristBlade"],"picked":"Runic Pyramid"}],"items_purged_floors":[8],"is_endless":false,"potions_floor_spawned":[2,13,18],"killed_by":"Cultist and Chosen","ascension_level":0}