{"gold_per_floor":[212,212,226,226,226,226,265,284,284,284,302,320,103,116,116,210,210,233,27,27,48,62,62,96,96,96,0,0],"floor_reached":28,"playtime":1331,"items_purged":["Injury"],"score":417,"play_id":"5f2efafd-c315-45e6-a10a-93cdb8144632","local_time":"20190323205222","is_ascension_mode":true,"campfire_choices":[{"data":"Chaos","floor":6,"key":"SMITH"},{"floor":10,"key":"REST"},{"data":"Biased Cognition","floor":15,"key":"SMITH"},{"data":"Loop","floor":23,"key":"SMITH"}],"neow_cost":"NONE","seed_source_timestamp":1045154952663674,"circlet_count":0,"master_deck":["AscendersBane","Strike_B","Defend_B","Defend_B","Defend_B","Zap","Dualcast","Chaos+1","Ball Lightning","Biased Cognition+1","Loop+1","Glacier","Capacitor","Lockon","Ball Lightning","Thunder Strike","Capacitor+1","Static Discharge+1","Steam+1","Barrage+1","Writhe","Coolheaded"],"relics":["Cracked Core","Golden Idol","Bird Faced Urn","Sundial","Astrolabe","MealTicket","Pen Nib","Frozen Egg 2","DataDisk"],"potions_floor_usage":[11,12,16,18,28],"damage_taken":[{"damage":2,"enemies":"Jaw Worm","floor":1,"turns":3},{"damage":6,"enemies":"Cultist","floor":3,"turns":4},{"damage":32,"enemies":"Gremlin Nob","floor":7,"turns":4},{"damage":3,"enemies":"2 Louse","floor":8,"turns":2},{"damage":10,"enemies":"Exordium Wildlife","floor":11,"turns":5},{"damage":1,"enemies":"Looter","floor":12,"turns":3},{"damage":0,"enemies":"Large Slime","floor":14,"turns":3},{"damage":9,"enemies":"Hexaghost","floor":16,"turns":7},{"damage":20,"enemies":"2 Thieves","floor":18,"turns":5},{"damage":0,"enemies":"Spheric Guardian","floor":21,"turns":4},{"damage":21,"enemies":"Snake Plant","floor":22,"turns":4},{"damage":42,"enemies":"Slavers","floor":24,"turns":6},{"damage":20,"enemies":"Colosseum Slavers","floor":28,"turns":1}],"seed_played":"7918299101998293066","potions_obtained":[{"floor":7,"key":"Weak Potion"},{"floor":11,"key":"Poison Potion"},{"floor":14,"key":"Energy Potion"},{"floor":16,"key":"Block Potion"},{"floor":18,"key":"Dexterity Potion"}],"is_trial":false,"path_per_floor":["M","?","M","?","?","R","E","M","T","R","M","M","$","M","R","B",null,"M","$","?","M","M","R","E","?","T","?","?"],"character_chosen":"DEFECT","items_purchased":["Capacitor","Lockon","MealTicket"],"campfire_rested":1,"item_purchase_floors":[13,13,19],"current_hp_per_floor":[62,62,56,56,51,51,19,16,16,37,29,32,32,36,36,33,62,52,52,52,60,47,47,13,13,13,13,0],"gold":0,"neow_bonus":"HUNDRED_GOLD","is_prod":false,"is_daily":false,"chose_seed":false,"campfire_upgraded":3,"win_rate":0,"timestamp":1553374342,"path_taken":["M","?","?","?","?","R","E","M","T","R","M","M","?","M","R","BOSS","M","$","?","M","M","R","E","?","T","?","?"],"build_version":"2019-01-23","purchased_purges":1,"victory":false,"max_hp_per_floor":[71,71,71,71,71,71,71,71,71,71,71,71,71,71,71,71,71,71,71,71,71,71,71,71,71,71,71,71],"card_choices":[{"not_picked":["Barrage","Steam"],"picked":"Chaos","floor":1},{"not_picked":["Hello World","Compile Driver"],"picked":"Ball Lightning","floor":3},{"not_picked":["Hologram","Aggregate"],"picked":"Biased Cognition","floor":7},{"not_picked":["Compile Driver","Blizzard","Self Repair"],"picked":"SKIP","floor":8},{"not_picked":["Gash","Scrape"],"picked":"Loop","floor":11},{"not_picked":["Conserve Battery","Redo"],"picked":"Glacier","floor":12},{"not_picked":["Streamline","Barrage"],"picked":"Ball Lightning","floor":14},{"not_picked":["Machine Learning","Meteor Strike"],"picked":"Thunder Strike","floor":16},{"not_picked":["Streamline","Gash"],"picked":"Barrage+1","floor":18},{"not_picked":["Reprogram+1","Melter","Conserve Battery"],"picked":"SKIP","floor":21},{"not_picked":["Redo","Hologram"],"picked":"Coolheaded","floor":22},{"not_picked":["Leap","Chaos","Fusion"],"picked":"SKIP","floor":24}],"player_experience":1617272,"relics_obtained":[{"floor":7,"key":"Bird Faced Urn"},{"floor":9,"key":"Sundial"},{"floor":24,"key":"Frozen Egg 2"},{"floor":26,"key":"DataDisk"}],"event_choices":[{"cards_removed":["Strike_B"],"damage_healed":0,"gold_gain":0,"player_choice":"Offered Basic","damage_taken":0,"max_hp_gain":0,"max_hp_loss":0,"event_name":"Bonfire Elementals","floor":2,"gold_loss":0},{"damage_healed":0,"gold_gain":0,"player_choice":"Take Wound","damage_taken":0,"relics_obtained":["Golden Idol"],"max_hp_gain":0,"max_hp_loss":0,"event_name":"Golden Idol","floor":4,"gold_loss":0,"cards_obtained":["Injury"]},{"damage_healed":0,"gold_gain":0,"player_choice":"Fled","damage_taken":5,"max_hp_gain":0,"max_hp_loss":0,"event_name":"Scrap Ooze","floor":5,"gold_loss":0},{"damage_healed":0,"gold_gain":0,"player_choice":"Opened","damage_taken":0,"relics_obtained":["Pen Nib"],"max_hp_gain":0,"max_hp_loss":0,"event_name":"The Mausoleum","floor":20,"gold_loss":0,"cards_obtained":["Writhe"]},{"damage_healed":0,"gold_gain":0,"player_choice":"Ignored","damage_taken":0,"max_hp_gain":0,"max_hp_loss":0,"event_name":"Vampires","floor":25,"gold_loss":0},{"damage_healed":0,"gold_gain":0,"player_choice":"Paid Fearfully","damage_taken":0,"max_hp_gain":0,"max_hp_loss":0,"event_name":"Masked Bandits","floor":27,"gold_loss":96},{"damage_healed":0,"gold_gain":0,"player_choice":"Fight","damage_taken":0,"max_hp_gain":0,"max_hp_loss":0,"event_name":"Colosseum","floor":28,"gold_loss":0}],"is_beta":false,"boss_relics":[{"not_picked":["Runic Dome","Runic Pyramid"],"picked":"Astrolabe"}],"items_purged_floors":[13],"is_endless":false,"potions_floor_spawned":[7,11,14,16,18],"killed_by":"Colosseum Slavers","ascension_level":15}