{"gold_per_floor":[113,127,147,147,112,112,137,137,189,189,222,241,303,110,110,215,215,229,247,262,262,6,36,36,36,83,83,83,115,130,130,130,130],"floor_reached":33,"playtime":1411,"items_purged":["Strike_G"],"score":432,"play_id":"66ea8f98-3e29-4a0d-8f24-520b0d6573b1","local_time":"20190412234945","is_ascension_mode":true,"campfire_choices":[{"data":"Neutralize","floor":6.0,"key":"SMITH"},{"data":"Blade Dance","floor":8.0,"key":"SMITH"},{"data":"Predator","floor":10.0,"key":"SMITH"},{"floor":15.0,"key":"REST"},{"data":"Noxious Fumes","floor":25.0,"key":"SMITH"},{"data":"Malaise","floor":27.0,"key":"SMITH"},{"floor":32.0,"key":"REST"}],"neow_cost":"TEN_PERCENT_HP_LOSS","seed_source_timestamp":0,"circlet_count":0,"master_deck":["Defend_G","Defend_G","Defend_G","Defend_G","Strike_G+1","Strike_G+1","Strike_G","Survivor","Neutralize+1","Dodge and Roll","Predator+1","Blade Dance+1","PiercingWail","Noxious Fumes+1","Footwork","Malaise+1","Infinite Blades","Sucker Punch+1","Malaise","Cloak And Dagger","Shame","Ghostly","Ghostly","Ghostly","Ghostly","Ghostly"],"special_seed":0,"relics":["Ring of the Snake","Bronze Scales","Potion Belt","StoneCalendar","Lizard Tail","Lee\u0027s Waffle","Pear","Art of War","Kunai","Bottled Flame"],"potions_floor_usage":[],"damage_taken":[{"damage":0.0,"enemies":"Small Slimes","floor":1.0,"turns":3.0},{"damage":2.0,"enemies":"2 Louse","floor":2.0,"turns":3.0},{"damage":0.0,"enemies":"Cultist","floor":3.0,"turns":3.0},{"damage":21.0,"enemies":"3 Sentries","floor":7.0,"turns":10.0},{"damage":22.0,"enemies":"Lagavulin","floor":11.0,"turns":4.0},{"damage":1.0,"enemies":"Large Slime","floor":12.0,"turns":4.0},{"damage":7.0,"enemies":"Slime Boss","floor":16.0,"turns":7.0},{"damage":6.0,"enemies":"Spheric Guardian","floor":18.0,"turns":7.0},{"damage":6.0,"enemies":"Shell Parasite","floor":19.0,"turns":7.0},{"damage":21.0,"enemies":"Snecko","floor":20.0,"turns":7.0},{"damage":47.0,"enemies":"Slavers","floor":23.0,"turns":7.0},{"damage":9.0,"enemies":"Book of Stabbing","floor":29.0,"turns":7.0},{"damage":22.0,"enemies":"Shelled Parasite and Fungi","floor":30.0,"turns":5.0},{"damage":58,"enemies":"Automaton","floor":33,"turns":6}],"seed_played":"-5091491927429583022","potions_obtained":[{"floor":7.0,"key":"Energy Potion"},{"floor":12.0,"key":"SpeedPotion"},{"floor":16.0,"key":"Block Potion"},{"floor":29.0,"key":"SteroidPotion"}],"is_trial":false,"path_per_floor":["M","M","M","?","?","R","E","R","T","R","E","M","?","$","R","B",null,"M","M","M","?","$","E","$","R","T","R","?","E","M","?","R","B"],"character_chosen":"THE_SILENT","items_purchased":["Footwork","SteroidPotion","Lee\u0027s Waffle","Cloak And Dagger"],"campfire_rested":2,"item_purchase_floors":[14,14,22,22],"current_hp_per_floor":[63,61,61,48,63,63,42,42,42,42,20,19,19,19,37,30,55,49,43,22,22,70,33,33,33,33,33,33,24,2,2,14,0],"gold":130,"neow_bonus":"TRANSFORM_TWO_CARDS","is_prod":false,"is_daily":false,"chose_seed":false,"campfire_upgraded":5,"win_rate":0,"timestamp":1555138185,"path_taken":["M","M","M","?","?","R","E","R","T","R","E","M","?","$","R","BOSS","M","M","M","?","$","E","?","R","T","R","?","E","M","?","R","BOSS"],"build_version":"2019-01-23","purchased_purges":1,"victory":false,"max_hp_per_floor":[63,63,63,63,63,63,63,63,63,63,63,63,63,63,63,63,63,63,63,63,63,70,80,80,80,80,80,80,80,80,40,40,40],"card_choices":[{"not_picked":["Dagger Throw","Deadly Poison"],"picked":"Blade Dance","floor":1.0},{"not_picked":["Quick Slash","Choke","Flying Knee"],"picked":"SKIP","floor":2.0},{"not_picked":["Blade Dance","Dagger Throw","Dodge and Roll"],"picked":"SKIP","floor":3.0},{"not_picked":["Choke","Expertise","Tactician"],"picked":"SKIP","floor":7.0},{"not_picked":["Backflip","Sucker Punch"],"picked":"PiercingWail","floor":11.0},{"not_picked":["Deflect","Tactician"],"picked":"Noxious Fumes","floor":12.0},{"not_picked":["Phantasmal Killer","A Thousand Cuts"],"picked":"Malaise","floor":16.0},{"not_picked":["Endless Agony","Finisher"],"picked":"Infinite Blades","floor":18.0},{"not_picked":["Quick Slash","Flying Knee","Prepared"],"picked":"SKIP","floor":19.0},{"not_picked":["Choke+1","Slice+1"],"picked":"Sucker Punch+1","floor":20.0},{"not_picked":["Dagger Throw","Flying Knee+1","Masterful Stab"],"picked":"SKIP","floor":23.0},{"not_picked":["Blade Dance","Noxious Fumes","Outmaneuver+1"],"picked":"SKIP","floor":29.0},{"not_picked":["Doppelganger","Slice+1","Concentrate"],"picked":"SKIP","floor":30.0}],"player_experience":1296539,"relics_obtained":[{"floor":7.0,"key":"Bronze Scales"},{"floor":9.0,"key":"Potion Belt"},{"floor":11.0,"key":"StoneCalendar"},{"floor":23.0,"key":"Pear"},{"floor":26.0,"key":"Art of War"},{"floor":29.0,"key":"Bottled Flame"}],"event_choices":[{"damage_healed":0.0,"max_hp_gain":0.0,"max_hp_loss":0.0,"gold_gain":0.0,"event_name":"Shining Light","player_choice":"Entered Light","floor":4.0,"gold_loss":0.0,"damage_taken":13.0,"cards_upgraded":["Strike_G","Strike_G"]},{"damage_healed":15.0,"max_hp_gain":0.0,"max_hp_loss":0.0,"gold_gain":0.0,"event_name":"The Cleric","player_choice":"Healed","floor":5.0,"gold_loss":35.0,"damage_taken":0.0},{"damage_healed":0.0,"max_hp_gain":0.0,"max_hp_loss":0.0,"gold_gain":62.0,"event_name":"Golden Wing","player_choice":"Gained Gold","floor":13.0,"gold_loss":0.0,"damage_taken":0.0},{"damage_healed":0.0,"max_hp_gain":0.0,"max_hp_loss":0.0,"gold_gain":0.0,"event_name":"Duplicator","player_choice":"Copied","floor":21.0,"gold_loss":0.0,"damage_taken":0.0,"cards_obtained":["Malaise"]},{"damage_healed":0.0,"max_hp_gain":0.0,"max_hp_loss":0.0,"gold_gain":0.0,"event_name":"Addict","player_choice":"Stole Relic","floor":28.0,"gold_loss":0.0,"damage_taken":0.0,"relics_obtained":["Kunai"],"cards_obtained":["Shame"]},{"damage_healed":0.0,"max_hp_gain":0.0,"max_hp_loss":40.0,"gold_gain":0.0,"event_name":"Ghosts","player_choice":"Became a Ghost","floor":31.0,"gold_loss":0.0,"damage_taken":0.0,"cards_obtained":["Ghostly","Ghostly","Ghostly","Ghostly","Ghostly"]}],"is_beta":false,"boss_relics":[{"not_picked":["Cursed Key","Coffee Dripper"],"picked":"Lizard Tail"}],"items_purged_floors":[14],"is_endless":false,"potions_floor_spawned":[7,12,16,29],"killed_by":"Automaton","ascension_level":8}