{"gold_per_floor":[111,36,36,211,211,251,251,292,370,391,45,68,106,127,127,255,255,278,278,293,208,208,235,235,263,263,20,20,20,37,52,52,153,153,169,169,181,181,191,216,216,231,231,262,316,340,372,386,386,386],"floor_reached":51,"playtime":3222,"items_purged":["Strike_R","Doubt","Strike_R"],"score":1349,"play_id":"4efa3e4d-1f05-40b7-bf4f-3667406de38c","local_time":"20190101111836","is_ascension_mode":true,"campfire_choices":[{"data":"Bash","floor":7,"key":"SMITH"},{"data":"Flame Barrier","floor":15,"key":"SMITH"},{"data":"Armaments","floor":24,"key":"SMITH"},{"data":"Clothesline","floor":29,"key":"SMITH"},{"data":"Inflame","floor":32,"key":"SMITH"},{"data":"Battle Trance","floor":41,"key":"SMITH"},{"data":"Limit Break","floor":49,"key":"SMITH"}],"neow_cost":"NONE","seed_source_timestamp":1327071434334112,"circlet_count":0,"master_deck":["AscendersBane","Strike_R","Strike_R","Strike_R","Defend_R","Defend_R","Defend_R","Bash+1","Battle Trance+1","Clothesline+1","Armaments+1","Flame Barrier+1","Cleave+1","Reaper+1","Twin Strike+1","RitualDagger+1","Ghostly Armor","Sword Boomerang+1","Thunderclap+1","Whirlwind+1","Pummel+1","Inflame+1","Heavy Blade+1","Offering","Battle Trance+1","Writhe","Dropkick+1","Power Through+1","Shrug It Off+1","Limit Break+1","Shrug It Off+1"],"relics":["Burning Blood","NeowsBlessing","Bloody Idol","Gambling Chip","Mercury Hourglass","Bag of Preparation","Paper Frog","Molten Egg 2","Self Forming Clay","Sozu","Du-Vu Doll","Blue Candle","Blood Vial","Dodecahedron","MutagenicStrength","Eternal Feather","Sundial","Strawberry","Charon\u0027s Ashes","Ice Cream","Dream Catcher","Singing Bowl"],"potions_floor_usage":[16,25],"damage_taken":[{"damage":0,"enemies":"2 Louse","floor":1,"turns":1},{"damage":0,"enemies":"Lagavulin","floor":6,"turns":1},{"damage":0,"enemies":"3 Sentries","floor":8,"turns":1},{"damage":7,"enemies":"Jaw Worm","floor":10,"turns":2},{"damage":6,"enemies":"Small Slimes","floor":12,"turns":3},{"damage":30,"enemies":"Lagavulin","floor":13,"turns":5},{"damage":15,"enemies":"Exordium Thugs","floor":14,"turns":5},{"damage":12,"enemies":"Hexaghost","floor":16,"turns":9},{"damage":9,"enemies":"2 Thieves","floor":18,"turns":4},{"damage":0,"enemies":"Spheric Guardian","floor":20,"turns":3},{"damage":19,"enemies":"Book of Stabbing","floor":23,"turns":5},{"damage":8,"enemies":"Slavers","floor":25,"turns":5},{"damage":0,"enemies":"Centurion and Healer","floor":30,"turns":3},{"damage":13,"enemies":"Shelled Parasite and Fungi","floor":31,"turns":3},{"damage":29,"enemies":"Collector","floor":33,"turns":5},{"damage":0,"enemies":"Orb Walker","floor":35,"turns":1},{"damage":0,"enemies":"3 Shapes","floor":37,"turns":1},{"damage":0,"enemies":"Transient","floor":39,"turns":5},{"damage":6,"enemies":"Reptomancer","floor":40,"turns":2},{"damage":0,"enemies":"Sphere and 2 Shapes","floor":42,"turns":1},{"damage":13,"enemies":"Giant Head","floor":44,"turns":5},{"damage":7,"enemies":"2 Orb Walkers","floor":45,"turns":1},{"damage":6,"enemies":"Reptomancer","floor":47,"turns":3},{"damage":6,"enemies":"Writhing Mass","floor":48,"turns":2},{"damage":40,"enemies":"Donu and Deca","floor":50,"turns":6}],"seed_played":"-6720958410622661566","potions_obtained":[{"floor":12,"key":"Dexterity Potion"},{"floor":13,"key":"Fire Potion"}],"is_trial":false,"path_per_floor":["M","$","?","?","?","E","R","E","T","M","$","M","E","M","R","B",null,"M","?","M","?","?","E","R","E","T","$","?","R","M","M","R","B",null,"M","?","M","?","M","E","R","M","T","E","?","T","E","M","R","B",null],"character_chosen":"IRONCLAD","items_purchased":["Molten Egg 2","Whirlwind+1","Pummel+1"],"campfire_rested":0,"item_purchase_floors":[11,27,27],"current_hp_per_floor":[78,78,58,58,58,64,64,70,70,69,69,69,45,36,36,30,68,70,64,70,70,70,72,72,77,77,77,77,77,80,78,78,80,80,80,80,80,80,80,80,80,80,87,85,87,87,87,89,89,55],"gold":386,"neow_bonus":"THREE_ENEMY_KILL","is_prod":false,"is_daily":false,"chose_seed":false,"campfire_upgraded":7,"win_rate":0,"timestamp":1546370316,"path_taken":["M","$","?","?","?","E","R","E","T","?","$","M","E","M","R","BOSS","M","?","M","?","?","E","R","E","T","?","?","R","M","?","R","BOSS","M","?","M","?","M","E","R","M","T","E","?","?","E","M","R","BOSS"],"build_version":"2018-12-20","purchased_purges":3,"victory":true,"max_hp_per_floor":[80,80,80,80,80,80,80,80,80,80,80,80,80,80,80,80,80,80,80,80,80,80,80,80,80,80,80,80,80,80,80,80,80,80,80,80,80,80,80,80,80,80,87,87,87,87,87,89,89,89],"card_choices":[{"not_picked":["Anger","Pommel Strike"],"picked":"Iron Wave","floor":1},{"not_picked":["Dual Wield","Dark Embrace"],"picked":"Battle Trance","floor":6},{"not_picked":["Warcry","Thunderclap"],"picked":"Clothesline","floor":8},{"not_picked":["Demon Form","True Grit"],"picked":"Armaments","floor":10},{"not_picked":["Rupture","Flex","Heavy Blade+1"],"picked":"SKIP","floor":12},{"not_picked":["Metallicize","Flex"],"picked":"Flame Barrier","floor":13},{"not_picked":["Body Slam+1","Iron Wave+1"],"picked":"Cleave+1","floor":14},{"not_picked":["Dark Embrace","Double Tap"],"picked":"Reaper+1","floor":16},{"not_picked":["Havoc","True Grit"],"picked":"Twin Strike+1","floor":18},{"not_picked":["Armaments","Clash+1"],"picked":"Ghostly Armor","floor":20},{"not_picked":["Wild Strike+1","Havoc"],"picked":"Sword Boomerang+1","floor":23},{"not_picked":["Carnage+1","Pummel+1"],"picked":"Thunderclap+1","floor":25},{"not_picked":["Rupture","Sword Boomerang+1"],"picked":"Inflame","floor":30},{"not_picked":["Armaments","Wild Strike+1"],"picked":"Heavy Blade+1","floor":31},{"not_picked":["Fiend Fire+1","Double Tap"],"picked":"Offering","floor":33},{"not_picked":["Intimidate","Evolve+1"],"picked":"Battle Trance+1","floor":35},{"not_picked":["Burning Pact","Shrug It Off"],"picked":"Dropkick+1","floor":37},{"not_picked":["Whirlwind+1","Blood for Blood+1"],"picked":"Power Through+1","floor":39},{"not_picked":["Fire Breathing","Cleave+1"],"picked":"Shrug It Off+1","floor":40},{"not_picked":["Sword Boomerang+1","Reckless Charge+1"],"picked":"Limit Break","floor":42},{"not_picked":["Feed+1","Searing Blow+1","Havoc"],"picked":"SKIP","floor":44},{"not_picked":["Twin Strike+1","Intimidate"],"picked":"Shrug It Off+1","floor":47},{"not_picked":["Feel No Pain+1","Shrug It Off","Twin Strike+1"],"picked":"Singing Bowl","floor":48}],"player_experience":209878,"relics_obtained":[{"floor":6,"key":"Mercury Hourglass"},{"floor":8,"key":"Bag of Preparation"},{"floor":9,"key":"Paper Frog"},{"floor":13,"key":"Self Forming Clay"},{"floor":23,"key":"Blue Candle"},{"floor":25,"key":"Blood Vial"},{"floor":26,"key":"Dodecahedron"},{"floor":40,"key":"Sundial"},{"floor":43,"key":"Strawberry"},{"floor":44,"key":"Charon\u0027s Ashes"},{"floor":45,"key":"Ice Cream"},{"floor":46,"key":"Dream Catcher"},{"floor":47,"key":"Singing Bowl"}],"event_choices":[{"damage_healed":0,"gold_gain":0,"player_choice":"Take Damage","damage_taken":20,"relics_obtained":["Golden Idol"],"max_hp_gain":0,"max_hp_loss":0,"event_name":"Golden Idol","floor":3,"gold_loss":0},{"damage_healed":0,"gold_gain":175,"player_choice":"AGREE","damage_taken":0,"max_hp_gain":0,"max_hp_loss":0,"event_name":"Liars Game","floor":4,"gold_loss":0,"cards_obtained":["Doubt"]},{"cards_removed":["Iron Wave"],"damage_healed":0,"gold_gain":0,"player_choice":"Gave Card","damage_taken":0,"relics_obtained":["Gambling Chip"],"max_hp_gain":0,"max_hp_loss":0,"event_name":"WeMeetAgain","floor":5,"gold_loss":0},{"damage_healed":0,"gold_gain":0,"player_choice":"Joined the Cult","damage_taken":6,"max_hp_gain":0,"max_hp_loss":0,"event_name":"Nest","floor":19,"gold_loss":0,"cards_obtained":["RitualDagger"]},{"damage_healed":0,"gold_gain":0,"player_choice":"Obtained Relic","damage_taken":0,"relics_obtained":["Du-Vu Doll"],"max_hp_gain":0,"max_hp_loss":0,"event_name":"Addict","floor":21,"gold_loss":85},{"damage_healed":0,"gold_gain":0,"player_choice":"Gave Idol","damage_taken":0,"relics_obtained":["Bloody Idol"],"max_hp_gain":0,"max_hp_loss":0,"event_name":"Forgotten Altar","floor":22,"relics_lost":["Golden Idol"],"gold_loss":0},{"damage_healed":0,"gold_gain":0,"player_choice":"Inject Mutagens","damage_taken":0,"relics_obtained":["MutagenicStrength"],"max_hp_gain":0,"max_hp_loss":0,"event_name":"Drug Dealer","floor":28,"gold_loss":0},{"damage_healed":20,"gold_gain":0,"player_choice":"Writhe","damage_taken":0,"max_hp_gain":0,"max_hp_loss":0,"event_name":"Winding Halls","floor":36,"gold_loss":0,"cards_obtained":["Writhe"]},{"cards_removed":["Defend_R"],"damage_healed":0,"gold_gain":0,"player_choice":"Removed Skill","damage_taken":0,"max_hp_gain":0,"max_hp_loss":0,"event_name":"Falling","floor":38,"gold_loss":0},{"damage_healed":0,"gold_gain":0,"player_choice":"Fight","damage_taken":0,"max_hp_gain":0,"max_hp_loss":0,"event_name":"Mysterious Sphere","floor":45,"gold_loss":0}],"is_beta":false,"boss_relics":[{"not_picked":["Fusion Hammer","Runic Cube"],"picked":"Sozu"},{"not_picked":["Lizard Tail","Black Star"],"picked":"Eternal Feather"}],"items_purged_floors":[2,11,27],"is_endless":false,"potions_floor_spawned":[12,13,18,30,31,39,44,47,48],"ascension_level":10}