{"gold_per_floor":[117,42,42,42,66,66,81,81,81,98,126,143,156,170,170,270,270,260,260],"floor_reached":19,"playtime":2439,"items_purged":["Strike_R"],"score":177,"play_id":"1931b388-cbb9-404f-8ca1-216290fc7f10","local_time":"20190623020846","is_ascension_mode":true,"campfire_choices":[{"data":"Bash","floor":6,"key":"SMITH"},{"floor":15,"key":"REST"}],"neow_cost":"TEN_PERCENT_HP_LOSS","seed_source_timestamp":76724323755700,"circlet_count":0,"master_deck":["Strike_R","Strike_R","Strike_R","Defend_R","Defend_R","Defend_R","Bash+1","Shrug It Off","Pain","Dropkick","Armaments+1","Demon Form","Inflame","Cleave","Flex+1","Limit Break+1","Rage+1"],"relics":["Burning Blood","Lantern","Toxic Egg 2","Centennial Puzzle","Black Star"],"potions_floor_usage":[16,16,18],"damage_taken":[{"damage":0,"enemies":"Small Slimes","floor":1,"turns":4},{"damage":7,"enemies":"Cultist","floor":7,"turns":4},{"damage":4,"enemies":"Jaw Worm","floor":10,"turns":2},{"damage":36,"enemies":"3 Sentries","floor":11,"turns":15},{"damage":26,"enemies":"Exordium Thugs","floor":12,"turns":4},{"damage":15,"enemies":"Gremlin Gang","floor":13,"turns":7},{"damage":1,"enemies":"Looter","floor":14,"turns":3},{"damage":9,"enemies":"Slime Boss","floor":16,"turns":7},{"damage":27,"enemies":"2 Thieves","floor":18,"turns":4},{"damage":54,"enemies":"Masked Bandits","floor":19,"turns":4}],"seed_played":"7234011114393759833","potions_obtained":[{"floor":10,"key":"Ancient Potion"},{"floor":14,"key":"Poison Potion"},{"floor":16,"key":"Fire Potion"}],"is_trial":false,"path_per_floor":["M","$","?","$","T","R","M","$","T","M","E","M","M","M","R","B",null,"M","?"],"character_chosen":"IRONCLAD","items_purchased":[],"campfire_rested":1,"item_purchase_floors":[],"current_hp_per_floor":[72,72,72,72,72,72,71,71,71,72,42,22,13,18,39,36,72,51,0],"gold":260,"neow_bonus":"REMOVE_TWO","is_prod":false,"is_daily":false,"chose_seed":false,"campfire_upgraded":1,"win_rate":0,"timestamp":1561280926,"path_taken":["M","$","?","$","?","R","M","?","T","?","E","M","M","?","R","BOSS","M","?"],"build_version":"2019-01-23","purchased_purges":1,"victory":false,"max_hp_per_floor":[72,72,72,72,72,72,72,72,72,72,72,72,72,72,72,72,72,72,72],"card_choices":[{"not_picked":["Body Slam","Sword Boomerang"],"picked":"Shrug It Off","floor":1},{"not_picked":["Headbutt","Seeing Red"],"picked":"Dropkick","floor":7},{"not_picked":["Blood for Blood","Pummel"],"picked":"Armaments+1","floor":10},{"not_picked":["Clothesline","Spot Weakness+1"],"picked":"Demon Form","floor":11},{"not_picked":["Shrug It Off+1","Pommel Strike"],"picked":"Inflame","floor":12},{"not_picked":["Heavy Blade","Iron Wave"],"picked":"Cleave","floor":13},{"not_picked":["Perfected Strike","Armaments+1"],"picked":"Flex+1","floor":14},{"not_picked":["Feed","Impervious+1"],"picked":"Limit Break+1","floor":16},{"not_picked":["True Grit+1","Heavy Blade"],"picked":"Rage+1","floor":18}],"player_experience":78410,"relics_obtained":[{"floor":5,"key":"Lantern"},{"floor":9,"key":"Toxic Egg 2"},{"floor":11,"key":"Centennial Puzzle"}],"event_choices":[{"damage_healed":0,"gold_gain":0,"player_choice":"1 cards matched","damage_taken":0,"max_hp_gain":0,"max_hp_loss":0,"event_name":"Match and Keep!","floor":3,"gold_loss":0,"cards_obtained":["Pain"]},{"damage_healed":0,"gold_gain":0,"player_choice":"Fought Bandits","damage_taken":0,"max_hp_gain":0,"max_hp_loss":0,"event_name":"Masked Bandits","floor":19,"gold_loss":0}],"is_beta":false,"boss_relics":[{"not_picked":["Black Blood","Runic Dome"],"picked":"Black Star"}],"items_purged_floors":[2],"is_endless":false,"potions_floor_spawned":[10,14,16],"killed_by":"Masked Bandits","ascension_level":1}