{"gold_per_floor":[115,115,127,127,127,127,137,137,189,203,216,242,242,74,74,150,150,150,150,150,75,0,0,0,0,0,0,0,0,0,0],"floor_reached":31,"playtime":930,"items_purged":["Strike_B"],"score":498,"play_id":"46f9b734-f930-49f1-a3a7-116e3db9abd9","local_time":"20190428222130","is_ascension_mode":true,"campfire_choices":[{"data":"Zap","floor":6,"key":"SMITH"},{"data":"Go for the Eyes","floor":8,"key":"SMITH"},{"data":"Dualcast","floor":13,"key":"SMITH"},{"data":"Leap","floor":15,"key":"SMITH"},{"data":"Seek","floor":23,"key":"SMITH"},{"data":"Loop","floor":25,"key":"SMITH"}],"neow_cost":"NONE","seed_source_timestamp":717962125449500,"circlet_count":0,"master_deck":["AscendersBane","Strike_B","Strike_B","Defend_B","Defend_B","Defend_B","Defend_B","Zap+1","Dualcast+1","Ball Lightning+1","Ball Lightning+1","Leap+1","All For One+1","Go for the Eyes+1","Chill","Seek+1","Loop+1"],"relics":["Cracked Core","Whetstone","Dream Catcher","Orichalcum","Ectoplasm","MawBank","Meat on the Bone"],"potions_floor_usage":[3,16,16],"damage_taken":[{"damage":11,"enemies":"Small Slimes","floor":1,"turns":3},{"damage":0,"enemies":"Cultist","floor":3,"turns":3},{"damage":2,"enemies":"Jaw Worm","floor":7,"turns":2},{"damage":3,"enemies":"Large Slime","floor":10,"turns":3},{"damage":3,"enemies":"Exordium Thugs","floor":11,"turns":3},{"damage":22,"enemies":"Lagavulin","floor":12,"turns":4},{"damage":12,"enemies":"Hexaghost","floor":16,"turns":9},{"damage":2,"enemies":"Shell Parasite","floor":18,"turns":5},{"damage":16,"enemies":"Book of Stabbing","floor":24,"turns":5},{"damage":17,"enemies":"2 Thieves","floor":27,"turns":4},{"damage":28,"enemies":"3 Cultists","floor":31,"turns":5}],"seed_played":"-544767271962924005","potions_obtained":[{"floor":1,"key":"Fruit Juice"},{"floor":7,"key":"Fire Potion"},{"floor":12,"key":"PowerPotion"},{"floor":27,"key":"SteroidPotion"}],"is_trial":false,"path_per_floor":["M","?","M","?","?","R","M","R","T","M","M","E","R","$","R","B",null,"M","?","?","$","?","R","E","R","T","M","T","?","?","M"],"character_chosen":"DEFECT","items_purchased":["Orichalcum"],"campfire_rested":0,"item_purchase_floors":[14],"current_hp_per_floor":[60,60,65,70,70,70,68,68,68,65,62,40,40,40,40,28,73,71,71,45,45,45,45,29,29,29,24,24,24,24,0],"gold":0,"neow_bonus":"TEN_PERCENT_HP_BONUS","is_prod":false,"is_daily":false,"chose_seed":false,"campfire_upgraded":6,"win_rate":0,"timestamp":1556515290,"path_taken":["M","?","?","?","?","R","?","R","T","M","M","E","R","$","R","BOSS","M","?","?","$","?","R","E","R","T","?","?","?","?","M"],"build_version":"2019-01-23","purchased_purges":1,"victory":false,"max_hp_per_floor":[78,78,83,88,88,88,88,88,88,88,88,88,88,88,88,88,88,88,88,93,93,93,93,93,93,93,93,93,93,93,93],"card_choices":[{"not_picked":["Streamline","Force Field"],"picked":"Ball Lightning","floor":1},{"not_picked":["Redo","Barrage"],"picked":"Ball Lightning","floor":3},{"not_picked":["Self Repair","Beam Cell"],"picked":"Go for the Eyes","floor":7},{"not_picked":["Conserve Battery","Leap"],"picked":"Chill","floor":10},{"not_picked":["Coolheaded","Sunder","Aggregate"],"picked":"SKIP","floor":11},{"not_picked":["Chaos","Core Surge","Coolheaded"],"picked":"SKIP","floor":12},{"not_picked":["Rainbow","Machine Learning"],"picked":"Seek","floor":16},{"not_picked":["Static Discharge","Go for the Eyes"],"picked":"Loop","floor":18},{"not_picked":["Doom and Gloom","Skim","Stack"],"picked":"SKIP","floor":24},{"not_picked":["Go for the Eyes","Force Field","Loop+1"],"picked":"SKIP","floor":27}],"player_experience":1322235,"relics_obtained":[{"floor":9,"key":"Whetstone"},{"floor":12,"key":"Dream Catcher"},{"floor":24,"key":"MawBank"},{"floor":26,"key":"Meat on the Bone"}],"event_choices":[{"cards_removed":["Strike_B"],"damage_healed":0,"gold_gain":0,"player_choice":"Purged","damage_taken":0,"max_hp_gain":0,"max_hp_loss":0,"event_name":"Purifier","floor":2,"gold_loss":0},{"damage_healed":0,"gold_gain":0,"player_choice":"Donut","damage_taken":0,"max_hp_gain":5,"max_hp_loss":0,"event_name":"Big Fish","floor":4,"gold_loss":0},{"damage_healed":0,"gold_gain":0,"player_choice":"2 cards matched","damage_taken":0,"max_hp_gain":0,"max_hp_loss":0,"event_name":"Match and Keep!","floor":5,"gold_loss":0,"cards_obtained":["Leap","All For One"]},{"damage_healed":0,"gold_gain":50,"player_choice":"Stole From Cult","damage_taken":0,"max_hp_gain":0,"max_hp_loss":0,"event_name":"Nest","floor":19,"gold_loss":0},{"damage_healed":0,"gold_gain":0,"player_choice":"Shed Blood","damage_taken":31,"max_hp_gain":5,"max_hp_loss":0,"event_name":"Forgotten Altar","floor":20,"gold_loss":0},{"damage_healed":0,"gold_gain":0,"player_choice":"Paid Fearfully","damage_taken":0,"max_hp_gain":0,"max_hp_loss":0,"event_name":"Masked Bandits","floor":22,"gold_loss":75},{"damage_healed":0,"gold_gain":0,"player_choice":"Ignored","damage_taken":0,"max_hp_gain":0,"max_hp_loss":0,"event_name":"Vampires","floor":29,"gold_loss":0},{"damage_healed":0,"gold_gain":0,"player_choice":"Upgraded","damage_taken":0,"max_hp_gain":0,"max_hp_loss":0,"event_name":"Upgrade Shrine","floor":30,"gold_loss":0,"cards_upgraded":["Ball Lightning"]}],"is_beta":false,"boss_relics":[{"not_picked":["White Beast Statue","Orrery"],"picked":"Ectoplasm"}],"items_purged_floors":[21],"is_endless":false,"potions_floor_spawned":[1,7,12,27],"killed_by":"3 Cultists","ascension_level":18}