{"gold_per_floor":[109,122,122,122,122,165,188,188,213,248,242,17,51,81,81,202,202,225,264,264,164,187,187,227,248,248,261,275,275,275,299,299,420,420,443,443,776,789,332,359,377,377,377,227,246,265,265,294,294,294],"floor_reached":51,"playtime":2785,"items_purged":["Strike_G","Defend_G","Strike_G","Strike_G"],"score":1130,"play_id":"e6d4037a-e327-4300-a9e2-dc609e46e37e","local_time":"20190505075216","is_ascension_mode":true,"campfire_choices":[{"data":"Noxious Fumes","floor":8.0,"key":"SMITH"},{"floor":15.0,"key":"REST"},{"data":"Catalyst","floor":23.0,"key":"SMITH"},{"floor":29.0,"key":"REST"},{"floor":32.0,"key":"RECALL"},{"floor":42.0,"key":"REST"},{"floor":47.0,"key":"REST"},{"floor":49,"key":"REST"}],"neow_cost":"NONE","seed_source_timestamp":0,"circlet_count":0,"master_deck":["Defend_G","Defend_G","Defend_G","Defend_G","Survivor","Neutralize","Cloak And Dagger","Noxious Fumes+1","Backstab","Catalyst+1","Backflip","Deflect+1","Noxious Fumes+1","Bouncing Flask","Malaise+1","Crippling Poison+1","Parasite","Leg Sweep+1","Envenom"],"special_seed":0,"relics":["Ring of the Snake","Centennial Puzzle","Strawberry","Lantern","Snake Skull","Blue Candle","Paper Crane","White Beast Statue","Red Mask","Dead Branch","Toxic Egg 2","Fusion Hammer","Kunai","Sundial","Blood Vial","Bronze Scales"],"potions_floor_usage":[48,48,48,50],"damage_taken":[{"damage":0.0,"enemies":"Small Slimes","floor":1.0,"turns":5.0},{"damage":3.0,"enemies":"2 Louse","floor":2.0,"turns":3.0},{"damage":32.0,"enemies":"Lagavulin","floor":6.0,"turns":11.0},{"damage":0.0,"enemies":"Cultist","floor":7.0,"turns":4.0},{"damage":17.0,"enemies":"Gremlin Nob","floor":10.0,"turns":4.0},{"damage":6.0,"enemies":"Exordium Thugs","floor":11.0,"turns":4.0},{"damage":0.0,"enemies":"3 Sentries","floor":13.0,"turns":8.0},{"damage":10.0,"enemies":"Hexaghost","floor":16.0,"turns":10.0},{"damage":2.0,"enemies":"Shell Parasite","floor":18.0,"turns":6.0},{"damage":13.0,"enemies":"Masked Bandits","floor":19.0,"turns":6.0},{"damage":0.0,"enemies":"Chosen","floor":22.0,"turns":5.0},{"damage":6.0,"enemies":"Gremlin Leader","floor":24.0,"turns":6.0},{"damage":4.0,"enemies":"Snecko","floor":25.0,"turns":5.0},{"damage":14.0,"enemies":"3 Cultists","floor":27.0,"turns":5.0},{"damage":0.0,"enemies":"Centurion and Healer","floor":28.0,"turns":4.0},{"damage":0.0,"enemies":"Chosen and Byrds","floor":31.0,"turns":4.0},{"damage":15.0,"enemies":"Champ","floor":33.0,"turns":7.0},{"damage":6.0,"enemies":"3 Darklings","floor":35.0,"turns":5.0},{"damage":1.0,"enemies":"3 Shapes","floor":38.0,"turns":3.0},{"damage":14.0,"enemies":"Nemesis","floor":40.0,"turns":5.0},{"damage":0.0,"enemies":"Writhing Mass","floor":41.0,"turns":4.0},{"damage":3.0,"enemies":"Transient","floor":45.0,"turns":5.0},{"damage":4.0,"enemies":"Sphere and 2 Shapes","floor":46.0,"turns":4.0},{"damage":33,"enemies":"Reptomancer","floor":48,"turns":5},{"damage":24,"enemies":"Donu and Deca","floor":50,"turns":8}],"seed_played":"-1491484481875018215","potions_obtained":[{"floor":2.0,"key":"FearPotion"},{"floor":7.0,"key":"Strength Potion"},{"floor":11.0,"key":"Energy Potion"},{"floor":13.0,"key":"Dexterity Potion"},{"floor":18.0,"key":"Dexterity Potion"},{"floor":19.0,"key":"Poison Potion"},{"floor":22.0,"key":"EntropicBrew"},{"floor":24.0,"key":"EssenceOfSteel"},{"floor":27.0,"key":"Dexterity Potion"},{"floor":30.0,"key":"EntropicBrew"},{"floor":33.0,"key":"FearPotion"},{"floor":35.0,"key":"Energy Potion"},{"floor":40.0,"key":"Energy Potion"},{"floor":41.0,"key":"PowerPotion"},{"floor":48,"key":"SkillPotion"}],"is_trial":false,"path_per_floor":["M","M","?","?","?","E","M","R","T","E","M","$","E","?","R","B",null,"M","?","?","$","M","R","E","M","T","M","M","R","?","M","R","B",null,"M","?","?","M","$","E","M","R","T","$","M","M","R","E","R","B",null],"character_chosen":"THE_SILENT","items_purchased":["Snake Skull","Kunai","Crippling Poison+1"],"campfire_rested":5,"item_purchase_floors":[12,39,39],"current_hp_per_floor":[70,67,67,67,67,35,35,35,42,25,19,19,19,19,42,32,67,65,52,52,52,52,52,46,42,42,28,28,51,51,51,51,36,68,62,62,62,61,61,47,47,70,70,70,69,67,78,45,68,46],"gold":294,"neow_bonus":"TEN_PERCENT_HP_BONUS","is_prod":false,"is_daily":false,"chose_seed":false,"campfire_upgraded":2,"win_rate":0,"timestamp":1557067936,"path_taken":["M","M","?","?","?","E","M","R","T","E","?","?","E","?","R","BOSS","M","?","?","$","?","R","E","M","T","M","M","R","?","M","R","BOSS","M","?","?","?","$","E","M","R","T","$","M","M","R","E","R","BOSS"],"build_version":"2019-01-23","purchased_purges":4,"victory":true,"max_hp_per_floor":[77,77,77,71,71,71,71,71,78,78,78,78,78,78,78,78,78,78,78,78,78,78,78,78,78,78,78,78,78,78,78,78,78,78,78,78,78,78,78,78,78,78,78,78,78,78,78,78,78,78],"card_choices":[{"not_picked":["Flying Knee","Backstab"],"picked":"Cloak And Dagger","floor":1.0},{"not_picked":["Dodge and Roll","Quick Slash"],"picked":"Noxious Fumes","floor":2.0},{"not_picked":["Quick Slash","Setup"],"picked":"Catalyst","floor":6.0},{"not_picked":["Acrobatics","Quick Slash","Dagger Throw"],"picked":"SKIP","floor":7.0},{"not_picked":["Distraction","Outmaneuver","Flechettes"],"picked":"SKIP","floor":10.0},{"not_picked":["Underhanded Strike","Blade Dance"],"picked":"Backflip","floor":11.0},{"not_picked":["Underhanded Strike","Eviscerate","Terror"],"picked":"SKIP","floor":13.0},{"not_picked":["Quick Slash","Dagger Spray","Blade Dance"],"picked":"SKIP","floor":18.0},{"not_picked":["Flying Knee","Night Terror"],"picked":"Deflect+1","floor":19.0},{"not_picked":["Slice+1","Deflect","Dagger Throw+1"],"picked":"SKIP","floor":22.0},{"not_picked":["Deflect+1","Escape Plan"],"picked":"Bouncing Flask","floor":24.0},{"not_picked":["Reflex+1","Heel Hook","Choke"],"picked":"SKIP","floor":25.0},{"not_picked":["Prepared+1","Accuracy"],"picked":"Endless Agony+1","floor":27.0},{"not_picked":["Dagger Spray+1","Caltrops+1","PiercingWail+1"],"picked":"SKIP","floor":28.0},{"not_picked":["Setup+1","Masterful Stab","Riddle With Holes"],"picked":"SKIP","floor":31.0},{"not_picked":["Grand Finale","Doppelganger+1"],"picked":"Malaise+1","floor":33.0},{"not_picked":["Heel Hook+1","Quick Slash+1","Reflex+1"],"picked":"SKIP","floor":35.0},{"not_picked":["Bouncing Flask+1","Deadly Poison+1","Terror+1"],"picked":"SKIP","floor":38.0},{"not_picked":["Concentrate+1","All Out Attack","Backstab+1"],"picked":"SKIP","floor":40.0},{"not_picked":["Expertise+1","Dagger Throw"],"picked":"Leg Sweep+1","floor":41.0},{"not_picked":["Dodge and Roll+1","Cloak And Dagger+1","Outmaneuver+1"],"picked":"SKIP","floor":45.0},{"not_picked":["Prepared+1","Acrobatics+1","Quick Slash"],"picked":"SKIP","floor":46.0},{"not_picked":["Unload","Dagger Throw"],"picked":"Envenom","floor":48}],"player_experience":1323773,"relics_obtained":[{"floor":6.0,"key":"Centennial Puzzle"},{"floor":9.0,"key":"Strawberry"},{"floor":10.0,"key":"Lantern"},{"floor":13.0,"key":"Blue Candle"},{"floor":19.0,"key":"Red Mask"},{"floor":24.0,"key":"Dead Branch"},{"floor":26.0,"key":"Toxic Egg 2"},{"floor":40.0,"key":"Sundial"},{"floor":43.0,"key":"Blood Vial"},{"floor":48,"key":"Bronze Scales"}],"event_choices":[{"cards_removed":["Strike_G"],"damage_healed":0.0,"max_hp_gain":0.0,"max_hp_loss":0.0,"gold_gain":0.0,"event_name":"Living Wall","player_choice":"Forget","floor":3.0,"gold_loss":0.0,"damage_taken":0.0},{"damage_healed":0.0,"max_hp_gain":0.0,"max_hp_loss":6.0,"gold_gain":0.0,"event_name":"Golden Idol","player_choice":"Lose Max HP","floor":4.0,"gold_loss":0.0,"damage_taken":0.0,"relics_obtained":["Golden Idol"]},{"damage_healed":0.0,"max_hp_gain":0.0,"max_hp_loss":0.0,"gold_gain":0.0,"cards_transformed":["Strike_G"],"event_name":"Transmorgrifier","player_choice":"Transformed","floor":5.0,"gold_loss":0.0,"damage_taken":0.0,"cards_obtained":["Backstab"]},{"damage_healed":0.0,"max_hp_gain":0.0,"max_hp_loss":0.0,"gold_gain":30.0,"event_name":"Dead Adventurer","player_choice":"Searched \u00272\u0027 times","floor":14.0,"gold_loss":0.0,"damage_taken":0.0,"relics_obtained":["Paper Crane"]},{"damage_healed":0.0,"max_hp_gain":0.0,"max_hp_loss":0.0,"gold_gain":0.0,"event_name":"Masked Bandits","player_choice":"Fought Bandits","floor":19.0,"gold_loss":0.0,"damage_taken":0.0},{"damage_healed":0.0,"max_hp_gain":0.0,"max_hp_loss":0.0,"gold_gain":0.0,"event_name":"Duplicator","player_choice":"Copied","floor":20.0,"gold_loss":0.0,"damage_taken":0.0,"cards_obtained":["Noxious Fumes"]},{"damage_healed":0.0,"max_hp_gain":0.0,"max_hp_loss":0.0,"gold_gain":0.0,"event_name":"Lab","player_choice":"Got Potions","floor":30.0,"gold_loss":0.0,"damage_taken":0.0},{"cards_removed":["Endless Agony"],"damage_healed":0.0,"max_hp_gain":0.0,"max_hp_loss":0.0,"gold_gain":0.0,"event_name":"Falling","player_choice":"Removed Attack","floor":36.0,"gold_loss":0.0,"damage_taken":0.0},{"damage_healed":0.0,"max_hp_gain":0.0,"max_hp_loss":0.0,"gold_gain":333.0,"event_name":"The Moai Head","player_choice":"Gave Idol","floor":37.0,"relics_lost":["Golden Idol"],"gold_loss":0.0,"damage_taken":0.0}],"is_beta":false,"boss_relics":[{"not_picked":["Velvet Choker","Snecko Eye"],"picked":"White Beast Statue"},{"not_picked":["Runic Dome","Calling Bell"],"picked":"Fusion Hammer"}],"items_purged_floors":[12,21,39,44],"is_endless":false,"potions_floor_spawned":[2,7,11,13,18,19,22,24,25,27,28,31,33,35,38,40,41,45,46,48],"ascension_level":9}