{"gold_per_floor":[118,118,19,32,49,80,96,129,129,158,244,261,272,300,300,399,399,411,428,428,107,127,162,162,187,187,203,232,232,46,60,60,158,158,173,173,50,65,84,84,101,101,101,130,143,94,94,109,109,109],"floor_reached":51,"playtime":4711,"items_purged":["Regret"],"score":1104,"play_id":"ea3ebf45-c237-4443-8c49-c5e29d4d8cfc","local_time":"20180806133404","is_ascension_mode":true,"campfire_choices":[{"data":"Injury","floor":15,"key":"PURGE"},{"data":"Shockwave","floor":24,"key":"SMITH"},{"data":"Writhe","floor":29,"key":"PURGE"},{"data":"Inflame","floor":32,"key":"SMITH"},{"data":"Strike_R","floor":40,"key":"PURGE"},{"data":"Strike_R","floor":42,"key":"PURGE"},{"data":"Corruption","floor":47,"key":"SMITH"},{"data":"Decay","floor":49,"key":"PURGE"}],"neow_cost":"CURSE","seed_source_timestamp":229785427860911,"circlet_count":0,"master_deck":["Strike_R","Strike_R","Strike_R","Defend_R","Defend_R","Defend_R","Defend_R","Bash","Ghostly Armor","Headbutt","Anger","Impervious","Shrug It Off","Headbutt","True Grit","Iron Wave","Cleave","Pommel Strike","Shockwave+1","Impervious","Clothesline","Shrug It Off","Inflame+1","Thunderclap","Battle Trance+1","Whirlwind+1","Evolve","Shrug It Off","Metallicize","Heavy Blade","Reaper","Power Through+1","Madness","Madness","Corruption+1","Armaments","Ghostly Armor+1"],"relics":["Burning Blood","Ginger","Red Skull","Peace Pipe","StoneCalendar","Gambling Chip","Bird Faced Urn","Tiny Chest","Paper Frog","Cursed Key","Dead Branch","Centennial Puzzle","Oddly Smooth Stone","Mango","Ornamental Fan","Regal Pillow","Busted Crown","Question Card","Ancient Tea Set"],"potions_floor_usage":[6,11,16,23,23,28,33,50,50],"damage_taken":[{"damage":8,"enemies":"Jaw Worm","floor":1,"turns":5},{"damage":1,"enemies":"Cultist","floor":4,"turns":4},{"damage":4,"enemies":"Small Slimes","floor":5,"turns":4},{"damage":8,"enemies":"Gremlin Nob","floor":6,"turns":4},{"damage":0,"enemies":"Exordium Wildlife","floor":7,"turns":3},{"damage":27,"enemies":"Lagavulin","floor":8,"turns":6},{"damage":5,"enemies":"3 Sentries","floor":10,"turns":7},{"damage":15,"enemies":"Gremlin Nob","floor":11,"turns":4},{"damage":10,"enemies":"Lots of Slimes","floor":12,"turns":3},{"damage":0,"enemies":"Large Slime","floor":13,"turns":4},{"damage":24,"enemies":"Lagavulin","floor":14,"turns":7},{"damage":4,"enemies":"Hexaghost","floor":16,"turns":11},{"damage":4,"enemies":"Shell Parasite","floor":18,"turns":6},{"damage":12,"enemies":"Spheric Guardian","floor":19,"turns":5},{"damage":24,"enemies":"Slaver and Parasite","floor":22,"turns":7},{"damage":5,"enemies":"Book of Stabbing","floor":23,"turns":5},{"damage":11,"enemies":"Slavers","floor":25,"turns":3},{"damage":8,"enemies":"Snake Plant","floor":27,"turns":4},{"damage":14,"enemies":"Gremlin Leader","floor":28,"turns":6},{"damage":14,"enemies":"Snecko","floor":31,"turns":4},{"damage":8,"enemies":"Champ","floor":33,"turns":5},{"damage":0,"enemies":"Flame Bruiser 1 Orb","floor":35,"turns":3},{"damage":29,"enemies":"3 Darklings","floor":38,"turns":4},{"damage":8,"enemies":"Sphere and 2 Shapes","floor":39,"turns":4},{"damage":12,"enemies":"4 Shapes","floor":41,"turns":2},{"damage":8,"enemies":"Nemesis","floor":44,"turns":5},{"damage":0,"enemies":"Flame Bruiser 2 Orb","floor":45,"turns":2},{"damage":18,"enemies":"Spire Growth","floor":48,"turns":5},{"damage":50,"enemies":"Time Eater","floor":50,"turns":6}],"seed_played":"1756650488194751542","potions_obtained":[{"floor":4,"key":"GamblersBrew"},{"floor":7,"key":"Block Potion"},{"floor":8,"key":"Ancient Potion"},{"floor":10,"key":"Swift Potion"},{"floor":13,"key":"PowerPotion"},{"floor":18,"key":"Poison Potion"},{"floor":25,"key":"Dexterity Potion"},{"floor":27,"key":"LiquidBronze"},{"floor":31,"key":"Strength Potion"},{"floor":33,"key":"Explosive Potion"},{"floor":45,"key":"SkillPotion"}],"is_trial":false,"path_per_floor":["M","?","$","M","M","E","M","E","T","E","?","M","M","E","R","B",null,"M","M","?","$","M","E","R","E","T","M","E","R","$","M","R","B",null,"M","?","$","M","M","R","M","R","T","E","M","$","R","M","R","B"],"character_chosen":"IRONCLAD","items_purchased":["Headbutt","Dead Branch","Inflame","Metallicize","Regal Pillow","Corruption","Armaments","Swift Potion"],"campfire_rested":0,"item_purchase_floors":[3,21,21,30,30,37,37,46],"current_hp_per_floor":[70,70,70,75,77,75,80,59,59,60,51,47,53,35,35,39,70,72,66,66,66,50,51,51,46,60,60,54,54,54,48,48,48,83,91,79,79,68,94,94,94,94,94,94,94,94,94,94,94,68],"gold":109,"neow_bonus":"ONE_RARE_RELIC","is_prod":false,"is_daily":false,"chose_seed":false,"campfire_upgraded":3,"win_rate":0,"timestamp":1533587644,"path_taken":["M","?","$","?","M","E","M","E","T","E","?","M","M","E","R","BOSS","M","M","?","$","M","E","R","E","T","M","E","R","$","M","R","BOSS","M","?","$","?","M","R","?","R","T","E","?","?","R","M","R","BOSS"],"build_version":"2018-08-02","purchased_purges":1,"victory":true,"max_hp_per_floor":[80,80,80,80,80,80,80,80,80,80,80,80,80,80,80,80,80,80,80,80,80,80,80,80,80,94,94,94,94,94,94,94,94,94,94,94,94,94,94,94,94,94,94,94,94,94,94,94,94,94],"card_choices":[{"not_picked":["Blood for Blood","True Grit"],"picked":"Ghostly Armor","floor":1},{"not_picked":["Havoc","Cleave"],"picked":"Anger","floor":4},{"not_picked":["Thunderclap","Dropkick"],"picked":"Impervious","floor":5},{"not_picked":["Body Slam","Clash"],"picked":"Shrug It Off","floor":6},{"not_picked":["Perfected Strike","Reckless Charge"],"picked":"Headbutt","floor":7},{"not_picked":["Sword Boomerang","Flex"],"picked":"True Grit","floor":8},{"not_picked":["Rage","Ghostly Armor"],"picked":"Iron Wave","floor":10},{"not_picked":["Perfected Strike","Limit Break"],"picked":"Cleave","floor":11},{"not_picked":["Headbutt","Cleave"],"picked":"Pommel Strike","floor":12},{"not_picked":["Iron Wave","Pommel Strike","Second Wind"],"picked":"SKIP","floor":13},{"not_picked":["Headbutt","Metallicize"],"picked":"Shockwave","floor":14},{"not_picked":["Barricade","Double Tap"],"picked":"Impervious","floor":16},{"not_picked":["Pommel Strike","Sever Soul"],"picked":"Clothesline","floor":18},{"not_picked":["Anger","Infernal Blade+1"],"picked":"Shrug It Off","floor":19},{"not_picked":["Rage","Anger"],"picked":"Thunderclap","floor":22},{"not_picked":["Dark Embrace","Cleave+1"],"picked":"Battle Trance+1","floor":23},{"not_picked":["Spot Weakness","Cleave"],"picked":"Whirlwind+1","floor":25},{"not_picked":["Flex+1","Anger"],"picked":"Evolve","floor":27},{"not_picked":["Twin Strike","Anger"],"picked":"Shrug It Off","floor":28},{"not_picked":["Havoc","Combust"],"picked":"Heavy Blade","floor":31},{"not_picked":["Dark Embrace","Impervious"],"picked":"Reaper","floor":33},{"not_picked":[],"picked":"Power Through+1","floor":35},{"not_picked":["Flex+1"],"picked":"SKIP","floor":38},{"not_picked":["Cleave"],"picked":"SKIP","floor":39},{"not_picked":["Rampage+1"],"picked":"SKIP","floor":41},{"not_picked":["Twin Strike"],"picked":"Ghostly Armor+1","floor":44},{"not_picked":["Hemokinesis+1","Iron Wave+1"],"picked":"SKIP","floor":45},{"not_picked":["Clothesline+1","Twin Strike+1"],"picked":"SKIP","floor":48}],"player_experience":199625,"relics_obtained":[{"floor":6,"key":"Peace Pipe"},{"floor":8,"key":"StoneCalendar"},{"floor":9,"key":"Gambling Chip"},{"floor":10,"key":"Bird Faced Urn"},{"floor":11,"key":"Tiny Chest"},{"floor":14,"key":"Paper Frog"},{"floor":23,"key":"Centennial Puzzle"},{"floor":25,"key":"Oddly Smooth Stone"},{"floor":26,"key":"Mango"},{"floor":28,"key":"Ornamental Fan"},{"floor":43,"key":"Question Card"},{"floor":44,"key":"Ancient Tea Set"}],"event_choices":[{"event_name":"Big Fish","player_choice":"Box","floor":2,"damage_taken":0},{"event_name":"Dead Adventurer","player_choice":"Searched \u00272\u0027 times","floor":11,"damage_taken":0},{"event_name":"Ghosts","player_choice":"Ignored","floor":20,"damage_taken":0},{"event_name":"Winding Halls","player_choice":"Embrace Madness","floor":36,"damage_taken":0}],"is_beta":false,"boss_relics":[{"not_picked":["Runic Cube","Velvet Choker"],"picked":"Cursed Key"},{"not_picked":["Black Star","Runic Pyramid"],"picked":"Busted Crown"}],"items_purged_floors":[3],"is_endless":false,"potions_floor_spawned":[4,7,8,10,13,18,25,27,31,33,38,39,41,45],"ascension_level":9}