{"gold_per_floor":[111,111,186,186,201,227,9,43,43,43,43,43,58,75,75,178,178,168,121,132,29,46,46,79,98,98,98,125,143,143,174,174,272,272,286,356,226,501,515,515,515,515,515,527,542,68,81,109,109,109],"floor_reached":51,"playtime":4583,"items_purged":["Regret","Strike_G","Regret"],"score":1165,"play_id":"9888b766-5142-4a5d-8cc0-4cdc36645983","local_time":"20190627191719","is_ascension_mode":true,"campfire_choices":[{"floor":12,"key":"REST"},{"data":"Footwork","floor":15,"key":"SMITH"},{"floor":23,"key":"REST"},{"floor":27,"key":"REST"},{"data":"Neutralize","floor":30,"key":"SMITH"},{"data":"Well Laid Plans","floor":32,"key":"SMITH"},{"data":"Infinite Blades","floor":40,"key":"SMITH"},{"data":"After Image","floor":42,"key":"SMITH"},{"floor":49,"key":"REST"}],"neow_cost":"NONE","seed_source_timestamp":390134032538439,"circlet_count":0,"master_deck":["AscendersBane","Defend_G","Defend_G","Defend_G","Defend_G","Strike_G","Strike_G","Strike_G","Strike_G+1","Survivor","Neutralize+1","Bane+1","Bane","Accuracy","Leg Sweep","Footwork+1","Backflip","After Image+1","Backstab","Blade Dance","Poisoned Stab+1","Well Laid Plans+1","Endless Agony","Slice","Backstab+1","Escape Plan","Cloak And Dagger","Cloak And Dagger+1","Tools of the Trade","Terror+1","Infinite Blades+1","Dodge and Roll+1","Footwork+1","Violence","A Thousand Cuts+1","Cloak And Dagger"],"relics":["Ring of the Serpent","NeowsBlessing","Kunai","Mummified Hand","PreservedInsect","Question Card","Shuriken","Sundial","Juzu Bracelet","Pear","Smiling Mask","Dream Catcher","WristBlade","Letter Opener","Frozen Egg 2","HandDrill","Bottled Flame"],"potions_floor_usage":[16,22,28,33,50,50,50],"damage_taken":[{"damage":0,"enemies":"2 Louse","floor":1,"turns":1},{"damage":0,"enemies":"Jaw Worm","floor":5,"turns":1},{"damage":0,"enemies":"Lagavulin","floor":6,"turns":1},{"damage":13,"enemies":"Gremlin Nob","floor":8,"turns":4},{"damage":0,"enemies":"Cultist","floor":13,"turns":3},{"damage":16,"enemies":"Large Slime","floor":14,"turns":9},{"damage":20,"enemies":"Hexaghost","floor":16,"turns":14},{"damage":11,"enemies":"2 Thieves","floor":18,"turns":4},{"damage":15,"enemies":"3 Byrds","floor":20,"turns":6},{"damage":16,"enemies":"Centurion and Healer","floor":22,"turns":5},{"damage":16,"enemies":"Slavers","floor":24,"turns":5},{"damage":0,"enemies":"Snecko","floor":25,"turns":6},{"damage":6,"enemies":"Book of Stabbing","floor":28,"turns":5},{"damage":0,"enemies":"3 Cultists","floor":29,"turns":5},{"damage":0,"enemies":"Gremlin Leader","floor":31,"turns":5},{"damage":3,"enemies":"Champ","floor":33,"turns":13},{"damage":9,"enemies":"3 Shapes","floor":35,"turns":4},{"damage":1,"enemies":"3 Darklings","floor":39,"turns":5},{"damage":16,"enemies":"Spire Growth","floor":44,"turns":4},{"damage":1,"enemies":"Sphere and 2 Shapes","floor":45,"turns":6},{"damage":0,"enemies":"Maw","floor":47,"turns":6},{"damage":9,"enemies":"Reptomancer","floor":48,"turns":5},{"damage":28,"enemies":"Donu and Deca","floor":50,"turns":8}],"seed_played":"7885316625526642803","potions_obtained":[{"floor":5,"key":"Swift Potion"},{"floor":18,"key":"Block Potion"},{"floor":25,"key":"GhostInAJar"},{"floor":29,"key":"EssenceOfSteel"},{"floor":33,"key":"FearPotion"},{"floor":45,"key":"FearPotion"},{"floor":47,"key":"AttackPotion"}],"is_trial":false,"path_per_floor":["M","?","?","?","M","E","$","E","T","$","T","R","M","M","R","B",null,"M","$","M","$","M","R","E","M","T","R","E","M","R","E","R","B",null,"M","T","$","?","M","R","?","R","T","M","M","$","M","E","R","B",null],"character_chosen":"THE_SILENT","items_purchased":["PreservedInsect","Blade Dance","Well Laid Plans","Endless Agony","Infinite Blades","HandDrill","Violence","Energy Potion"],"campfire_rested":4,"item_purchase_floors":[7,19,21,21,37,46,46,46],"current_hp_per_floor":[63,63,52,38,38,38,38,25,25,25,25,46,46,30,30,10,55,44,44,29,29,13,34,18,18,28,52,46,46,46,46,46,43,71,62,62,62,62,61,61,61,61,61,45,44,44,44,35,59,31],"gold":109,"neow_bonus":"THREE_ENEMY_KILL","is_prod":false,"is_daily":false,"chose_seed":false,"campfire_upgraded":5,"win_rate":0,"timestamp":1561688239,"path_taken":["M","?","?","?","M","E","$","E","T","?","?","R","M","M","R","BOSS","M","$","M","$","M","R","E","M","T","R","E","M","R","E","R","BOSS","M","?","$","?","M","R","?","R","T","M","M","$","M","E","R","BOSS"],"build_version":"2019-01-23","purchased_purges":3,"victory":true,"max_hp_per_floor":[70,70,70,70,70,70,70,70,70,70,70,70,70,70,70,70,70,70,70,70,70,70,70,70,70,80,80,80,80,80,80,80,80,80,80,80,80,80,80,80,80,80,80,80,80,80,80,80,80,80],"card_choices":[{"not_picked":["Acrobatics","Outmaneuver"],"picked":"Bane","floor":1},{"not_picked":["Eviscerate","Underhanded Strike"],"picked":"Bane","floor":5},{"not_picked":["Outmaneuver","Tactician"],"picked":"Accuracy","floor":6},{"not_picked":["Predator","Skewer"],"picked":"Leg Sweep","floor":8},{"not_picked":["Acrobatics","Dagger Spray","Dagger Throw"],"picked":"Footwork","floor":13},{"not_picked":["Dash","Predator","Deadly Poison"],"picked":"Backflip","floor":14},{"not_picked":["Unload","A Thousand Cuts","Venomology"],"picked":"After Image","floor":16},{"not_picked":["Slice","Prepared","Dagger Spray"],"picked":"Backstab","floor":18},{"not_picked":["Outmaneuver","Leg Sweep+1","Skewer"],"picked":"Poisoned Stab+1","floor":20},{"not_picked":["Expertise","PiercingWail","Crippling Poison"],"picked":"Slice","floor":22},{"not_picked":["Choke","Masterful Stab","Storm of Steel"],"picked":"Backstab+1","floor":24},{"not_picked":["Outmaneuver","Dagger Throw","Crippling Poison+1","Acrobatics+1"],"picked":"SKIP","floor":25},{"not_picked":["Leg Sweep","Bane","Underhanded Strike+1"],"picked":"Escape Plan","floor":28},{"not_picked":["Quick Slash","Prepared+1","Outmaneuver"],"picked":"Cloak And Dagger","floor":29},{"not_picked":["Prepared","PiercingWail","Expertise+1"],"picked":"Cloak And Dagger+1","floor":31},{"not_picked":["Doppelganger","Phantasmal Killer","Burst"],"picked":"Tools of the Trade","floor":33},{"not_picked":["Prepared","Slice+1","Skewer"],"picked":"Terror+1","floor":35},{"not_picked":["Bane","Prepared","Outmaneuver+1"],"picked":"Dodge and Roll+1","floor":39},{"not_picked":["PiercingWail","Dodge and Roll","Deflect+1"],"picked":"Footwork+1","floor":44},{"not_picked":["Poisoned Stab","Malaise","Flying Knee","Sucker Punch"],"picked":"SKIP","floor":45},{"not_picked":["Deadly Poison","Slice","Dodge and Roll","Quick Slash"],"picked":"SKIP","floor":47},{"not_picked":["Distraction","Slice+1","Reflex+1"],"picked":"A Thousand Cuts+1","floor":48},{"not_picked":["Outmaneuver","Reflex+1","Eviscerate"],"picked":"Cloak And Dagger","floor":49}],"player_experience":231688,"relics_obtained":[{"floor":6,"key":"Mummified Hand"},{"floor":8,"key":"Question Card"},{"floor":9,"key":"Shuriken"},{"floor":11,"key":"Sundial"},{"floor":24,"key":"Juzu Bracelet"},{"floor":26,"key":"Pear"},{"floor":28,"key":"Smiling Mask"},{"floor":31,"key":"Dream Catcher"},{"floor":36,"key":"Letter Opener"},{"floor":43,"key":"Frozen Egg 2"},{"floor":48,"key":"Bottled Flame"}],"event_choices":[{"damage_healed":0,"gold_gain":0,"player_choice":"Box","damage_taken":0,"relics_obtained":["Kunai"],"max_hp_gain":0,"max_hp_loss":0,"event_name":"Big Fish","floor":2,"gold_loss":0,"cards_obtained":["Regret"]},{"damage_healed":0,"gold_gain":75,"player_choice":"Gather Gold","damage_taken":11,"max_hp_gain":0,"max_hp_loss":0,"event_name":"World of Goop","floor":3,"gold_loss":0},{"damage_healed":0,"gold_gain":0,"player_choice":"Entered Light","damage_taken":14,"max_hp_gain":0,"max_hp_loss":0,"event_name":"Shining Light","floor":4,"gold_loss":0,"cards_upgraded":["Strike_G","Bane"]},{"damage_healed":0,"gold_gain":275,"player_choice":"Desecrate","damage_taken":0,"max_hp_gain":0,"max_hp_loss":0,"event_name":"Golden Shrine","floor":38,"gold_loss":0,"cards_obtained":["Regret"]},{"cards_removed":["Defend_G"],"damage_healed":0,"gold_gain":0,"player_choice":"Removed Skill","damage_taken":0,"max_hp_gain":0,"max_hp_loss":0,"event_name":"Falling","floor":41,"gold_loss":0}],"is_beta":false,"boss_relics":[{"not_picked":["Lizard Tail","Empty Cage"],"picked":"Ring of the Serpent"},{"not_picked":["Runic Pyramid","Black Star"],"picked":"WristBlade"}],"items_purged_floors":[7,37,46],"is_endless":false,"potions_floor_spawned":[5,18,25,29,33,45,47],"ascension_level":10}