{"gold_per_floor":[111,111,10,10,24,24,63,63,144,159,159,109,184,228,228,348,348,369,459,3,21,45,45,79,92,92,20,20,44,67,67,67,191,191,214,227,227,0,0,0],"floor_reached":40,"playtime":4105,"items_purged":["Injury","Strike_G"],"score":618,"play_id":"00256da4-5f40-475b-aa0f-98cf9d2d8a94","local_time":"20190703001630","is_ascension_mode":true,"campfire_choices":[{"data":"Noxious Fumes","floor":6.0,"key":"SMITH"},{"floor":8.0,"key":"REST"},{"floor":15.0,"key":"REST"},{"floor":23,"key":"REST"},{"floor":28,"key":"REST"},{"floor":32,"key":"REST"}],"neow_cost":"NONE","seed_source_timestamp":0,"circlet_count":0,"master_deck":["AscendersBane","Defend_G","Defend_G","Defend_G","Defend_G","Defend_G","Strike_G+1","Strike_G","Strike_G","Survivor","Neutralize","Noxious Fumes+1","Dagger Spray","Bane+1","Backflip","Crippling Poison","Envenom","Prepared","Noxious Fumes+1","Footwork","Dodge and Roll","Dash","After Image","Discovery"],"special_seed":0,"relics":["Ring of the Snake","Happy Flower","Golden Idol","Orichalcum","Kunai","Paper Crane","Whetstone","Busted Crown","Mango","Matryoshka","Omamori","Philosopher\u0027s Stone","Red Mask"],"potions_floor_usage":[16,24,33,33],"damage_taken":[{"damage":6.0,"enemies":"Cultist","floor":1.0,"turns":5.0},{"damage":0.0,"enemies":"Small Slimes","floor":5.0,"turns":4.0},{"damage":29.0,"enemies":"Gremlin Nob","floor":7.0,"turns":5.0},{"damage":1.0,"enemies":"Jaw Worm","floor":10.0,"turns":5.0},{"damage":20.0,"enemies":"Lagavulin","floor":14.0,"turns":7.0},{"damage":37,"enemies":"Hexaghost","floor":16,"turns":13},{"damage":7,"enemies":"Spheric Guardian","floor":18,"turns":5},{"damage":4,"enemies":"Shell Parasite","floor":21,"turns":6},{"damage":3,"enemies":"Centurion and Healer","floor":22,"turns":7},{"damage":23,"enemies":"Slavers","floor":24,"turns":5},{"damage":35,"enemies":"Chosen and Byrds","floor":25,"turns":7},{"damage":4,"enemies":"Shelled Parasite and Fungi","floor":29,"turns":7},{"damage":6,"enemies":"Cultist and Chosen","floor":30,"turns":6},{"damage":43,"enemies":"Collector","floor":33,"turns":11},{"damage":7,"enemies":"Orb Walker","floor":35,"turns":6},{"damage":20,"enemies":"3 Darklings","floor":36,"turns":5},{"damage":54,"enemies":"Reptomancer","floor":40,"turns":2}],"seed_played":"-2487300219436327380","potions_obtained":[{"floor":7.0,"key":"Ancient Potion"},{"floor":14.0,"key":"Fire Potion"},{"floor":16,"key":"GamblersBrew"},{"floor":22,"key":"AttackPotion"},{"floor":24,"key":"Energy Potion"},{"floor":31,"key":"Energy Potion"}],"is_trial":false,"path_per_floor":["M","?","$","?","M","R","E","R","T","M","?","?","?","E","R","B",null,"M","?","$","M","M","R","E","M","T","$","R","M","M","?","R","B",null,"M","M","?","?","?","E"],"character_chosen":"THE_SILENT","items_purchased":["Dagger Spray","Mango","Noxious Fumes","Dash"],"campfire_rested":5,"item_purchase_floors":[3,20,20,27],"current_hp_per_floor":[57,57,57,45,45,45,16,37,37,36,59,59,48,28,49,12,56,49,35,49,45,42,67,44,9,9,9,34,30,24,24,49,6,65,58,38,38,38,38,0],"gold":0,"neow_bonus":"RANDOM_COMMON_RELIC","is_prod":false,"is_daily":false,"chose_seed":false,"campfire_upgraded":1,"win_rate":0,"timestamp":1562138190,"path_taken":["M","?","$","?","?","R","E","R","T","M","?","?","?","E","R","BOSS","M","?","$","M","?","R","E","M","T","$","R","M","M","?","R","BOSS","M","M","?","?","?","E"],"build_version":"2019-07-01","purchased_purges":2,"victory":false,"max_hp_per_floor":[70,70,70,70,70,70,70,70,70,70,70,70,70,70,70,70,70,70,70,84,84,84,84,84,84,84,84,84,84,84,84,84,84,84,84,84,84,84,84,84],"card_choices":[{"not_picked":["Dagger Spray","Tactician"],"picked":"Noxious Fumes","floor":1.0},{"not_picked":["Masterful Stab","Expertise"],"picked":"Bane","floor":5.0},{"not_picked":["Bane","Wraith Form v2"],"picked":"Backflip","floor":7.0},{"not_picked":["Heel Hook","Dodge and Roll","Acrobatics"],"picked":"SKIP","floor":10.0},{"not_picked":["Underhanded Strike","Slice"],"picked":"Crippling Poison","floor":14.0},{"not_picked":["Glass Knife","After Image"],"picked":"Envenom","floor":16},{"not_picked":[],"picked":"Prepared","floor":18},{"not_picked":[],"picked":"Footwork","floor":21},{"not_picked":["Flying Knee"],"picked":"SKIP","floor":22},{"not_picked":[],"picked":"Dodge and Roll","floor":24},{"not_picked":["Choke"],"picked":"SKIP","floor":25},{"not_picked":["Dagger Spray"],"picked":"SKIP","floor":29},{"not_picked":["Bane+1"],"picked":"SKIP","floor":30},{"not_picked":[],"picked":"After Image","floor":33},{"not_picked":["Reflex"],"picked":"SKIP","floor":35},{"not_picked":["Underhanded Strike+1"],"picked":"SKIP","floor":36},{"not_picked":[],"picked":"Discovery","floor":37}],"player_experience":1355325,"relics_obtained":[{"floor":7.0,"key":"Kunai"},{"floor":9.0,"key":"Paper Crane"},{"floor":14.0,"key":"Whetstone"},{"floor":24,"key":"Matryoshka"},{"floor":26,"key":"Omamori"}],"event_choices":[{"damage_healed":0.0,"max_hp_gain":0.0,"max_hp_loss":0.0,"gold_gain":0.0,"event_name":"Golden Idol","player_choice":"Take Wound","floor":2.0,"gold_loss":0.0,"damage_taken":0.0,"relics_obtained":["Golden Idol"],"cards_obtained":["Injury"]},{"damage_healed":0.0,"max_hp_gain":0.0,"max_hp_loss":0.0,"gold_gain":0.0,"event_name":"Scrap Ooze","player_choice":"Success","floor":4.0,"gold_loss":0.0,"damage_taken":12.0,"relics_obtained":["Orichalcum"]},{"damage_healed":23.0,"max_hp_gain":0.0,"max_hp_loss":0.0,"gold_gain":0.0,"event_name":"Big Fish","player_choice":"Banana","floor":11.0,"gold_loss":0.0,"damage_taken":0.0},{"cards_removed":["Strike_G"],"damage_healed":0.0,"max_hp_gain":0.0,"max_hp_loss":0.0,"gold_gain":0.0,"event_name":"The Cleric","player_choice":"Card Removal","floor":12.0,"gold_loss":50.0,"damage_taken":0.0},{"damage_healed":0.0,"max_hp_gain":0.0,"max_hp_loss":0.0,"gold_gain":75.0,"event_name":"World of Goop","player_choice":"Gather Gold","floor":13.0,"gold_loss":0.0,"damage_taken":11.0},{"damage_healed":0,"gold_gain":90,"player_choice":"GOLD ","damage_taken":14,"max_hp_gain":0,"max_hp_loss":0,"event_name":"Knowing Skull","floor":19,"potions_obtained":[],"gold_loss":0,"cards_obtained":[]},{"damage_healed":0,"gold_gain":0,"player_choice":"Got Potions","damage_taken":0,"max_hp_gain":0,"max_hp_loss":0,"event_name":"Lab","floor":31,"gold_loss":0},{"damage_healed":0,"gold_gain":0,"player_choice":"Memory 1","damage_taken":0,"max_hp_gain":0,"max_hp_loss":0,"event_name":"SensoryStone","floor":37,"gold_loss":0},{"damage_healed":0,"gold_gain":0,"player_choice":"Paid","damage_taken":0,"relics_obtained":["Red Mask"],"max_hp_gain":0,"max_hp_loss":0,"event_name":"Tomb of Lord Red Mask","floor":38,"gold_loss":227},{"damage_healed":0,"gold_gain":0,"player_choice":"Upgraded","damage_taken":0,"max_hp_gain":0,"max_hp_loss":0,"event_name":"Upgrade Shrine","floor":39,"gold_loss":0,"cards_upgraded":["Noxious Fumes"]}],"is_beta":false,"boss_relics":[{"not_picked":["Runic Pyramid","Runic Dome"],"picked":"Busted Crown"},{"not_picked":["Empty Cage","Lizard Tail"],"picked":"Philosopher\u0027s Stone"}],"items_purged_floors":[3,20],"is_endless":false,"potions_floor_spawned":[7,14,16,22,24,30],"killed_by":"Reptomancer","ascension_level":10}