{"gold_per_floor":[110,110,110,1,17,17,17,37,37,71,71,98,98,109,109,213,213,229,247,262,277,29,29,60,80,80,80,80,94,36,48,48,147,147,159,159,37,137,37,37,72,72,124,167,179,191,203,228,240,252],"floor_reached":50,"playtime":3333,"items_purged":["Strike_B","Defend_B","Strike_B"],"score":552,"play_id":"ecf6744a-59a2-479c-9a6d-602b4550097f","local_time":"20190627001627","is_ascension_mode":true,"campfire_choices":[{"data":"Static Discharge","floor":6,"key":"SMITH"},{"floor":13,"key":"REST"},{"data":"Genetic Algorithm","floor":15,"key":"SMITH"},{"floor":23,"key":"REST"},{"data":"Defragment","floor":27,"key":"SMITH"},{"floor":32,"key":"REST"},{"data":"Echo Form","floor":40,"key":"SMITH"},{"floor":42,"key":"REST"},{"data":"Madness","floor":47,"key":"SMITH"},{"floor":49,"key":"REST"}],"neow_cost":"NONE","seed_source_timestamp":105081555485900,"circlet_count":0,"master_deck":["Strike_B+1","Defend_B","Defend_B","Zap+1","Dualcast","Go for the Eyes","Cold Snap","Static Discharge+1","Melter+1","Genetic Algorithm+1","Thunder Strike+1","Defragment+1","BootSequence","Loop","Beam Cell+1","Turbo+1","Self Repair","Sunder+1","Echo Form+1","Skim","Madness","Madness+1"],"relics":["Cracked Core","Molten Egg 2","Ginger","Shuriken","Black Star","Orichalcum","Gremlin Horn","Bottled Lightning","The Courier","Busted Crown","Regal Pillow","WingedGreaves","Ancient Tea Set","Cables","MawBank","Dodecahedron","Vajra"],"potions_floor_usage":[10,20,24,25,29,33,33,33,44,48,50],"damage_taken":[{"damage":2,"enemies":"Small Slimes","floor":1,"turns":3},{"damage":2,"enemies":"2 Louse","floor":5,"turns":3},{"damage":0,"enemies":"Cultist","floor":8,"turns":3},{"damage":11,"enemies":"Lagavulin","floor":10,"turns":4},{"damage":17,"enemies":"3 Sentries","floor":12,"turns":6},{"damage":7,"enemies":"Gremlin Gang","floor":14,"turns":3},{"damage":15,"enemies":"Hexaghost","floor":16,"turns":6},{"damage":0,"enemies":"Spheric Guardian","floor":18,"turns":2},{"damage":14,"enemies":"Chosen","floor":19,"turns":4},{"damage":25,"enemies":"Snecko","floor":20,"turns":6},{"damage":5,"enemies":"Snake Plant","floor":21,"turns":4},{"damage":5,"enemies":"Gremlin Leader","floor":24,"turns":6},{"damage":7,"enemies":"Centurion and Healer","floor":25,"turns":4},{"damage":2,"enemies":"Snecko","floor":29,"turns":4},{"damage":5,"enemies":"Cultist and Chosen","floor":31,"turns":5},{"damage":50,"enemies":"Automaton","floor":33,"turns":9},{"damage":4,"enemies":"Orb Walker","floor":35,"turns":4},{"damage":18,"enemies":"Mind Bloom Boss Battle","floor":38,"turns":6},{"damage":41,"enemies":"Nemesis","floor":41,"turns":9},{"damage":10,"enemies":"Giant Head","floor":44,"turns":7},{"damage":11,"enemies":"3 Shapes","floor":48,"turns":3},{"damage":77,"enemies":"Time Eater","floor":50,"turns":8}],"seed_played":"-4165656572787665429","potions_obtained":[{"floor":5,"key":"AttackPotion"},{"floor":14,"key":"Explosive Potion"},{"floor":19,"key":"AttackPotion"},{"floor":20,"key":"SkillPotion"},{"floor":21,"key":"EssenceOfSteel"},{"floor":24,"key":"Swift Potion"},{"floor":28,"key":"SpeedPotion"},{"floor":28,"key":"Block Potion"},{"floor":31,"key":"Block Potion"},{"floor":33,"key":"FocusPotion"},{"floor":41,"key":"Energy Potion"},{"floor":44,"key":"LiquidBronze"}],"is_trial":false,"path_per_floor":["M","?","?","$","M","R","$","M","T","E","?","E","R","M","R","B",null,"M","M","M","M","$","R","E","M","T","R","?","M","$","M","R","B",null,"M","?","$","?","$","R","E","R","T","E","$","?","R","M","R","B"],"character_chosen":"DEFECT","items_purchased":["Static Discharge","Orichalcum","Sunder+1","Regal Pillow"],"campfire_rested":5,"item_purchase_floors":[4,22,30,37],"current_hp_per_floor":[73,58,58,58,56,56,56,56,56,45,45,28,50,43,43,28,75,75,61,36,31,31,53,48,41,41,41,41,39,39,41,63,20,75,75,75,75,64,64,64,30,67,67,57,57,48,48,37,74,0],"gold":252,"neow_bonus":"THREE_CARDS","is_prod":false,"is_daily":false,"chose_seed":false,"campfire_upgraded":5,"win_rate":0,"timestamp":1561619787,"path_taken":["M","?","?","$","M","R","$","M","T","E","?","E","R","?","R","BOSS","M","?","M","M","?","R","E","M","T","R","?","M","$","?","R","BOSS","M","?","$","?","$","R","E","R","T","E","?","?","R","M","R","BOSS"],"build_version":"2019-01-23","purchased_purges":3,"victory":false,"max_hp_per_floor":[75,75,75,75,75,75,75,75,75,75,75,75,75,75,75,75,75,75,75,75,75,75,75,75,75,75,75,75,75,75,75,75,75,75,75,75,75,75,75,75,75,75,75,75,75,75,75,75,75,75],"card_choices":[{"not_picked":["Defragment","Heatsinks"],"picked":"Go for the Eyes","floor":0},{"not_picked":["Rebound","Compile Driver"],"picked":"Cold Snap","floor":1},{"not_picked":["Auto Shields","Heatsinks"],"picked":"Melter","floor":5},{"not_picked":["Blizzard","Beam Cell","Redo"],"picked":"SKIP","floor":8},{"not_picked":["Chill","Scrape+1"],"picked":"Melter+1","floor":10},{"not_picked":["Reprogram","Streamline+1","Scrape+1"],"picked":"SKIP","floor":12},{"not_picked":["Barrage+1","Static Discharge"],"picked":"Genetic Algorithm","floor":14},{"not_picked":["Core Surge+1","Amplify"],"picked":"Thunder Strike+1","floor":16},{"not_picked":["Beam Cell+1","Ball Lightning+1"],"picked":"Defragment","floor":18},{"not_picked":["Steam+1","Barrage+1"],"picked":"BootSequence","floor":19},{"not_picked":["Sweeping Beam+1","Coolheaded"],"picked":"Loop","floor":20},{"not_picked":["Conserve Battery","Storm"],"picked":"Beam Cell+1","floor":21},{"not_picked":["Static Discharge","Doom and Gloom+1","Streamline+1"],"picked":"SKIP","floor":24},{"not_picked":["Gash+1","Go for the Eyes+1"],"picked":"Turbo+1","floor":25},{"not_picked":["Steam+1","Hello World"],"picked":"Self Repair","floor":29},{"not_picked":["Conserve Battery","Gash+1","Hologram"],"picked":"SKIP","floor":31},{"not_picked":["Multi-Cast","Amplify"],"picked":"Echo Form","floor":33},{"not_picked":["Loop+1"],"picked":"SKIP","floor":35},{"not_picked":["Rebound+1"],"picked":"SKIP","floor":41},{"not_picked":[],"picked":"Skim","floor":44},{"not_picked":["Ball Lightning+1"],"picked":"SKIP","floor":48}],"player_experience":103569,"relics_obtained":[{"floor":9,"key":"Molten Egg 2"},{"floor":10,"key":"Ginger"},{"floor":12,"key":"Shuriken"},{"floor":24,"key":"Gremlin Horn"},{"floor":24,"key":"Bottled Lightning"},{"floor":26,"key":"The Courier"},{"floor":38,"key":"WingedGreaves"},{"floor":41,"key":"Ancient Tea Set"},{"floor":41,"key":"Cables"},{"floor":43,"key":"MawBank"},{"floor":44,"key":"Dodecahedron"},{"floor":44,"key":"Vajra"}],"event_choices":[{"damage_healed":0,"gold_gain":0,"player_choice":"Entered Light","damage_taken":15,"max_hp_gain":0,"max_hp_loss":0,"event_name":"Shining Light","floor":2,"gold_loss":0,"cards_upgraded":["Strike_B","Zap"]},{"cards_removed":["Strike_B"],"damage_healed":0,"gold_gain":0,"player_choice":"Forget","damage_taken":0,"max_hp_gain":0,"max_hp_loss":0,"event_name":"Living Wall","floor":3,"gold_loss":0},{"cards_removed":["Defend_B"],"damage_healed":0,"gold_gain":0,"player_choice":"Purged","damage_taken":0,"max_hp_gain":0,"max_hp_loss":0,"event_name":"Purifier","floor":11,"gold_loss":0},{"damage_healed":0,"gold_gain":0,"player_choice":"Got Potions","damage_taken":0,"max_hp_gain":0,"max_hp_loss":0,"event_name":"Lab","floor":28,"gold_loss":0},{"cards_removed":["Melter"],"damage_healed":0,"gold_gain":0,"player_choice":"Removed Attack","damage_taken":0,"max_hp_gain":0,"max_hp_loss":0,"event_name":"Falling","floor":36,"gold_loss":0},{"damage_healed":0,"gold_gain":0,"player_choice":"Fight","damage_taken":0,"max_hp_gain":0,"max_hp_loss":0,"event_name":"MindBloom","floor":38,"gold_loss":0},{"damage_healed":0,"gold_gain":0,"player_choice":"Embrace Madness","damage_taken":9,"max_hp_gain":0,"max_hp_loss":0,"event_name":"Winding Halls","floor":46,"gold_loss":0,"cards_obtained":["Madness","Madness"]}],"is_beta":false,"boss_relics":[{"not_picked":["Cursed Key","Runic Pyramid"],"picked":"Black Star"},{"not_picked":["FrozenCore","Calling Bell"],"picked":"Busted Crown"}],"items_purged_floors":[4,22,39],"is_endless":false,"potions_floor_spawned":[5,14,19,20,21,24,31,33,41,44],"killed_by":"Time Eater","ascension_level":1}