{"gold_per_floor":[115,3,3,14,30,30,62,62,88,104,121,106],"floor_reached":12,"playtime":358,"items_purged":["Pain"],"score":140,"play_id":"6c8fbeb3-e0c6-43c8-8e33-28667049b350","local_time":"20190317150054","is_ascension_mode":true,"campfire_choices":[{"floor":6,"key":"REST"},{"data":"Chaos","floor":8,"key":"SMITH"}],"neow_cost":"CURSE","seed_source_timestamp":506609725787953,"circlet_count":0,"master_deck":["AscendersBane","Strike_B","Strike_B","Strike_B","Strike_B","Defend_B","Defend_B","Defend_B","Defend_B","Zap","Dualcast","Gash","Sunder","Pain","Cold Snap","Sweeping Beam","Chaos+1","Ball Lightning","White Noise"],"relics":["Cracked Core","Du-Vu Doll","WarpedTongs","Regal Pillow","Vajra"],"potions_floor_usage":[],"damage_taken":[{"damage":10,"enemies":"Jaw Worm","floor":1,"turns":2},{"damage":9,"enemies":"Cultist","floor":4,"turns":3},{"damage":0,"enemies":"Small Slimes","floor":5,"turns":1},{"damage":42,"enemies":"Lagavulin","floor":7,"turns":6},{"damage":19,"enemies":"Exordium Wildlife","floor":10,"turns":2},{"damage":0,"enemies":"3 Louse","floor":11,"turns":1},{"damage":13,"enemies":"Exordium Thugs","floor":12,"turns":1}],"seed_played":"-8801655575969505275","potions_obtained":[{"floor":1,"key":"SteroidPotion"},{"floor":5,"key":"FearPotion"}],"is_trial":false,"path_per_floor":["M","$","?","M","M","R","E","R","T","M","M","M"],"character_chosen":"DEFECT","items_purchased":["Sunder"],"campfire_rested":1,"item_purchase_floors":[2],"current_hp_per_floor":[54,54,54,45,45,66,24,24,24,5,5,0],"gold":106,"neow_bonus":"ONE_RARE_RELIC","is_prod":false,"is_daily":false,"chose_seed":false,"campfire_upgraded":1,"win_rate":0,"timestamp":1552834854,"path_taken":["M","$","?","?","M","R","E","R","T","M","M","M"],"build_version":"2019-01-23","purchased_purges":1,"victory":false,"max_hp_per_floor":[71,71,71,71,71,71,71,71,71,71,71,71],"card_choices":[{"not_picked":["Streamline","Force Field"],"picked":"Gash","floor":1},{"not_picked":["Conserve Battery","Auto Shields"],"picked":"Cold Snap","floor":4},{"not_picked":["Heatsinks","Stack"],"picked":"Sweeping Beam","floor":5},{"not_picked":["Genetic Algorithm","Self Repair"],"picked":"Chaos","floor":7},{"not_picked":["Streamline","Conserve Battery"],"picked":"Ball Lightning","floor":10},{"not_picked":["Beam Cell","Compile Driver"],"picked":"White Noise","floor":11}],"player_experience":1579906,"relics_obtained":[{"floor":7,"key":"Regal Pillow"},{"floor":9,"key":"Vajra"}],"event_choices":[{"damage_healed":0,"gold_gain":0,"player_choice":"Rummage","damage_taken":0,"relics_obtained":["WarpedTongs"],"max_hp_gain":0,"max_hp_loss":0,"event_name":"Accursed Blacksmith","floor":3,"gold_loss":0,"cards_obtained":["Pain"]}],"is_beta":false,"boss_relics":[],"items_purged_floors":[2],"is_endless":false,"potions_floor_spawned":[1,5,7,11],"killed_by":"Exordium Thugs","ascension_level":15}