{"gold_per_floor":[113,125,125,139,139,139,179,179,179,219,240,281,106,136,136,256,256,240,6,29,45,69,69,109,109,134,157,157,11,11,31,31,150,150,170,170,270,270],"floor_reached":38,"playtime":2908,"items_purged":["Defend_G","Concentrate"],"score":540,"play_id":"1317a4f4-fc66-4f9e-9fd9-70b3aca43d24","local_time":"20190703132757","is_ascension_mode":true,"campfire_choices":[{"floor":6,"key":"REST"},{"floor":8,"key":"RECALL"},{"floor":15,"key":"REST"},{"floor":23,"key":"REST"},{"floor":28,"key":"REST"},{"data":"Infinite Blades","floor":30,"key":"SMITH"},{"floor":32,"key":"REST"}],"neow_cost":"NONE","seed_source_timestamp":1558895725260000,"circlet_count":0,"master_deck":["Defend_G","Defend_G","Defend_G","Defend_G","Survivor","Neutralize","Acrobatics","Poisoned Stab","After Image","Noxious Fumes","Deflect","Dagger Throw","Infinite Blades+1","Tools of the Trade","Footwork","Accuracy+1","Bite","Bite","Bite","Bite","Bite","Blade Dance","Madness","Madness"],"relics":["Busted Crown","Golden Idol","Tough Bandages","Smiling Mask","Orichalcum","WristBlade","OrangePellets","Mercury Hourglass","Bronze Scales","Cursed Key"],"potions_floor_usage":[7,10,12,22,24,27,31,33,33],"damage_taken":[{"damage":0,"enemies":"Jaw Worm","floor":1,"turns":5},{"damage":0,"enemies":"2 Louse","floor":2,"turns":3},{"damage":0,"enemies":"Cultist","floor":4,"turns":4},{"damage":3,"enemies":"3 Sentries","floor":7,"turns":12},{"damage":12,"enemies":"Lagavulin","floor":10,"turns":7},{"damage":0,"enemies":"Blue Slaver","floor":11,"turns":4},{"damage":14,"enemies":"Gremlin Nob","floor":12,"turns":4},{"damage":6,"enemies":"Hexaghost","floor":16,"turns":9},{"damage":11,"enemies":"2 Thieves","floor":18,"turns":4},{"damage":7,"enemies":"Spheric Guardian","floor":20,"turns":5},{"damage":21,"enemies":"Snake Plant","floor":21,"turns":5},{"damage":0,"enemies":"Chosen and Byrds","floor":22,"turns":6},{"damage":23,"enemies":"Gremlin Leader","floor":24,"turns":9},{"damage":8,"enemies":"3 Cultists","floor":27,"turns":5},{"damage":18,"enemies":"Centurion and Healer","floor":31,"turns":5},{"damage":36,"enemies":"Automaton","floor":33,"turns":10},{"damage":29,"enemies":"3 Shapes","floor":35,"turns":4},{"damage":32,"enemies":"3 Darklings","floor":38,"turns":2}],"seed_played":"-2879278820278182135","potions_obtained":[{"floor":2,"key":"Poison Potion"},{"floor":4,"key":"FearPotion"},{"floor":10,"key":"FearPotion"},{"floor":12,"key":"Fire Potion"},{"floor":21,"key":"EssenceOfSteel"},{"floor":24,"key":"Block Potion"},{"floor":27,"key":"SkillPotion"},{"floor":31,"key":"Block Potion"}],"is_trial":false,"path_per_floor":["M","M","?","M","?","R","E","R","T","E","M","E","$","?","R","B",null,"M","$","M","M","M","R","E","?","T","M","R","$","R","M","R","B",null,"M","?","?","M"],"character_chosen":"THE_SILENT","items_purchased":["Dagger Throw","Infinite Blades","OrangePellets","Footwork","Blade Dance","Regen Potion"],"campfire_rested":5,"item_purchase_floors":[13,13,19,19,29,29],"current_hp_per_floor":[70,70,53,53,53,70,67,67,67,55,55,41,41,41,62,56,67,56,56,49,28,28,49,26,26,26,34,48,48,48,39,49,34,45,24,18,18,0],"gold":270,"neow_bonus":"BOSS_RELIC","is_prod":false,"is_daily":false,"chose_seed":false,"campfire_upgraded":1,"win_rate":0,"timestamp":1562185677,"path_taken":["M","M","?","M","?","R","E","R","T","E","?","E","$","?","R","BOSS","M","$","M","M","M","R","E","?","T","M","R","$","R","M","R","BOSS","M","?","?","?"],"build_version":"2019-07-01","purchased_purges":2,"victory":false,"max_hp_per_floor":[70,70,70,70,70,70,70,70,70,70,70,70,70,70,70,70,70,70,70,70,70,70,70,70,49,49,49,49,49,49,49,49,49,49,49,49,49,49],"card_choices":[{"not_picked":[],"picked":"Acrobatics","floor":1},{"not_picked":["Reflex"],"picked":"SKIP","floor":2},{"not_picked":[],"picked":"Poisoned Stab","floor":4},{"not_picked":["Deadly Poison"],"picked":"SKIP","floor":7},{"not_picked":[],"picked":"Noxious Fumes","floor":10},{"not_picked":["Caltrops"],"picked":"SKIP","floor":11},{"not_picked":[],"picked":"Deflect","floor":12},{"not_picked":[],"picked":"Tools of the Trade","floor":16},{"not_picked":["Dodge and Roll+1"],"picked":"SKIP","floor":18},{"not_picked":[],"picked":"Accuracy+1","floor":20},{"not_picked":["Finisher"],"picked":"SKIP","floor":21},{"not_picked":["Crippling Poison+1"],"picked":"SKIP","floor":22},{"not_picked":[],"picked":"Concentrate","floor":24},{"not_picked":["Bouncing Flask"],"picked":"SKIP","floor":27},{"not_picked":["Calculated Gamble"],"picked":"SKIP","floor":31},{"not_picked":["Dodge and Roll+1"],"picked":"SKIP","floor":35}],"player_experience":601652,"relics_obtained":[{"floor":7,"key":"Tough Bandages"},{"floor":10,"key":"Smiling Mask"},{"floor":12,"key":"Orichalcum"},{"floor":24,"key":"Mercury Hourglass"},{"floor":26,"key":"Bronze Scales"}],"event_choices":[{"damage_healed":0,"gold_gain":0,"player_choice":"Take Damage","damage_taken":17,"relics_obtained":["Golden Idol"],"max_hp_gain":0,"max_hp_loss":0,"event_name":"Golden Idol","floor":3,"gold_loss":0},{"damage_healed":0,"gold_gain":0,"cards_transformed":["Strike_G"],"player_choice":"Transformed","damage_taken":0,"max_hp_gain":0,"max_hp_loss":0,"event_name":"Transmorgrifier","floor":5,"gold_loss":0,"cards_obtained":["After Image"]},{"damage_healed":0,"gold_gain":30,"player_choice":"Searched \u00271\u0027 times","damage_taken":0,"max_hp_gain":0,"max_hp_loss":0,"event_name":"Dead Adventurer","floor":14,"gold_loss":0},{"damage_healed":0,"gold_gain":0,"player_choice":"Became a vampire","damage_taken":0,"max_hp_gain":0,"max_hp_loss":21,"event_name":"Vampires","floor":25,"gold_loss":0,"cards_obtained":["Bite","Bite","Bite","Bite","Bite"]},{"damage_healed":0,"gold_gain":0,"player_choice":"Embrace Madness","damage_taken":6,"max_hp_gain":0,"max_hp_loss":0,"event_name":"Winding Halls","floor":36,"gold_loss":0,"cards_obtained":["Madness","Madness"]},{"damage_healed":0,"gold_gain":100,"player_choice":"Pray","damage_taken":0,"max_hp_gain":0,"max_hp_loss":0,"event_name":"Golden Shrine","floor":37,"gold_loss":0}],"is_beta":false,"boss_relics":[{"not_picked":["Runic Pyramid","Sozu"],"picked":"WristBlade"},{"not_picked":["Philosopher\u0027s Stone","Tiny House"],"picked":"Cursed Key"}],"items_purged_floors":[13,29],"is_endless":false,"potions_floor_spawned":[2,4,10,12,21,24,27,31],"killed_by":"3 Darklings","ascension_level":5}