{"gold_per_floor":[118,68,85,85,98,98,128,128,128,154,154,167,167,74,74,173,173,188,205,93,112,127,127],"floor_reached":23,"playtime":2599,"items_purged":["Defend_G"],"score":211,"play_id":"1a72e3d7-9ca3-4212-9c66-3b94e528c009","local_time":"20190624225031","is_ascension_mode":true,"campfire_choices":[{"data":"Masterful Stab","floor":6,"key":"SMITH"},{"data":"Prepared","floor":8,"key":"SMITH"},{"data":"Tactician","floor":11,"key":"SMITH"},{"floor":15,"key":"REST"}],"neow_cost":"NONE","seed_source_timestamp":237470897020800,"circlet_count":0,"master_deck":["Defend_G","Defend_G","Defend_G","Defend_G+1","Strike_G","Strike_G","Strike_G","Strike_G","Survivor+1","Neutralize","Prepared+1","Dash+1","Masterful Stab+1","Doppelganger","Tactician+1","Distraction","Bandage Up","Corpse Explosion","Reflex","Skewer","Leg Sweep","Deadly Poison","Footwork"],"relics":["Ring of the Snake","Letter Opener","Juzu Bracelet","Strawberry","Eternal Feather"],"potions_floor_usage":[16,16,23,23,23],"damage_taken":[{"damage":0,"enemies":"Small Slimes","floor":1,"turns":4},{"damage":2,"enemies":"Cultist","floor":3,"turns":5},{"damage":0,"enemies":"2 Louse","floor":5,"turns":2},{"damage":19,"enemies":"Lagavulin","floor":7,"turns":10},{"damage":3,"enemies":"3 Sentries","floor":10,"turns":8},{"damage":0,"enemies":"Looter","floor":12,"turns":3},{"damage":54,"enemies":"Hexaghost","floor":16,"turns":13},{"damage":7,"enemies":"2 Thieves","floor":18,"turns":2},{"damage":19,"enemies":"Spheric Guardian","floor":19,"turns":8},{"damage":7,"enemies":"Centurion and Healer","floor":21,"turns":6},{"damage":47,"enemies":"Sentry and Sphere","floor":22,"turns":6},{"damage":20,"enemies":"Book of Stabbing","floor":23,"turns":7}],"seed_played":"-305572140878712676","potions_obtained":[{"floor":1,"key":"Poison Potion"},{"floor":10,"key":"Energy Potion"},{"floor":12,"key":"Energy Potion"},{"floor":16,"key":"Swift Potion"},{"floor":21,"key":"Explosive Potion"},{"floor":22,"key":"SpeedPotion"}],"is_trial":false,"path_per_floor":["M","?","M","?","M","R","E","R","T","E","R","M","?","$","R","B",null,"M","M","$","M","M","E"],"character_chosen":"THE_SILENT","items_purchased":["Bandage Up","Leg Sweep"],"campfire_rested":1,"item_purchase_floors":[14,20],"current_hp_per_floor":[77,77,75,75,75,75,56,56,56,60,60,60,43,43,68,18,84,77,62,62,59,16,0],"gold":127,"neow_bonus":"TEN_PERCENT_HP_BONUS","is_prod":false,"is_daily":false,"chose_seed":false,"campfire_upgraded":3,"win_rate":0,"timestamp":1561441831,"path_taken":["M","?","M","?","M","R","E","R","T","E","R","M","?","$","R","BOSS","M","M","$","M","M","E"],"build_version":"2019-01-23","purchased_purges":1,"victory":false,"max_hp_per_floor":[77,77,77,77,77,77,77,77,77,84,84,84,84,84,84,84,84,84,84,84,84,84,84],"card_choices":[{"not_picked":["Skewer","Deadly Poison"],"picked":"Prepared","floor":1},{"not_picked":["Acrobatics","Bane"],"picked":"Dash","floor":3},{"not_picked":["Underhanded Strike","Backstab"],"picked":"Masterful Stab","floor":5},{"not_picked":["Dagger Spray","Finisher"],"picked":"Doppelganger","floor":7},{"not_picked":["Flying Knee","Catalyst"],"picked":"Tactician","floor":10},{"not_picked":["PiercingWail","Poisoned Stab"],"picked":"Distraction","floor":12},{"not_picked":["After Image","Bullet Time"],"picked":"Corpse Explosion","floor":16},{"not_picked":["Blade Dance","Accuracy"],"picked":"Reflex","floor":18},{"not_picked":["PiercingWail","Dagger Throw"],"picked":"Skewer","floor":19},{"not_picked":["Masterful Stab+1","Bane"],"picked":"Deadly Poison","floor":21},{"not_picked":["Catalyst","Dagger Throw"],"picked":"Footwork","floor":22}],"player_experience":90218,"relics_obtained":[{"floor":7,"key":"Letter Opener"},{"floor":9,"key":"Juzu Bracelet"},{"floor":10,"key":"Strawberry"}],"event_choices":[{"cards_removed":["Strike_G"],"damage_healed":0,"gold_gain":0,"player_choice":"Card Removal","damage_taken":0,"max_hp_gain":0,"max_hp_loss":0,"event_name":"The Cleric","floor":2,"gold_loss":50},{"damage_healed":0,"gold_gain":0,"player_choice":"Forge","damage_taken":0,"max_hp_gain":0,"max_hp_loss":0,"event_name":"Accursed Blacksmith","floor":4,"gold_loss":0,"cards_upgraded":["Dash"]},{"damage_healed":0,"gold_gain":0,"player_choice":"Entered Light","damage_taken":17,"max_hp_gain":0,"max_hp_loss":0,"event_name":"Shining Light","floor":13,"gold_loss":0,"cards_upgraded":["Defend_G","Survivor"]}],"is_beta":false,"boss_relics":[{"not_picked":["Fusion Hammer","Philosopher\u0027s Stone"],"picked":"Eternal Feather"}],"items_purged_floors":[20],"is_endless":false,"potions_floor_spawned":[1,10,12,16,21,22],"killed_by":"Book of Stabbing","ascension_level":1}