{"gold_per_floor":[112,122,122,138,138,169,238,238,238,238,256,276,78,99,99,194,194,212,236,236],"floor_reached":20,"playtime":1358,"items_purged":["Injury"],"score":308,"play_id":"e9e91bed-167c-4c3f-9892-0b6cfe66e7a1","local_time":"20190313190350","is_ascension_mode":true,"campfire_choices":[{"floor":8,"key":"REST"},{"data":"Consume","floor":10,"key":"SMITH"},{"floor":15,"key":"REST"}],"neow_cost":"CURSE","seed_source_timestamp":174551899121669,"circlet_count":0,"master_deck":["AscendersBane","Zap","Dualcast","Clumsy","Electrodynamics","Streamline","Steam","Cold Snap","Consume+1","BootSequence","Rainbow","Capacitor","Coolheaded","Gash","Machine Learning","Static Discharge","White Noise","Steam Power","Tempest","White Noise","FTL","Reboot","Self Repair","Steam+1"],"relics":["Cracked Core","Golden Idol","Darkstone Periapt","Girya","Pandora\u0027s Box"],"potions_floor_usage":[11,16,16],"damage_taken":[{"damage":2,"enemies":"Jaw Worm","floor":1,"turns":3},{"damage":2,"enemies":"2 Louse","floor":2,"turns":2},{"damage":10,"enemies":"Small Slimes","floor":4,"turns":2},{"damage":34,"enemies":"Lagavulin","floor":6,"turns":8},{"damage":9,"enemies":"Blue Slaver","floor":11,"turns":3},{"damage":7,"enemies":"Red Slaver","floor":12,"turns":3},{"damage":0,"enemies":"Looter","floor":14,"turns":3},{"damage":24,"enemies":"The Guardian","floor":16,"turns":12},{"damage":19,"enemies":"Spheric Guardian","floor":18,"turns":4},{"damage":16,"enemies":"2 Thieves","floor":19,"turns":4},{"damage":32,"enemies":"Masked Bandits","floor":20,"turns":2}],"seed_played":"-5853275407728025573","potions_obtained":[{"floor":4,"key":"LiquidBronze"},{"floor":6,"key":"Block Potion"},{"floor":12,"key":"Block Potion"}],"is_trial":false,"path_per_floor":["M","M","?","M","?","E","?","R","T","R","M","M","$","M","R","B",null,"M","M","?"],"character_chosen":"DEFECT","items_purchased":["Capacitor","Coolheaded"],"campfire_rested":2,"item_purchase_floors":[13,13],"current_hp_per_floor":[62,60,60,50,50,16,16,37,37,37,28,21,21,21,42,18,58,46,30,0],"gold":236,"neow_bonus":"THREE_RARE_CARDS","is_prod":false,"is_daily":false,"chose_seed":false,"campfire_upgraded":1,"win_rate":0,"timestamp":1552503830,"path_taken":["M","M","?","M","?","E","?","R","T","R","M","M","$","?","R","BOSS","M","M","?"],"build_version":"2019-01-23","purchased_purges":1,"victory":false,"max_hp_per_floor":[71,71,71,71,71,71,71,71,71,71,71,71,71,71,71,71,71,71,71,71],"card_choices":[{"not_picked":["Amplify","Reboot"],"picked":"Electrodynamics","floor":0},{"not_picked":["Turbo","Steam"],"picked":"Streamline","floor":1},{"not_picked":["Lockon","Conserve Battery"],"picked":"Steam","floor":2},{"not_picked":["Meteor Strike","Steam"],"picked":"Cold Snap","floor":4},{"not_picked":["Stack","Rebound"],"picked":"Consume","floor":6},{"not_picked":["Ball Lightning","Storm"],"picked":"BootSequence","floor":11},{"not_picked":["Storm","Consume"],"picked":"Rainbow","floor":12},{"not_picked":["Hello World","Force Field"],"picked":"Gash","floor":14},{"not_picked":["Hyperbeam","Amplify"],"picked":"Machine Learning","floor":16},{"not_picked":["Rebound","Steam","Auto Shields"],"picked":"SKIP","floor":18},{"not_picked":["Coolheaded","Storm"],"picked":"Steam+1","floor":19}],"player_experience":1556537,"relics_obtained":[{"floor":6,"key":"Darkstone Periapt"},{"floor":9,"key":"Girya"}],"event_choices":[{"damage_healed":0,"gold_gain":0,"player_choice":"Leave","damage_taken":0,"max_hp_gain":0,"max_hp_loss":0,"event_name":"The Cleric","floor":3,"gold_loss":0},{"damage_healed":0,"gold_gain":0,"player_choice":"Take Wound","damage_taken":0,"relics_obtained":["Golden Idol"],"max_hp_gain":0,"max_hp_loss":0,"event_name":"Golden Idol","floor":5,"gold_loss":0,"cards_obtained":["Injury"]},{"damage_healed":0,"gold_gain":69,"player_choice":"Gained Gold","damage_taken":0,"max_hp_gain":0,"max_hp_loss":0,"event_name":"Golden Wing","floor":7,"gold_loss":0},{"damage_healed":0,"gold_gain":0,"player_choice":"Fought Bandits","damage_taken":0,"max_hp_gain":0,"max_hp_loss":0,"event_name":"Masked Bandits","floor":20,"gold_loss":0}],"is_beta":false,"boss_relics":[{"not_picked":["Runic Dome","Eternal Feather"],"picked":"Pandora\u0027s Box"}],"items_purged_floors":[13],"is_endless":false,"potions_floor_spawned":[4,6,12],"killed_by":"Masked Bandits","ascension_level":15}