{"gold_per_floor":[117,192,21,21,40,73,2,2,2,30,30,45,58,83,83,186,186,198,113,113,13,113,145,145,145,168,168,200,217,61,74,74,175,175,187,201,9,22,22,55,55,83,107,142,142,176,176,205,205,205,205,205,21,54,54],"floor_reached":56,"playtime":4271,"items_purged":["Defend_G","Strike_G","Strike_G"],"score":2028,"play_id":"6129878f-4e71-46e6-8ad9-9a51e072282f","local_time":"20190417204243","is_ascension_mode":true,"campfire_choices":[{"data":"Neutralize","floor":8.0,"key":"SMITH"},{"floor":15.0,"key":"REST"},{"data":"Adrenaline","floor":25.0,"key":"SMITH"},{"data":"Cloak And Dagger","floor":27.0,"key":"SMITH"},{"data":"Cloak And Dagger","floor":32.0,"key":"SMITH"},{"floor":45.0,"key":"RECALL"},{"data":"Blade Dance","floor":49.0,"key":"SMITH"},{"data":"Terror","floor":52.0,"key":"SMITH"}],"neow_cost":"NONE","seed_source_timestamp":0,"circlet_count":0,"master_deck":["Defend_G","Defend_G","Defend_G","Survivor+1","Neutralize+1","Cloak And Dagger+1","Backflip","Escape Plan","Terror+1","Backstab","Blade Dance+1","Adrenaline+1","Flying Knee+1","Escape Plan+1","Outmaneuver+1","PiercingWail","Cloak And Dagger+1","Predator","Blur+1","Infinite Blades+1","Envenom+1","Footwork+1","Catalyst+1","Dark Shackles"],"special_seed":0,"relics":["Ring of the Snake","Kunai","Mercury Hourglass","Tingsha","Boot","Astrolabe","Letter Opener","Dead Branch","Mummified Hand","Bronze Scales","Frozen Egg 2","Omamori","War Paint","Philosopher\u0027s Stone","Potion Belt","Dream Catcher","Tough Bandages","Strawberry","Happy Flower","StoneCalendar","Smiling Mask","Vajra","Pen Nib"],"potions_floor_usage":[55,55],"damage_taken":[{"damage":4.0,"enemies":"Small Slimes","floor":1.0,"turns":4.0},{"damage":0.0,"enemies":"2 Louse","floor":5.0,"turns":4.0},{"damage":11.0,"enemies":"3 Sentries","floor":6.0,"turns":9.0},{"damage":27.0,"enemies":"Gremlin Nob","floor":10.0,"turns":5.0},{"damage":0.0,"enemies":"Cultist","floor":12.0,"turns":2.0},{"damage":0.0,"enemies":"Blue Slaver","floor":13.0,"turns":3.0},{"damage":0.0,"enemies":"3 Sentries","floor":14.0,"turns":5.0},{"damage":15.0,"enemies":"The Guardian","floor":16.0,"turns":14.0},{"damage":7.0,"enemies":"2 Thieves","floor":18.0,"turns":4.0},{"damage":2.0,"enemies":"Colosseum Slavers","floor":22.0,"turns":4.0},{"damage":17.0,"enemies":"Colosseum Nobs","floor":22.0,"turns":5.0},{"damage":0.0,"enemies":"Book of Stabbing","floor":23.0,"turns":5.0},{"damage":0.0,"enemies":"Gremlin Leader","floor":28.0,"turns":4.0},{"damage":0.0,"enemies":"Spheric Guardian","floor":29.0,"turns":1.0},{"damage":0.0,"enemies":"Shelled Parasite and Fungi","floor":31.0,"turns":3.0},{"damage":0.0,"enemies":"Collector","floor":33.0,"turns":8.0},{"damage":0.0,"enemies":"3 Shapes","floor":35.0,"turns":1.0},{"damage":0.0,"enemies":"3 Darklings","floor":36.0,"turns":3.0},{"damage":0.0,"enemies":"Spire Growth","floor":38.0,"turns":4.0},{"damage":1.0,"enemies":"Reptomancer","floor":40.0,"turns":4.0},{"damage":0.0,"enemies":"Giant Head","floor":42.0,"turns":5.0},{"damage":4.0,"enemies":"Nemesis","floor":44.0,"turns":3.0},{"damage":2.0,"enemies":"Giant Head","floor":46.0,"turns":7.0},{"damage":0.0,"enemies":"Nemesis","floor":48.0,"turns":5.0},{"damage":6.0,"enemies":"Time Eater","floor":50.0,"turns":10.0},{"damage":0.0,"enemies":"Shield and Spear","floor":54.0,"turns":4.0},{"damage":36,"enemies":"The Heart","floor":55,"turns":6}],"seed_played":"6724460230556091757","potions_obtained":[{"floor":1.0,"key":"PowerPotion"},{"floor":5.0,"key":"Weak Potion"},{"floor":13.0,"key":"Strength Potion"},{"floor":18.0,"key":"PowerPotion"},{"floor":22.0,"key":"Regen Potion"},{"floor":23.0,"key":"Weak Potion"},{"floor":28.0,"key":"Poison Potion"},{"floor":36.0,"key":"GhostInAJar"},{"floor":40.0,"key":"SpeedPotion"},{"floor":46.0,"key":"EssenceOfSteel"}],"is_trial":false,"path_per_floor":["M","?","$","?","M","E","$","R","T","E","?","M","M","E","R","B",null,"M","?","?","$","?","E","?","R","T","R","E","M","$","M","R","B",null,"M","M","$","M","?","E","?","E","T","E","R","E","?","E","R","B",null,"R","$","E","B",null],"character_chosen":"THE_SILENT","items_purchased":["Cloak And Dagger","Backflip","Terror","War Paint","Potion Belt","Energy Potion","PowerPotion","Dark Shackles"],"campfire_rested":1,"item_purchase_floors":[3,3,7,30,37,37,53,53],"current_hp_per_floor":[66,55,55,55,55,44,44,44,44,17,17,17,17,17,40,25,64,57,57,57,57,38,52,52,52,52,52,52,52,52,52,52,52,71,71,71,71,71,71,70,70,70,77,73,73,71,71,71,71,65,76,76,76,76,40],"gold":54,"neow_bonus":"TEN_PERCENT_HP_BONUS","is_prod":false,"is_daily":false,"chose_seed":false,"campfire_upgraded":6,"win_rate":0,"timestamp":1555558963,"path_taken":["M","?","$","?","?","E","$","R","T","E","?","M","M","E","R","BOSS","M","?","?","?","?","E","?","R","T","R","E","?","$","M","R","BOSS","M","M","$","M","?","E","?","E","T","E","R","E","?","E","R","BOSS","R","$","E","BOSS"],"build_version":"2019-01-23","purchased_purges":3,"victory":true,"max_hp_per_floor":[77,77,77,77,77,77,77,77,77,77,77,77,77,77,77,77,77,77,77,77,77,77,77,77,77,77,77,77,77,77,77,77,77,77,77,77,77,77,73,73,73,73,80,80,80,80,80,80,80,80,80,80,80,80,80],"card_choices":[{"not_picked":["All Out Attack","Tactician","Poisoned Stab"],"picked":"SKIP","floor":1.0},{"not_picked":["Dagger Spray","Deadly Poison","Dagger Throw"],"picked":"SKIP","floor":5.0},{"not_picked":["Setup","Riddle With Holes"],"picked":"Escape Plan","floor":6.0},{"not_picked":["Storm of Steel","All Out Attack"],"picked":"Backstab","floor":10.0},{"not_picked":["Dodge and Roll","Outmaneuver"],"picked":"Blade Dance","floor":12.0},{"not_picked":["Quick Slash","Bane"],"picked":"Dodge and Roll","floor":13.0},{"not_picked":["Endless Agony","Tactician","Expertise"],"picked":"SKIP","floor":14.0},{"not_picked":["Die Die Die","Storm of Steel"],"picked":"Adrenaline","floor":16.0},{"not_picked":["Well Laid Plans+1","Cloak And Dagger"],"picked":"PiercingWail","floor":18.0},{"not_picked":["Sucker Punch","Dodge and Roll"],"picked":"Predator","floor":22.0},{"not_picked":["Flying Knee","Dodge and Roll"],"picked":"Blur+1","floor":23.0},{"not_picked":["Flying Knee+1","Blur+1","Choke"],"picked":"SKIP","floor":28.0},{"not_picked":["Grand Finale","Deflect"],"picked":"Infinite Blades+1","floor":29.0},{"not_picked":["Sucker Punch","Calculated Gamble","Outmaneuver+1"],"picked":"SKIP","floor":31.0},{"not_picked":["Malaise","Night Terror"],"picked":"Envenom+1","floor":33.0},{"not_picked":["Blade Dance+1","Deflect+1","Eviscerate+1"],"picked":"SKIP","floor":35.0},{"not_picked":["Slice+1","Blade Dance","Deadly Poison"],"picked":"SKIP","floor":36.0},{"not_picked":["Eviscerate+1","Poisoned Stab+1","Slice+1"],"picked":"SKIP","floor":38.0},{"not_picked":["Eviscerate","Dagger Throw"],"picked":"Footwork+1","floor":40.0},{"not_picked":["Flying Knee","Wraith Form v2+1"],"picked":"Catalyst+1","floor":42.0},{"not_picked":["Sucker Punch+1","Expertise","Outmaneuver"],"picked":"SKIP","floor":44.0},{"not_picked":["Blade Dance+1","Flying Knee+1","Prepared"],"picked":"SKIP","floor":46.0},{"not_picked":["Terror","Deadly Poison+1","Poisoned Stab"],"picked":"SKIP","floor":48.0},{"not_picked":["Burst","Backflip+1","PiercingWail"],"picked":"SKIP","floor":54.0}],"player_experience":1301067,"relics_obtained":[{"floor":6.0,"key":"Kunai"},{"floor":9.0,"key":"Mercury Hourglass"},{"floor":10.0,"key":"Tingsha"},{"floor":14.0,"key":"Boot"},{"floor":22.0,"key":"Dead Branch"},{"floor":22.0,"key":"Mummified Hand"},{"floor":23.0,"key":"Bronze Scales"},{"floor":28.0,"key":"Omamori"},{"floor":40.0,"key":"Dream Catcher"},{"floor":42.0,"key":"Tough Bandages"},{"floor":43.0,"key":"Strawberry"},{"floor":44.0,"key":"Happy Flower"},{"floor":46.0,"key":"StoneCalendar"},{"floor":47.0,"key":"Smiling Mask"},{"floor":48.0,"key":"Vajra"},{"floor":54.0,"key":"Pen Nib"}],"event_choices":[{"damage_healed":0.0,"max_hp_gain":0.0,"max_hp_loss":0.0,"gold_gain":75.0,"event_name":"World of Goop","player_choice":"Gather Gold","floor":2.0,"gold_loss":0.0,"damage_taken":11.0},{"cards_removed":["Strike_G"],"damage_healed":0.0,"max_hp_gain":0.0,"max_hp_loss":0.0,"gold_gain":0.0,"event_name":"Purifier","player_choice":"Purged","floor":4.0,"gold_loss":0.0,"damage_taken":0.0},{"damage_healed":0.0,"max_hp_gain":0.0,"max_hp_loss":0.0,"gold_gain":0.0,"event_name":"Match and Keep!","player_choice":"0 cards matched","floor":11.0,"gold_loss":0.0,"damage_taken":0.0,"cards_obtained":[]},{"damage_healed":0.0,"max_hp_gain":0.0,"max_hp_loss":0.0,"gold_gain":0.0,"event_name":"Addict","player_choice":"Obtained Relic","floor":19.0,"gold_loss":85.0,"damage_taken":0.0,"relics_obtained":["Letter Opener"]},{"damage_healed":0.0,"max_hp_gain":0.0,"max_hp_loss":0.0,"gold_gain":0.0,"event_name":"The Library","player_choice":"Read","floor":20.0,"gold_loss":0.0,"damage_taken":0.0,"cards_obtained":["Cloak And Dagger"]},{"damage_healed":0.0,"max_hp_gain":0.0,"max_hp_loss":0.0,"gold_gain":0.0,"event_name":"Colosseum","player_choice":"Fight","floor":22.0,"gold_loss":0.0,"damage_taken":0.0},{"damage_healed":0.0,"max_hp_gain":0.0,"max_hp_loss":0.0,"gold_gain":0.0,"event_name":"Colosseum","player_choice":"Fought Nobs","floor":22.0,"gold_loss":0.0,"damage_taken":0.0},{"damage_healed":0.0,"max_hp_gain":0.0,"max_hp_loss":0.0,"gold_gain":0.0,"event_name":"The Mausoleum","player_choice":"Opened","floor":24.0,"gold_loss":0.0,"damage_taken":0.0,"relics_obtained":["Frozen Egg 2"]},{"damage_healed":0.0,"max_hp_gain":0.0,"max_hp_loss":4.0,"gold_gain":0.0,"event_name":"Winding Halls","player_choice":"Max HP","floor":39.0,"gold_loss":0.0,"damage_taken":0.0},{"cards_removed":["Dodge and Roll"],"damage_healed":0.0,"max_hp_gain":0.0,"max_hp_loss":0.0,"gold_gain":0.0,"event_name":"Falling","player_choice":"Removed Skill","floor":41.0,"gold_loss":0.0,"damage_taken":0.0},{"damage_healed":0.0,"max_hp_gain":0.0,"max_hp_loss":0.0,"gold_gain":0.0,"event_name":"Wheel of Change","player_choice":"Relic","floor":47.0,"gold_loss":0.0,"damage_taken":0.0}],"is_beta":false,"boss_relics":[{"not_picked":["Snecko Eye","Ectoplasm"],"picked":"Astrolabe"},{"not_picked":["Cursed Key","Tiny House"],"picked":"Philosopher\u0027s Stone"}],"items_purged_floors":[3,21,53],"is_endless":false,"potions_floor_spawned":[1,5,13,18,22,23,28,36,40,46,48],"ascension_level":8}