{"gold_per_floor":[111,111,211,231,249,264,289,302,302,302,302,302,325,340,340,340],"floor_reached":16,"playtime":2415,"items_purged":[],"score":109,"play_id":"9eb94cd1-187e-4f8a-8105-2ff6faf007b9","local_time":"20190705152552","is_ascension_mode":true,"campfire_choices":[{"floor":10,"key":"REST"},{"floor":12,"key":"REST"},{"floor":15,"key":"REST"}],"neow_cost":"NONE","seed_source_timestamp":851776972177200,"circlet_count":0,"master_deck":["Strike_G","Strike_G","Strike_G","Strike_G","Strike_G","Defend_G","Defend_G","Defend_G","Defend_G","Defend_G","Survivor","Neutralize","Backflip","Bouncing Flask","Catalyst","Burst","Prepared","Flechettes+1"],"relics":["Ring of the Snake","Matryoshka","Molten Egg 2","Centennial Puzzle","FossilizedHelix","Golden Idol"],"potions_floor_usage":[16,16,16],"damage_taken":[{"damage":7,"enemies":"Jaw Worm","floor":1,"turns":7},{"damage":0,"enemies":"Cultist","floor":4,"turns":5},{"damage":0,"enemies":"2 Louse","floor":5,"turns":2},{"damage":0,"enemies":"Blue Slaver","floor":6,"turns":4},{"damage":61,"enemies":"3 Sentries","floor":7,"turns":13},{"damage":0,"enemies":"Looter","floor":8,"turns":4},{"damage":8,"enemies":"Large Slime","floor":13,"turns":6},{"damage":6,"enemies":"Red Slaver","floor":14,"turns":3},{"damage":63,"enemies":"Slime Boss","floor":16,"turns":14}],"seed_played":"-8735565574789208936","potions_obtained":[{"floor":1,"key":"GhostInAJar"},{"floor":7,"key":"Weak Potion"},{"floor":8,"key":"Dexterity Potion"}],"is_trial":false,"path_per_floor":["M","?","?","M","M","M","E","M","T","R","?","R","M","M","R","B"],"character_chosen":"THE_SILENT","items_purchased":[],"campfire_rested":3,"item_purchase_floors":[],"current_hp_per_floor":[70,63,63,63,63,63,2,2,2,25,25,46,38,32,53,0],"gold":340,"neow_bonus":"TEN_PERCENT_HP_BONUS","is_prod":false,"is_daily":false,"chose_seed":false,"campfire_upgraded":0,"win_rate":0,"timestamp":1562365552,"path_taken":["M","?","?","?","M","?","E","M","T","R","?","R","M","M","R","BOSS"],"build_version":"2019-07-05","purchased_purges":0,"victory":false,"max_hp_per_floor":[77,77,77,77,77,77,77,77,77,77,71,71,71,71,71,71],"card_choices":[{"not_picked":["Dagger Spray","Cloak And Dagger"],"picked":"Backflip","floor":1},{"not_picked":["Poisoned Stab","Reflex"],"picked":"Bouncing Flask","floor":4},{"not_picked":["Cloak And Dagger","Bouncing Flask","Accuracy"],"picked":"SKIP","floor":5},{"not_picked":["Dagger Spray","Reflex"],"picked":"Catalyst","floor":6},{"not_picked":["Poisoned Stab","Slice"],"picked":"Burst","floor":7},{"not_picked":["Sucker Punch+1","Dagger Spray+1"],"picked":"Prepared","floor":8},{"not_picked":["Blade Dance","Dagger Spray+1"],"picked":"Flechettes+1","floor":13},{"not_picked":["Poisoned Stab+1","Quick Slash+1","Acrobatics"],"picked":"SKIP","floor":14}],"player_experience":107146,"relics_obtained":[{"floor":7,"key":"Molten Egg 2"},{"floor":9,"key":"Centennial Puzzle"},{"floor":9,"key":"FossilizedHelix"}],"event_choices":[{"damage_healed":0,"gold_gain":0,"player_choice":"Success","damage_taken":7,"relics_obtained":["Matryoshka"],"max_hp_gain":0,"max_hp_loss":0,"event_name":"Scrap Ooze","floor":2,"gold_loss":0},{"damage_healed":0,"gold_gain":100,"player_choice":"Pray","damage_taken":0,"max_hp_gain":0,"max_hp_loss":0,"event_name":"Golden Shrine","floor":3,"gold_loss":0},{"damage_healed":0,"gold_gain":0,"player_choice":"Lose Max HP","damage_taken":0,"relics_obtained":["Golden Idol"],"max_hp_gain":0,"max_hp_loss":6,"event_name":"Golden Idol","floor":11,"gold_loss":0}],"is_beta":false,"boss_relics":[],"items_purged_floors":[],"is_endless":false,"potions_floor_spawned":[1,7,8,14],"killed_by":"Slime Boss","ascension_level":1}