{"gold_per_floor":[118,22,22,22,37,62,62,62,62,62,97,111,130,140,140,213,213,226,238,88,108,121,121],"floor_reached":23,"playtime":1723,"items_purged":[],"score":355,"play_id":"f68b9af7-19b1-4167-9f4e-1e978de9c63b","local_time":"20190228165305","is_ascension_mode":true,"campfire_choices":[{"data":"Dualcast","floor":10,"key":"SMITH"},{"floor":15,"key":"REST"}],"neow_cost":"NONE","seed_source_timestamp":508739906243289,"circlet_count":0,"master_deck":["AscendersBane","Strike_B","Strike_B","Strike_B","Defend_B","Defend_B+1","Defend_B","Defend_B","Zap+1","Dualcast+1","Gash","Coolheaded","Hologram","Pain","White Noise","Echo Form","Cold Snap","Chaos","Glacier","Electrodynamics","Gash","Conserve Battery","Cold Snap","Blizzard","Redo","Steam","Sunder"],"relics":["Cracked Core","War Paint","WarpedTongs","Cables","GremlinMask","Calipers","Centennial Puzzle","Nuclear Battery"],"potions_floor_usage":[6,16],"damage_taken":[{"damage":2,"enemies":"2 Louse","floor":1,"turns":2},{"damage":2,"enemies":"Jaw Worm","floor":5,"turns":3},{"damage":8,"enemies":"Lagavulin","floor":6,"turns":8},{"damage":14,"enemies":"3 Sentries","floor":11,"turns":11},{"damage":3,"enemies":"Cultist","floor":12,"turns":4},{"damage":8,"enemies":"Looter","floor":13,"turns":4},{"damage":18,"enemies":"Lots of Slimes","floor":14,"turns":4},{"damage":13,"enemies":"Slime Boss","floor":16,"turns":11},{"damage":1,"enemies":"Spheric Guardian","floor":18,"turns":4},{"damage":0,"enemies":"3 Byrds","floor":19,"turns":1},{"damage":13,"enemies":"Snake Plant","floor":21,"turns":4},{"damage":23,"enemies":"Centurion and Healer","floor":22,"turns":8},{"damage":24,"enemies":"Slavers","floor":23,"turns":4}],"seed_played":"7520855643519197058","potions_obtained":[{"floor":1,"key":"FocusPotion"},{"floor":12,"key":"Dexterity Potion"},{"floor":13,"key":"GamblersBrew"},{"floor":19,"key":"LiquidBronze"}],"is_trial":false,"path_per_floor":["M","$","?","?","M","E","?","?","T","R","E","M","M","M","R","B",null,"M","M","$","M","M","E"],"character_chosen":"DEFECT","items_purchased":["Coolheaded","Hologram","Cold Snap","Blizzard","Redo"],"campfire_rested":1,"item_purchase_floors":[2,2,20,20,20],"current_hp_per_floor":[62,62,55,55,53,45,50,50,50,50,36,33,25,7,29,16,61,60,60,60,47,24,0],"gold":121,"neow_bonus":"RANDOM_COMMON_RELIC","is_prod":false,"is_daily":false,"chose_seed":false,"campfire_upgraded":1,"win_rate":0,"timestamp":1551372785,"path_taken":["M","$","?","?","?","E","?","?","T","R","E","M","?","M","R","BOSS","M","?","$","M","M","E"],"build_version":"2019-01-23","purchased_purges":0,"victory":false,"max_hp_per_floor":[71,71,71,71,71,71,76,76,76,76,76,76,76,76,76,76,76,76,76,76,76,76,76],"card_choices":[{"not_picked":["Doom and Gloom","Streamline"],"picked":"Gash","floor":1},{"not_picked":["Turbo","Sweeping Beam"],"picked":"White Noise","floor":5},{"not_picked":["Sweeping Beam","Hologram"],"picked":"Echo Form","floor":6},{"not_picked":["Lockon","Beam Cell"],"picked":"Cold Snap","floor":11},{"not_picked":["Turbo","Sweeping Beam"],"picked":"Chaos","floor":12},{"not_picked":["Thunder Strike","Sweeping Beam","Stack"],"picked":"SKIP","floor":13},{"not_picked":["Aggregate","Steam"],"picked":"Glacier","floor":14},{"not_picked":["Fission","Rainbow"],"picked":"Electrodynamics","floor":16},{"not_picked":["Redo+1","Undo"],"picked":"Gash","floor":18},{"not_picked":["Redo","Ball Lightning"],"picked":"Conserve Battery","floor":19},{"not_picked":["Doom and Gloom","Reinforced Body"],"picked":"Steam","floor":21},{"not_picked":["Fusion","Conserve Battery"],"picked":"Sunder","floor":22}],"player_experience":1483271,"relics_obtained":[{"floor":6,"key":"Cables"},{"floor":9,"key":"Calipers"},{"floor":11,"key":"Centennial Puzzle"}],"event_choices":[{"cards_removed":["Strike_B"],"damage_healed":0,"gold_gain":0,"player_choice":"Card Removal","damage_taken":7,"max_hp_gain":0,"max_hp_loss":0,"event_name":"Golden Wing","floor":3,"gold_loss":0},{"damage_healed":0,"gold_gain":0,"player_choice":"Rummage","damage_taken":0,"relics_obtained":["WarpedTongs"],"max_hp_gain":0,"max_hp_loss":0,"event_name":"Accursed Blacksmith","floor":4,"gold_loss":0,"cards_obtained":["Pain"]},{"damage_healed":0,"gold_gain":0,"player_choice":"Donut","damage_taken":0,"max_hp_gain":5,"max_hp_loss":0,"event_name":"Big Fish","floor":7,"gold_loss":0},{"damage_healed":0,"gold_gain":0,"player_choice":"Trade","damage_taken":0,"relics_obtained":["GremlinMask"],"max_hp_gain":0,"max_hp_loss":0,"event_name":"FaceTrader","floor":8,"gold_loss":0}],"is_beta":false,"boss_relics":[{"not_picked":["FrozenCore","Pandora\u0027s Box"],"picked":"Nuclear Battery"}],"items_purged_floors":[],"is_endless":false,"potions_floor_spawned":[1,12,13,19,22],"killed_by":"Slavers","ascension_level":15}