{"gold_per_floor":[367,381,46,65,82,110,110,143,195,195,195,1,14,28,28,124,424,441,182,200,219,236,236,236,236,236,251,283,109,125,125],"floor_reached":31,"playtime":1586,"items_purged":["Decay","Decay"],"score":360,"play_id":"6aeeb899-3c96-44ec-b12f-f109e41a6d1a","local_time":"20190409195138","is_ascension_mode":true,"campfire_choices":[{"data":"Defragment","floor":7,"key":"SMITH"},{"floor":15,"key":"REST"},{"floor":23,"key":"REST"},{"floor":25,"key":"REST"}],"neow_cost":"CURSE","seed_source_timestamp":2506572946877242,"circlet_count":0,"master_deck":["Strike_B","Strike_B","Strike_B","Defend_B","Defend_B","Defend_B","Defend_B+1","Zap+1","Dualcast+1","Cold Snap","Streamline","Defragment+1","Rip and Tear","Ball Lightning","Loop+1","Seek","Beam Cell","Echo Form+1","Echo Form+1","BootSequence","Creative AI+1","Coolheaded"],"relics":["Cracked Core","PreservedInsect","Frozen Egg 2","Blue Candle","War Paint","Omamori","Calling Bell","Potion Belt","Pantograph","Old Coin","Bag of Marbles","Blood Vial","Art of War"],"potions_floor_usage":[16,21,21,28,28],"damage_taken":[{"damage":1,"enemies":"Cultist","floor":1,"turns":3},{"damage":3,"enemies":"Jaw Worm","floor":2,"turns":4},{"damage":2,"enemies":"2 Louse","floor":4,"turns":2},{"damage":7,"enemies":"Lots of Slimes","floor":5,"turns":3},{"damage":12,"enemies":"Gremlin Nob","floor":6,"turns":3},{"damage":8,"enemies":"Lagavulin","floor":8,"turns":4},{"damage":8,"enemies":"Exordium Thugs","floor":13,"turns":3},{"damage":13,"enemies":"Red Slaver","floor":14,"turns":2},{"damage":0,"enemies":"Slime Boss","floor":16,"turns":5},{"damage":23,"enemies":"Chosen","floor":18,"turns":6},{"damage":24,"enemies":"2 Thieves","floor":20,"turns":4},{"damage":14,"enemies":"3 Cultists","floor":21,"turns":5},{"damage":5,"enemies":"Chosen and Byrds","floor":22,"turns":5},{"damage":21,"enemies":"Snake Plant","floor":27,"turns":4},{"damage":7,"enemies":"Book of Stabbing","floor":28,"turns":3},{"damage":12,"enemies":"Centurion and Healer","floor":30,"turns":5},{"damage":17,"enemies":"Slavers","floor":31,"turns":1}],"seed_played":"1988871657245219466","potions_obtained":[{"floor":1,"key":"PowerPotion"},{"floor":4,"key":"FearPotion"},{"floor":14,"key":"FearPotion"},{"floor":16,"key":"Fire Potion"},{"floor":18,"key":"FearPotion"},{"floor":20,"key":"SpeedPotion"},{"floor":24,"key":"Dexterity Potion"},{"floor":24,"key":"FocusPotion"},{"floor":28,"key":"FearPotion"}],"is_trial":false,"path_per_floor":["M","M","$","M","M","E","R","E","T","?","?","$","M","M","R","B",null,"M","$","M","M","M","R","?","R","T","M","E","$","M","E"],"character_chosen":"DEFECT","items_purchased":["Defragment","PreservedInsect","Rip and Tear","Omamori","Beam Cell","Echo Form+1","BootSequence","Coolheaded","Art of War"],"campfire_rested":3,"item_purchase_floors":[3,3,3,12,12,19,19,29,29],"current_hp_per_floor":[74,71,71,69,62,50,50,42,42,42,42,42,34,21,43,43,75,52,52,28,14,9,31,31,53,53,32,25,25,15,0],"gold":125,"neow_bonus":"TWO_FIFTY_GOLD","is_prod":false,"is_daily":false,"chose_seed":false,"campfire_upgraded":1,"win_rate":0,"timestamp":1554835898,"path_taken":["M","M","$","?","M","E","R","E","T","?","?","$","M","M","R","BOSS","M","$","?","M","M","R","?","R","T","?","E","$","M","E"],"build_version":"2019-01-23","purchased_purges":2,"victory":false,"max_hp_per_floor":[75,75,75,75,75,75,75,75,75,75,75,75,75,75,75,75,75,75,75,75,75,75,75,75,75,75,75,75,75,75,75],"card_choices":[{"not_picked":["Steam","Sweeping Beam"],"picked":"Cold Snap","floor":1},{"not_picked":["Steam Power","Barrage"],"picked":"Streamline","floor":2},{"not_picked":["Double Energy","Loop"],"picked":"Ball Lightning","floor":4},{"not_picked":["Compile Driver","Rebound","Steam Power"],"picked":"SKIP","floor":5},{"not_picked":["Steam","Compile Driver"],"picked":"Loop","floor":6},{"not_picked":["Aggregate","Rebound"],"picked":"Seek","floor":8},{"not_picked":["Blizzard","Sweeping Beam","Leap"],"picked":"SKIP","floor":13},{"not_picked":["Fusion","Barrage","Stack"],"picked":"SKIP","floor":14},{"not_picked":["Creative AI+1","Biased Cognition+1"],"picked":"Echo Form+1","floor":16},{"not_picked":["Leap","Barrage+1","Rebound"],"picked":"SKIP","floor":18},{"not_picked":["Sweeping Beam","Tempest","Conserve Battery"],"picked":"SKIP","floor":20},{"not_picked":["Sweeping Beam+1","Skim+1","Leap"],"picked":"SKIP","floor":21},{"not_picked":["Undo","Barrage","Loop+1"],"picked":"SKIP","floor":22},{"not_picked":["Beam Cell","Turbo","Rebound+1"],"picked":"SKIP","floor":27},{"not_picked":["Cold Snap","Storm+1"],"picked":"Creative AI+1","floor":28},{"not_picked":["Rebound","Redo","Melter"],"picked":"SKIP","floor":30}],"player_experience":1733977,"relics_obtained":[{"floor":6,"key":"Frozen Egg 2"},{"floor":8,"key":"Blue Candle"},{"floor":9,"key":"War Paint"},{"floor":17,"key":"Potion Belt"},{"floor":17,"key":"Pantograph"},{"floor":17,"key":"Old Coin"},{"floor":26,"key":"Bag of Marbles"},{"floor":28,"key":"Blood Vial"}],"event_choices":[{"damage_healed":0,"gold_gain":0,"player_choice":"Grow","damage_taken":0,"max_hp_gain":0,"max_hp_loss":0,"event_name":"Living Wall","floor":10,"gold_loss":0,"cards_upgraded":["Zap"]},{"cards_removed":["Strike_B"],"damage_healed":0,"gold_gain":0,"player_choice":"Card Removal","damage_taken":0,"max_hp_gain":0,"max_hp_loss":0,"event_name":"Wheel of Change","floor":11,"gold_loss":0},{"damage_healed":0,"gold_gain":0,"player_choice":"Got Potions","damage_taken":0,"max_hp_gain":0,"max_hp_loss":0,"event_name":"Lab","floor":24,"gold_loss":0}],"is_beta":false,"boss_relics":[{"not_picked":["Nuclear Battery","Orrery"],"picked":"Calling Bell"}],"items_purged_floors":[3,19],"is_endless":false,"potions_floor_spawned":[1,4,14,16,18,20,28],"killed_by":"Slavers","ascension_level":1}