{"gold_per_floor":[119,119,119,134,146,179,56,84,84,84,84,104,104,160,160,259,259,271,285,57,57,76,101,101,131,184,199,199,215,215,50,50,146,146,159,159,159,171,121,121,154,154,206,221,238,238,238],"floor_reached":47,"playtime":2915,"items_purged":["Strike_B","Strike_B"],"score":526,"play_id":"4c9c4072-c682-4c83-b092-4dc0089fa1d2","local_time":"20190416194603","is_ascension_mode":true,"campfire_choices":[{"data":"Zap","floor":10,"key":"SMITH"},{"data":"Chaos","floor":13,"key":"SMITH"},{"data":"Streamline","floor":15,"key":"SMITH"},{"floor":24,"key":"REST"},{"floor":30,"key":"REST"},{"floor":32,"key":"REST"},{"floor":40,"key":"REST"}],"neow_cost":"NONE","seed_source_timestamp":158210240765346,"circlet_count":0,"master_deck":["Strike_B","Defend_B","Defend_B","Defend_B","Defend_B","Zap+1","Dualcast+1","Gash","Double Energy+1","Seek+1","Cold Snap","Streamline+1","Hologram","Rebound","Chaos+1","All For One","Reinforced Body","Tempest","Coolheaded","White Noise","BootSequence","Defragment","Core Surge","Rip and Tear","Steam+1","Panache","All For One","Doom and Gloom+1"],"relics":["Cracked Core","War Paint","Darkstone Periapt","Lantern","Ancient Tea Set","Orrery","Art of War","Letter Opener","Kunai","Smiling Mask","Fusion Hammer","Ornamental Fan","Boot"],"potions_floor_usage":[1,8,16,16,18,23,23,23,27,33,47],"damage_taken":[{"damage":1,"enemies":"Jaw Worm","floor":1,"turns":4},{"damage":1,"enemies":"Cultist","floor":4,"turns":4},{"damage":0,"enemies":"2 Louse","floor":5,"turns":2},{"damage":30,"enemies":"Lagavulin","floor":6,"turns":8},{"damage":4,"enemies":"Gremlin Nob","floor":8,"turns":3},{"damage":5,"enemies":"Lots of Slimes","floor":12,"turns":2},{"damage":8,"enemies":"3 Sentries","floor":14,"turns":6},{"damage":26,"enemies":"The Guardian","floor":16,"turns":10},{"damage":22,"enemies":"3 Byrds","floor":18,"turns":4},{"damage":14,"enemies":"Shell Parasite","floor":19,"turns":4},{"damage":8,"enemies":"Colosseum Slavers","floor":21,"turns":3},{"damage":10,"enemies":"Snecko","floor":22,"turns":4},{"damage":15,"enemies":"Gremlin Leader","floor":23,"turns":6},{"damage":35,"enemies":"Slavers","floor":25,"turns":4},{"damage":2,"enemies":"Cultist and Chosen","floor":27,"turns":5},{"damage":0,"enemies":"Shelled Parasite and Fungi","floor":29,"turns":5},{"damage":58,"enemies":"Champ","floor":33,"turns":11},{"damage":37,"enemies":"3 Darklings","floor":35,"turns":3},{"damage":9,"enemies":"Orb Walker","floor":38,"turns":3},{"damage":34,"enemies":"Reptomancer","floor":41,"turns":5},{"damage":10,"enemies":"Maw","floor":44,"turns":5},{"damage":11,"enemies":"Spire Growth","floor":45,"turns":4},{"damage":10,"enemies":"Transient","floor":47,"turns":2}],"seed_played":"-5901290726788668251","potions_obtained":[{"floor":0,"key":"Fruit Juice"},{"floor":0,"key":"Strength Potion"},{"floor":0,"key":"Fire Potion"},{"floor":4,"key":"Energy Potion"},{"floor":8,"key":"GamblersBrew"},{"floor":14,"key":"PowerPotion"},{"floor":16,"key":"Explosive Potion"},{"floor":19,"key":"SneckoOil"},{"floor":22,"key":"FocusPotion"},{"floor":23,"key":"Fruit Juice"},{"floor":29,"key":"Regen Potion"},{"floor":44,"key":"Strength Potion"}],"is_trial":false,"path_per_floor":["M","?","?","M","M","E","$","E","T","R","?","M","R","?","R","B",null,"M","M","$","?","M","E","R","E","T","M","?","M","R","$","R","B",null,"M","?","?","M","$","R","E","?","T","M","M","?","M"],"character_chosen":"DEFECT","items_purchased":["Streamline","Defragment","Art of War","Panache"],"campfire_rested":4,"item_purchase_floors":[7,20,20,31],"current_hp_per_floor":[79,79,79,78,78,48,48,44,44,44,44,39,39,31,31,5,80,58,44,44,36,26,16,41,6,6,4,4,4,29,29,54,11,85,48,48,48,39,39,63,29,29,29,19,8,8,0],"gold":238,"neow_bonus":"THREE_SMALL_POTIONS","is_prod":false,"is_daily":false,"chose_seed":false,"campfire_upgraded":3,"win_rate":0,"timestamp":1555440363,"path_taken":["M","?","?","M","?","E","$","E","T","R","?","?","R","?","R","BOSS","M","M","$","?","M","E","R","E","T","M","?","?","R","$","R","BOSS","M","?","?","M","$","R","E","?","T","M","?","?","M"],"build_version":"2019-01-23","purchased_purges":2,"victory":false,"max_hp_per_floor":[80,80,80,80,80,80,80,80,80,80,80,80,80,80,80,80,80,80,80,80,80,80,85,85,85,85,85,85,85,85,85,85,85,85,85,85,81,81,81,81,81,81,81,81,81,81,81],"card_choices":[{"not_picked":["Capacitor","Go for the Eyes"],"picked":"Gash","floor":1},{"not_picked":["Stack","Steam"],"picked":"Seek","floor":4},{"not_picked":["Rebound","Static Discharge"],"picked":"Cold Snap","floor":5},{"not_picked":["Aggregate","Steam"],"picked":"Beam Cell","floor":6},{"not_picked":["Steam","Redo"],"picked":"Hologram","floor":8},{"not_picked":["Storm","Loop"],"picked":"Chaos","floor":12},{"not_picked":["Reboot","Multi-Cast"],"picked":"All For One","floor":16},{"not_picked":["Consume","Storm"],"picked":"Reinforced Body","floor":17},{"not_picked":["Skim","Go for the Eyes"],"picked":"Tempest","floor":17},{"not_picked":["BootSequence","Leap"],"picked":"Coolheaded","floor":17},{"not_picked":["Steam","Turbo"],"picked":"White Noise","floor":17},{"not_picked":["Hello World","Rebound+1"],"picked":"BootSequence","floor":18},{"not_picked":["Turbo+1","Redo","Steam Power"],"picked":"SKIP","floor":19},{"not_picked":["Leap+1","Compile Driver"],"picked":"Core Surge","floor":22},{"not_picked":["Sweeping Beam","Reinforced Body","Stack"],"picked":"SKIP","floor":23},{"not_picked":["Streamline","Defragment"],"picked":"Rip and Tear","floor":25},{"not_picked":["Streamline","Hologram"],"picked":"Steam+1","floor":27},{"not_picked":["Storm","Double Energy","Compile Driver"],"picked":"SKIP","floor":29},{"not_picked":["Thunder Strike","Echo Form"],"picked":"All For One","floor":33},{"not_picked":["Cold Snap+1","Blizzard+1"],"picked":"Doom and Gloom+1","floor":35},{"not_picked":["Barrage","White Noise","Compile Driver"],"picked":"SKIP","floor":38},{"not_picked":["Cold Snap+1","Compile Driver","Rip and Tear"],"picked":"SKIP","floor":41},{"not_picked":["Loop+1","Skim+1","Aggregate+1"],"picked":"SKIP","floor":44},{"not_picked":["Sweeping Beam+1","Leap+1","Coolheaded"],"picked":"SKIP","floor":45}],"player_experience":1767841,"relics_obtained":[{"floor":6,"key":"War Paint"},{"floor":8,"key":"Darkstone Periapt"},{"floor":9,"key":"Lantern"},{"floor":14,"key":"Ancient Tea Set"},{"floor":23,"key":"Letter Opener"},{"floor":25,"key":"Kunai"},{"floor":26,"key":"Smiling Mask"},{"floor":41,"key":"Ornamental Fan"},{"floor":43,"key":"Boot"}],"event_choices":[{"damage_healed":0,"gold_gain":0,"cards_transformed":["Strike_B"],"player_choice":"Change","damage_taken":0,"max_hp_gain":0,"max_hp_loss":0,"event_name":"Living Wall","floor":2,"gold_loss":0,"cards_obtained":["Double Energy"]},{"damage_healed":0,"gold_gain":0,"player_choice":"Ignored","damage_taken":0,"max_hp_gain":0,"max_hp_loss":0,"event_name":"NoteForYourself","floor":3,"gold_loss":0},{"damage_healed":0,"gold_gain":0,"player_choice":"1 cards matched","damage_taken":0,"max_hp_gain":0,"max_hp_loss":0,"event_name":"Match and Keep!","floor":11,"gold_loss":0,"cards_obtained":["Rebound"]},{"damage_healed":0,"gold_gain":0,"player_choice":"Searched \u00271\u0027 times","damage_taken":0,"max_hp_gain":0,"max_hp_loss":0,"event_name":"Dead Adventurer","floor":14,"gold_loss":0},{"damage_healed":0,"gold_gain":0,"player_choice":"Fight","damage_taken":0,"max_hp_gain":0,"max_hp_loss":0,"event_name":"Colosseum","floor":21,"gold_loss":0},{"damage_healed":0,"gold_gain":0,"player_choice":"Fled From Nobs","damage_taken":0,"max_hp_gain":0,"max_hp_loss":0,"event_name":"Colosseum","floor":21,"gold_loss":0},{"damage_healed":0,"gold_gain":0,"player_choice":"Bought 0 Potions","damage_taken":0,"max_hp_gain":0,"max_hp_loss":0,"event_name":"The Woman in Blue","floor":28,"gold_loss":0},{"damage_healed":0,"gold_gain":0,"player_choice":"Ignored","damage_taken":0,"max_hp_gain":0,"max_hp_loss":0,"event_name":"Tomb of Lord Red Mask","floor":36,"gold_loss":0},{"damage_healed":0,"gold_gain":0,"player_choice":"Max HP","damage_taken":0,"max_hp_gain":0,"max_hp_loss":4,"event_name":"Winding Halls","floor":37,"gold_loss":0},{"damage_healed":0,"gold_gain":0,"player_choice":"Upgraded","damage_taken":0,"max_hp_gain":0,"max_hp_loss":0,"event_name":"Upgrade Shrine","floor":42,"gold_loss":0,"cards_upgraded":["Seek"]},{"cards_removed":["Beam Cell"],"damage_healed":0,"gold_gain":0,"player_choice":"Removed Attack","damage_taken":0,"max_hp_gain":0,"max_hp_loss":0,"event_name":"Falling","floor":46,"gold_loss":0}],"is_beta":false,"boss_relics":[{"not_picked":["Runic Dome","Eternal Feather"],"picked":"Orrery"},{"not_picked":["Tiny House","Inserter"],"picked":"Fusion Hammer"}],"items_purged_floors":[7,39],"is_endless":false,"potions_floor_spawned":[4,8,14,16,19,22,23,29,44],"killed_by":"Transient","ascension_level":1}