{"gold_per_floor":[144,9,9,184,229,229,229,229,254,254,73,118,118,163,163,463,613,658,703,703,703,703,274,274,274,299,344,389,479,61,61,61,61],"floor_reached":33,"playtime":2758,"items_purged":[],"score":276,"play_id":"1c01999c-9fd4-49e9-99c8-342e73bbd6e7","local_time":"20190706193244","daily_mods":["Draft","Diverse","Midas"],"is_ascension_mode":false,"campfire_choices":[{"floor":6,"key":"REST"},{"floor":8,"key":"REST"},{"floor":15,"key":"REST"},{"floor":25,"key":"REST"},{"floor":32,"key":"REST"}],"neow_cost":"","seed_source_timestamp":0,"circlet_count":0,"master_deck":["Acrobatics","Dagger Spray","Dual Wield+1","Finisher","Gash","Masterful Stab+1","Dagger Spray+1","Blade Dance","Cleave","Steam","Flex","Clothesline","Ball Lightning","Sweeping Beam","Caltrops","Hologram+1","Sweeping Beam","Inflame","Ball Lightning+1","Sunder+1","Hyperbeam","Headbutt","Quick Slash","Dagger Spray","Buffer","Go for the Eyes","Rebound","Flex+1","Master of Strategy","Static Discharge+1","Armaments+1","Reboot","Secret Weapon+1"],"special_seed":18083,"relics":["Cracked Core","Blue Candle","War Paint","Ornamental Fan","Tiny House","Art of War","Molten Egg 2","Vajra","Omamori","Toxic Egg 2","Whetstone"],"potions_floor_usage":[],"damage_taken":[{"damage":5,"enemies":"Jaw Worm","floor":1,"turns":2},{"damage":0,"enemies":"Small Slimes","floor":5,"turns":1},{"damage":5,"enemies":"2 Louse","floor":12,"turns":2},{"damage":0,"enemies":"2 Fungi Beasts","floor":14,"turns":2},{"damage":11,"enemies":"Slime Boss","floor":16,"turns":6},{"damage":6,"enemies":"2 Thieves","floor":18,"turns":2},{"damage":12,"enemies":"Shell Parasite","floor":19,"turns":3},{"damage":15,"enemies":"Snecko","floor":27,"turns":4},{"damage":11,"enemies":"Snake Plant","floor":28,"turns":2},{"damage":16,"enemies":"Book of Stabbing","floor":29,"turns":4},{"damage":73,"enemies":"Collector","floor":33,"turns":8}],"seed_played":"1011076517650017041","potions_obtained":[{"floor":1,"key":"Weak Potion"},{"floor":16,"key":"Strength Potion"},{"floor":17,"key":"Fire Potion"},{"floor":29,"key":"EntropicBrew"}],"is_trial":false,"path_per_floor":["M","$","?","?","M","R","?","R","T","T","$","M","?","M","R","B",null,"M","M","?","?","T","$","?","R","T","M","M","E","$","T","R","B"],"character_chosen":"DEFECT","items_purchased":["Sweeping Beam","Inflame","Ball Lightning","Hyperbeam","Headbutt","Master of Strategy","Molten Egg 2","Toxic Egg 2","Secret Weapon+1"],"campfire_rested":5,"item_purchase_floors":[2,2,2,11,11,23,23,30,30],"current_hp_per_floor":[70,70,67,67,67,75,80,80,80,80,80,75,75,75,80,69,85,79,67,67,67,67,67,67,85,85,70,59,43,43,43,68,0],"gold":61,"neow_bonus":"","is_prod":false,"is_daily":true,"chose_seed":false,"campfire_upgraded":0,"win_rate":0.0,"timestamp":1562409164,"path_taken":["M","$","?","?","M","R","?","R","T","?","$","M","?","?","R","BOSS","M","M","?","?","?","?","?","R","T","M","M","E","$","?","R","BOSS"],"build_version":"2019-07-05","purchased_purges":0,"victory":false,"max_hp_per_floor":[75,75,75,75,75,75,80,80,80,80,80,80,80,80,80,80,85,85,85,85,85,85,85,85,85,85,85,85,85,85,85,85,85],"card_choices":[{"not_picked":["Heatsinks","Outmaneuver"],"picked":"Acrobatics","floor":0},{"not_picked":["Reckless Charge","Perfected Strike"],"picked":"Dagger Spray","floor":0},{"not_picked":["Intimidate","Reckless Charge"],"picked":"Dual Wield","floor":0},{"not_picked":["Compile Driver","Thunderclap"],"picked":"Finisher","floor":0},{"not_picked":["BootSequence","Eviscerate"],"picked":"Gash","floor":0},{"not_picked":["Warcry","Disarm"],"picked":"Masterful Stab","floor":0},{"not_picked":["Rampage","PiercingWail"],"picked":"Dagger Spray","floor":0},{"not_picked":["Body Slam","Rip and Tear"],"picked":"Blade Dance","floor":0},{"not_picked":["Quick Slash","Feel No Pain"],"picked":"Cleave","floor":0},{"not_picked":["Clothesline","Turbo"],"picked":"Steam","floor":0},{"not_picked":["Defragment","Anger"],"picked":"Flex","floor":0},{"not_picked":["Heavy Blade","Footwork"],"picked":"Clothesline","floor":0},{"not_picked":["Disarm","Prepared"],"picked":"Ball Lightning","floor":0},{"not_picked":["Cloak And Dagger","Ball Lightning"],"picked":"Sweeping Beam","floor":0},{"not_picked":["Prepared","Pummel"],"picked":"Caltrops","floor":0},{"not_picked":["Ghostly Armor","Havoc"],"picked":"Hologram","floor":1},{"not_picked":["Bane","Force Field"],"picked":"Sunder","floor":5},{"not_picked":["Aggregate","Flying Knee"],"picked":"Quick Slash","floor":12},{"not_picked":["Seeing Red","Leg Sweep"],"picked":"Dagger Spray","floor":14},{"not_picked":["Exhume","Malaise"],"picked":"Buffer","floor":16},{"not_picked":["Underhanded Strike","Perfected Strike"],"picked":"Go for the Eyes","floor":17},{"not_picked":["Static Discharge","Disarm"],"picked":"Rebound","floor":18},{"not_picked":["Blood for Blood","Streamline+1"],"picked":"Flex+1","floor":19},{"not_picked":["Feel No Pain","Go for the Eyes+1"],"picked":"Static Discharge+1","floor":27},{"not_picked":["Spot Weakness","Quick Slash+1"],"picked":"Armaments+1","floor":28},{"not_picked":["Dagger Throw+1","Beam Cell+1"],"picked":"Reboot","floor":29}],"player_experience":7561,"relics_obtained":[{"floor":9,"key":"War Paint"},{"floor":10,"key":"Ornamental Fan"},{"floor":22,"key":"Art of War"},{"floor":26,"key":"Vajra"},{"floor":29,"key":"Omamori"},{"floor":31,"key":"Whetstone"}],"event_choices":[{"damage_healed":0,"gold_gain":0,"player_choice":"Success","damage_taken":3,"relics_obtained":["Blue Candle"],"max_hp_gain":0,"max_hp_loss":0,"event_name":"Scrap Ooze","floor":3,"gold_loss":0},{"damage_healed":0,"gold_gain":175,"player_choice":"AGREE","damage_taken":0,"max_hp_gain":0,"max_hp_loss":0,"event_name":"Liars Game","floor":4,"gold_loss":0,"cards_obtained":["Doubt"]},{"damage_healed":0,"gold_gain":0,"player_choice":"Donut","damage_taken":0,"max_hp_gain":5,"max_hp_loss":0,"event_name":"Big Fish","floor":7,"gold_loss":0},{"damage_healed":0,"gold_gain":0,"player_choice":"Upgraded","damage_taken":0,"max_hp_gain":0,"max_hp_loss":0,"event_name":"Upgrade Shrine","floor":13,"gold_loss":0,"cards_upgraded":["Sunder"]},{"damage_healed":0,"gold_gain":0,"player_choice":"Ignored","damage_taken":0,"max_hp_gain":0,"max_hp_loss":0,"event_name":"Vampires","floor":20,"gold_loss":0},{"cards_removed":["Doubt"],"damage_healed":0,"gold_gain":0,"player_choice":"Elegance","damage_taken":0,"max_hp_gain":0,"max_hp_loss":0,"event_name":"Back to Basics","floor":21,"gold_loss":0},{"damage_healed":0,"gold_gain":0,"player_choice":"Ignored","damage_taken":0,"max_hp_gain":0,"max_hp_loss":0,"event_name":"Ghosts","floor":24,"gold_loss":0}],"is_beta":false,"boss_relics":[{"not_picked":["Astrolabe","Coffee Dripper"],"picked":"Tiny House"}],"items_purged_floors":[],"is_endless":false,"potions_floor_spawned":[1,16,27,29],"killed_by":"Collector","ascension_level":0}