{"gold_per_floor":[11,24,42,42,55,55,84,84,132,82,97,97,127,145,145,242,242,254,77,93,93,93,93,121,121,121,148,48,66,66,79,79,178,178,188,0,15,30,44,78,78,92,92,92,102,116,128,128,128,128],"floor_reached":51,"playtime":4468,"items_purged":["Strike_G","Poisoned Stab+1"],"score":907,"play_id":"45893246-882c-4f8c-a6a7-d13eba5d993e","local_time":"20180724175508","is_ascension_mode":true,"campfire_choices":[{"data":"Poisoned Stab","floor":6,"key":"SMITH"},{"data":"Neutralize","floor":8,"key":"SMITH"},{"data":"A Thousand Cuts","floor":12,"key":"SMITH"},{"data":"Backflip","floor":15,"key":"SMITH"},{"data":"Malaise","floor":23,"key":"SMITH"},{"data":"Footwork","floor":25,"key":"SMITH"},{"floor":30,"key":"DIG"},{"floor":32,"key":"DIG"},{"floor":41,"key":"DIG"},{"floor":44,"key":"DIG"},{"floor":49,"key":"DIG"}],"neow_cost":"NO_GOLD","seed_source_timestamp":878533351862870,"circlet_count":0,"master_deck":["Defend_G","Defend_G","Defend_G","Defend_G","Strike_G+1","Survivor","Neutralize+1","Deflect","Flying Knee","Quick Slash+1","Blur","Well Laid Plans","A Thousand Cuts+1","Dagger Spray+1","Backflip+1","Malaise+1","Terror+1","Flash of Steel+1","Footwork+1","Blade Dance+1","Expertise+1","Prepared+1","Burst+1","Dodge and Roll+1","Cloak And Dagger+1","Blade Dance+1","Backstab+1","Slice+1","Deflect+1","Blade Dance+1","Expertise+1","Backflip+1"],"relics":["Ring of the Snake","Matryoshka","Molten Egg 2","Art of War","Lantern","WristBlade","Mercury Hourglass","Shovel","Ginger","Whetstone","Toxic Egg 2","Turnip","Frozen Egg 2","Oddly Smooth Stone","Coffee Dripper","Red Mask","Nunchaku","Gremlin Horn","Bottled Tornado","Snake Skull","Bag of Marbles","Strawberry"],"potions_floor_usage":[11,16,16,29,33,50,50],"damage_taken":[{"damage":0,"enemies":"Cultist","floor":1,"turns":4},{"damage":0,"enemies":"Small Slimes","floor":2,"turns":2},{"damage":0,"enemies":"2 Louse","floor":3,"turns":3},{"damage":8,"enemies":"Exordium Wildlife","floor":5,"turns":6},{"damage":7,"enemies":"3 Sentries","floor":7,"turns":11},{"damage":11,"enemies":"Gremlin Gang","floor":11,"turns":5},{"damage":6,"enemies":"Lagavulin","floor":13,"turns":6},{"damage":0,"enemies":"Large Slime","floor":14,"turns":3},{"damage":6,"enemies":"Hexaghost","floor":16,"turns":10},{"damage":0,"enemies":"Shell Parasite","floor":18,"turns":7},{"damage":8,"enemies":"2 Thieves","floor":20,"turns":4},{"damage":0,"enemies":"Book of Stabbing","floor":24,"turns":5},{"damage":1,"enemies":"Gremlin Leader","floor":27,"turns":5},{"damage":16,"enemies":"Centurion and Healer","floor":29,"turns":4},{"damage":0,"enemies":"Cultist and Chosen","floor":31,"turns":5},{"damage":7,"enemies":"Collector","floor":33,"turns":7},{"damage":0,"enemies":"3 Shapes","floor":35,"turns":3},{"damage":0,"enemies":"Orb Walker","floor":37,"turns":3},{"damage":0,"enemies":"4 Shapes","floor":38,"turns":2},{"damage":0,"enemies":"Transient","floor":39,"turns":5},{"damage":0,"enemies":"Nemesis","floor":40,"turns":5},{"damage":0,"enemies":"3 Darklings","floor":42,"turns":4},{"damage":0,"enemies":"Flame Bruiser 2 Orb","floor":45,"turns":2},{"damage":0,"enemies":"Maw","floor":46,"turns":6},{"damage":0,"enemies":"3 Darklings","floor":47,"turns":2},{"damage":1,"enemies":"Donu and Deca","floor":50,"turns":4}],"seed_played":"-5996280230373442805","potions_obtained":[{"floor":1,"key":"Weak Potion"},{"floor":7,"key":"PowerPotion"},{"floor":11,"key":"Regen Potion"},{"floor":14,"key":"SkillPotion"},{"floor":18,"key":"Ancient Potion"},{"floor":20,"key":"PowerPotion"},{"floor":24,"key":"Explosive Potion"},{"floor":31,"key":"FearPotion"},{"floor":33,"key":"Ancient Potion"},{"floor":35,"key":"Energy Potion"},{"floor":37,"key":"Weak Potion"},{"floor":39,"key":"PowerPotion"},{"floor":46,"key":"Weak Potion"}],"is_trial":false,"path_per_floor":["M","M","M","?","M","R","E","R","T","?","M","R","E","M","R","B",null,"M","$","M","?","?","R","E","R","T","E","$","M","R","M","R","B",null,"M","?","M","M","M","E","R","M","T","R","M","M","M","T","R","B"],"character_chosen":"THE_SILENT","items_purchased":["Flash of Steel+1"],"campfire_rested":0,"item_purchase_floors":[19],"current_hp_per_floor":[70,70,70,70,62,62,55,55,55,55,44,44,38,38,38,32,70,70,70,62,62,62,62,62,62,62,61,61,45,45,45,45,38,70,70,70,70,70,70,70,70,70,70,70,70,70,70,70,77,76],"gold":128,"neow_bonus":"TRANSFORM_TWO_CARDS","is_prod":false,"is_daily":false,"chose_seed":false,"campfire_upgraded":6,"win_rate":0,"timestamp":1532480108,"path_taken":["M","M","M","?","?","R","E","R","T","?","M","R","E","M","R","BOSS","M","$","M","?","?","R","E","R","T","E","$","M","R","M","R","BOSS","M","?","M","M","M","E","R","M","T","R","M","M","?","?","R","BOSS"],"build_version":"2018-07-19v2","purchased_purges":2,"victory":true,"max_hp_per_floor":[70,70,70,70,70,70,70,70,70,70,70,70,70,70,70,70,70,70,70,70,70,70,70,70,70,70,70,70,70,70,70,70,70,70,70,70,70,70,70,70,70,70,70,70,70,70,70,70,77,77],"card_choices":[{"not_picked":["Calculated Gamble","Outmaneuver"],"picked":"Flying Knee","floor":1},{"not_picked":["Cloak And Dagger","Dodge and Roll"],"picked":"Quick Slash","floor":2},{"not_picked":["Flying Knee","Endless Agony"],"picked":"Blur","floor":3},{"not_picked":["Backflip","Underhanded Strike"],"picked":"Well Laid Plans","floor":5},{"not_picked":["PiercingWail","Well Laid Plans","Cloak And Dagger"],"picked":"SKIP","floor":7},{"not_picked":["Well Laid Plans","Dagger Throw+1"],"picked":"A Thousand Cuts","floor":11},{"not_picked":["Masterful Stab+1","Bane+1"],"picked":"Dagger Spray+1","floor":13},{"not_picked":["PiercingWail","Tactician"],"picked":"Backflip","floor":14},{"not_picked":["Storm of Steel","Corpse Explosion"],"picked":"Malaise","floor":16},{"not_picked":["Prepared+1","Quick Slash+1"],"picked":"Terror+1","floor":18},{"not_picked":["PiercingWail","Poisoned Stab+1","Concentrate+1"],"picked":"SKIP","floor":20},{"not_picked":["Deadly Poison","Bullet Time"],"picked":"Footwork","floor":24},{"not_picked":["Deadly Poison+1","Blur+1"],"picked":"Blade Dance+1","floor":27},{"not_picked":["PiercingWail+1","Dagger Spray+1"],"picked":"Expertise+1","floor":29},{"not_picked":["Underhanded Strike+1","Slice+1"],"picked":"Prepared+1","floor":31},{"not_picked":["Bullet Time+1","Venomology+1"],"picked":"Burst+1","floor":33},{"not_picked":["Flying Knee+1","Dagger Throw+1"],"picked":"Dodge and Roll+1","floor":35},{"not_picked":["Dagger Throw+1","Backflip+1"],"picked":"Cloak And Dagger+1","floor":37},{"not_picked":["Deadly Poison+1","Quick Slash+1"],"picked":"Blade Dance+1","floor":38},{"not_picked":["Catalyst+1","Acrobatics+1"],"picked":"Backstab+1","floor":39},{"not_picked":["Dagger Throw+1","Choke+1"],"picked":"Slice+1","floor":40},{"not_picked":["Acrobatics+1","Setup+1"],"picked":"Deflect+1","floor":42},{"not_picked":["Predator+1","Malaise+1"],"picked":"Blade Dance+1","floor":45},{"not_picked":["Well Laid Plans+1","PiercingWail+1"],"picked":"Expertise+1","floor":46},{"not_picked":["Sucker Punch+1","Deflect+1"],"picked":"Backflip+1","floor":47}],"player_experience":138085,"relics_obtained":[{"floor":7,"key":"Matryoshka"},{"floor":9,"key":"Molten Egg 2"},{"floor":9,"key":"Art of War"},{"floor":13,"key":"Lantern"},{"floor":24,"key":"Ginger"},{"floor":26,"key":"Whetstone"},{"floor":26,"key":"Toxic Egg 2"},{"floor":27,"key":"Turnip"},{"floor":30,"key":"Frozen Egg 2"},{"floor":32,"key":"Oddly Smooth Stone"},{"floor":40,"key":"Nunchaku"},{"floor":41,"key":"Gremlin Horn"},{"floor":43,"key":"Bottled Tornado"},{"floor":44,"key":"Snake Skull"},{"floor":48,"key":"Bag of Marbles"},{"floor":49,"key":"Strawberry"}],"event_choices":[{"event_name":"Purifier","player_choice":"One Purge","floor":4,"damage_taken":0},{"event_name":"The Cleric","player_choice":"Card Removal","floor":10,"damage_taken":0},{"event_name":"Wheel of Change","player_choice":"Relic","floor":21,"damage_taken":0},{"event_name":"The Mausoleum","player_choice":"Yes","floor":22,"damage_taken":0},{"event_name":"Tomb of Lord Red Mask","player_choice":"Paid","floor":36,"damage_taken":0}],"is_beta":false,"boss_relics":[{"not_picked":["Philosopher\u0027s Stone","Busted Crown"],"picked":"WristBlade"},{"not_picked":["Black Star","Runic Dome"],"picked":"Coffee Dripper"}],"items_purged_floors":[19,28],"is_endless":false,"potions_floor_spawned":[1,7,11,14,18,20,24,31,33,35,37,39,42,46],"ascension_level":4}