{"gold_per_floor":[114,114,132,61,80,110,110,130,130,165,175,250,250,66,66,165,165,175,189,35,35,10,10,28,28,53,66,66],"floor_reached":28,"playtime":4048,"items_purged":[],"score":228,"play_id":"27b54615-c198-4fc5-81a5-080de41fee46","local_time":"20190621012242","is_ascension_mode":false,"campfire_choices":[{"floor":7,"key":"REST"},{"floor":13,"key":"REST"},{"floor":15,"key":"REST"},{"floor":23,"key":"REST"}],"neow_cost":"NONE","seed_source_timestamp":205659622665300,"circlet_count":0,"master_deck":["Defend_G","Defend_G","Defend_G","Defend_G","Defend_G","Strike_G","Strike_G","Strike_G","Strike_G","Strike_G","Survivor","Neutralize","Bane","Poisoned Stab+1","Poisoned Stab+1","Outmaneuver","Well Laid Plans","Heel Hook","All Out Attack","Night Terror","Escape Plan","Noxious Fumes","Deep Breath","Prepared","Adrenaline","Dagger Throw","Dagger Spray","Deadly Poison","Choke","Deflect"],"relics":["Ring of the Snake","Paper Crane","Matryoshka","Bag of Preparation","Busted Crown","Snake Skull","Mercury Hourglass","Whetstone","Potion Belt"],"potions_floor_usage":[5,6,10,10,16,16,28],"damage_taken":[{"damage":0,"enemies":"Small Slimes","floor":1,"turns":4},{"damage":0,"enemies":"Cultist","floor":3,"turns":4},{"damage":3,"enemies":"Jaw Worm","floor":5,"turns":2},{"damage":13,"enemies":"Lagavulin","floor":6,"turns":8},{"damage":1,"enemies":"Exordium Wildlife","floor":8,"turns":6},{"damage":36,"enemies":"3 Sentries","floor":10,"turns":9},{"damage":10,"enemies":"Looter","floor":11,"turns":3},{"damage":52,"enemies":"The Guardian","floor":16,"turns":9},{"damage":13,"enemies":"3 Byrds","floor":18,"turns":6},{"damage":23,"enemies":"Shell Parasite","floor":19,"turns":9},{"damage":24,"enemies":"Centurion and Healer","floor":24,"turns":6},{"damage":36,"enemies":"Sentry and Sphere","floor":27,"turns":6},{"damage":14,"enemies":"Snake Plant","floor":28,"turns":2}],"seed_played":"7200076806452937303","potions_obtained":[{"floor":2,"key":"Fruit Juice"},{"floor":2,"key":"Weak Potion"},{"floor":2,"key":"FearPotion"},{"floor":5,"key":"Block Potion"},{"floor":6,"key":"Ancient Potion"},{"floor":11,"key":"GhostInAJar"},{"floor":16,"key":"FearPotion"},{"floor":18,"key":"AttackPotion"}],"is_trial":false,"path_per_floor":["?","$","M","?","?","?","M"],"character_chosen":"THE_SILENT","items_purchased":["Poisoned Stab","Outmaneuver","Noxious Fumes","Deep Breath","Prepared","Snake Skull","Deadly Poison"],"campfire_rested":4,"item_purchase_floors":[4,4,14,14,14,20,22],"current_hp_per_floor":[77,77,77,77,79,66,82,81,81,45,35,24,48,48,72,20,82,69,46,46,46,46,70,46,46,46,10,0],"gold":66,"neow_bonus":"TEN_PERCENT_HP_BONUS","is_prod":false,"is_daily":false,"chose_seed":false,"campfire_upgraded":0,"win_rate":0.0,"timestamp":1561105362,"path_taken":["M","?","M","?","?","E","R","M","T","E","M","?","R","$","R","BOSS","M","M","$","?","$","R","M","?","T","M","?"],"build_version":"2019-01-23","purchased_purges":0,"victory":false,"max_hp_per_floor":[77,77,77,77,82,82,82,82,82,82,82,82,82,82,82,82,82,82,82,82,82,82,82,82,82,82,82,82],"card_choices":[{"not_picked":["Slice","Sucker Punch"],"picked":"Bane","floor":1},{"not_picked":["Wraith Form v2","Prepared"],"picked":"Poisoned Stab","floor":3},{"not_picked":["Blade Dance","Dodge and Roll"],"picked":"Well Laid Plans","floor":5},{"not_picked":["Predator","Caltrops"],"picked":"Heel Hook","floor":6},{"not_picked":["Acrobatics","Dodge and Roll"],"picked":"All Out Attack","floor":8},{"not_picked":["Reflex","Quick Slash"],"picked":"Night Terror","floor":10},{"not_picked":["Prepared","Underhanded Strike"],"picked":"Escape Plan","floor":11},{"not_picked":["Wraith Form v2","A Thousand Cuts"],"picked":"Adrenaline","floor":16},{"not_picked":[],"picked":"Dagger Throw","floor":18},{"not_picked":[],"picked":"Dagger Spray","floor":19},{"not_picked":[],"picked":"Choke","floor":24},{"not_picked":[],"picked":"Deflect","floor":27}],"player_experience":20165,"relics_obtained":[{"floor":6,"key":"Paper Crane"},{"floor":9,"key":"Matryoshka"},{"floor":10,"key":"Bag of Preparation"},{"floor":26,"key":"Whetstone"},{"floor":26,"key":"Potion Belt"}],"event_choices":[{"damage_healed":0,"gold_gain":0,"player_choice":"Got Potions","damage_taken":0,"max_hp_gain":0,"max_hp_loss":0,"event_name":"Lab","floor":2,"gold_loss":0},{"damage_healed":0,"gold_gain":75,"player_choice":"Gather Gold","damage_taken":11,"max_hp_gain":0,"max_hp_loss":0,"event_name":"World of Goop","floor":12,"gold_loss":0},{"damage_healed":0,"gold_gain":0,"player_choice":"Ignored","damage_taken":0,"max_hp_gain":0,"max_hp_loss":0,"event_name":"Vampires","floor":21,"gold_loss":0},{"damage_healed":0,"gold_gain":0,"player_choice":"Gave Potion","damage_taken":0,"relics_obtained":["Mercury Hourglass"],"max_hp_gain":0,"max_hp_loss":0,"event_name":"WeMeetAgain","floor":25,"gold_loss":0}],"is_beta":false,"boss_relics":[{"not_picked":["Black Star","Snecko Eye"],"picked":"Busted Crown"}],"items_purged_floors":[],"is_endless":false,"potions_floor_spawned":[5,6,8,11,16,18],"killed_by":"Snake Plant","ascension_level":0}