{"gold_per_floor":[113,113,113,133,147,147,157,157,157,157,170,170,170],"floor_reached":13,"playtime":279,"items_purged":[],"score":143,"play_id":"4a889414-21d5-40d8-ac49-d3a7756fa829","local_time":"20190428174322","is_ascension_mode":true,"campfire_choices":[{"data":"Zap","floor":6,"key":"SMITH"},{"data":"Ball Lightning","floor":8,"key":"SMITH"},{"data":"Coolheaded","floor":10,"key":"SMITH"}],"neow_cost":"NONE","seed_source_timestamp":701925908204800,"circlet_count":0,"master_deck":["AscendersBane","Strike_B","Strike_B","Strike_B","Defend_B","Defend_B","Defend_B","Defend_B","Zap+1","Dualcast","Cold Snap","Capacitor","Ball Lightning+1","Coolheaded+1"],"relics":["Cracked Core","Nunchaku","Ornamental Fan"],"potions_floor_usage":[11],"damage_taken":[{"damage":4,"enemies":"Small Slimes","floor":1,"turns":3},{"damage":4,"enemies":"Jaw Worm","floor":4,"turns":4},{"damage":2,"enemies":"Cultist","floor":5,"turns":4},{"damage":32,"enemies":"Large Slime","floor":7,"turns":4},{"damage":4,"enemies":"Looter","floor":11,"turns":3},{"damage":18,"enemies":"Lagavulin Event","floor":13,"turns":2}],"seed_played":"-194969896871567902","potions_obtained":[{"floor":4,"key":"Ancient Potion"},{"floor":7,"key":"EssenceOfSteel"}],"is_trial":false,"path_per_floor":["M","?","?","M","M","R","M","R","T","R","M","?","?"],"character_chosen":"DEFECT","items_purchased":[],"campfire_rested":0,"item_purchase_floors":[],"current_hp_per_floor":[67,67,67,63,61,61,29,29,29,29,25,18,0],"gold":170,"neow_bonus":"TEN_PERCENT_HP_BONUS","is_prod":false,"is_daily":false,"chose_seed":false,"campfire_upgraded":3,"win_rate":0,"timestamp":1556498602,"path_taken":["M","?","?","?","M","R","M","R","T","R","?","?","?"],"build_version":"2019-01-23","purchased_purges":0,"victory":false,"max_hp_per_floor":[78,78,78,78,78,78,78,78,78,78,78,78,78],"card_choices":[{"not_picked":["Leap","Capacitor"],"picked":"Cold Snap","floor":1},{"not_picked":["Cold Snap","Lockon"],"picked":"Capacitor","floor":4},{"not_picked":["Melter","Compile Driver"],"picked":"Ball Lightning","floor":5},{"not_picked":["Hologram","Compile Driver"],"picked":"Coolheaded","floor":7},{"not_picked":["Reprogram","Stack","Conserve Battery"],"picked":"SKIP","floor":11}],"player_experience":1320082,"relics_obtained":[{"floor":9,"key":"Ornamental Fan"}],"event_choices":[{"cards_removed":["Strike_B"],"damage_healed":0,"gold_gain":0,"player_choice":"Forget","damage_taken":0,"max_hp_gain":0,"max_hp_loss":0,"event_name":"Living Wall","floor":2,"gold_loss":0},{"damage_healed":0,"gold_gain":0,"player_choice":"Box","damage_taken":0,"relics_obtained":["Nunchaku"],"max_hp_gain":0,"max_hp_loss":0,"event_name":"Big Fish","floor":3,"gold_loss":0,"cards_obtained":["Regret"]},{"cards_removed":["Regret"],"damage_healed":0,"gold_gain":0,"player_choice":"Card Removal","damage_taken":7,"max_hp_gain":0,"max_hp_loss":0,"event_name":"Golden Wing","floor":12,"gold_loss":0},{"damage_healed":0,"gold_gain":0,"player_choice":"Searched \u00271\u0027 times","damage_taken":0,"max_hp_gain":0,"max_hp_loss":0,"event_name":"Dead Adventurer","floor":13,"gold_loss":0}],"is_beta":false,"boss_relics":[],"items_purged_floors":[],"is_endless":false,"potions_floor_spawned":[4,7],"killed_by":"Lagavulin Event","ascension_level":18}