{"gold_per_floor":[116,41,54,72,82,82,102,128,128,141,175,175,175,190,190,286,286,276,276,291,310,5,5,32,44,56,98,120,143,155,167,179,296,308,339,651,663],"floor_reached":37,"playtime":3414,"items_purged":["Strike_R","Strike_R"],"score":637,"play_id":"fe4fa220-b305-4b65-8143-3a08720d8d58","local_time":"20180726111205","is_ascension_mode":true,"campfire_choices":[{"data":"Shockwave","floor":6,"key":"SMITH"},{"data":"Inflame","floor":12,"key":"SMITH"},{"data":"Bash","floor":15,"key":"SMITH"},{"data":"Demon Form","floor":23,"key":"SMITH"},{"data":"Battle Trance","floor":30,"key":"SMITH"},{"data":"Shrug It Off","floor":32,"key":"SMITH"}],"neow_cost":"NONE","seed_source_timestamp":985003482598597,"circlet_count":0,"master_deck":["Strike_R","Defend_R","Defend_R","Defend_R","Defend_R","Bash+1","Shockwave+1","Pommel Strike","Pommel Strike","Metallicize","Inflame+1","Dual Wield","Demon Form+1","Shrug It Off+1","Shrug It Off","Shrug It Off+1","Writhe","Battle Trance+1"],"relics":["Burning Blood","Potion Belt","Odd Mushroom","Ornamental Fan","Matryoshka","Red Skull","Velvet Choker","Lee\u0027s Waffle","MawBank","Pear","Vajra","Darkstone Periapt","Ancient Tea Set","Cursed Key"],"potions_floor_usage":[5,10,11,11,11,16,21,24,27,27,28,33,33],"damage_taken":[{"damage":0,"enemies":"Small Slimes","floor":1,"turns":4},{"damage":5,"enemies":"2 Louse","floor":3,"turns":3},{"damage":4,"enemies":"Jaw Worm","floor":4,"turns":6},{"damage":3,"enemies":"2 Fungi Beasts","floor":5,"turns":4},{"damage":23,"floor":7,"turns":4},{"damage":38,"enemies":"3 Sentries","floor":8,"turns":9},{"damage":14,"enemies":"Lots of Slimes","floor":10,"turns":3},{"damage":5,"enemies":"Lagavulin","floor":11,"turns":8},{"damage":7,"enemies":"Looter","floor":14,"turns":3},{"damage":12,"enemies":"The Guardian","floor":16,"turns":9},{"damage":12,"enemies":"2 Thieves","floor":18,"turns":4},{"damage":15,"enemies":"Spheric Guardian","floor":20,"turns":4},{"damage":10,"enemies":"Snake Plant","floor":21,"turns":3},{"damage":24,"enemies":"Gremlin Leader","floor":24,"turns":7},{"damage":33,"enemies":"Slavers","floor":27,"turns":8},{"damage":5,"enemies":"Snecko","floor":28,"turns":6},{"damage":10,"enemies":"Centurion and Healer","floor":29,"turns":6},{"damage":38,"enemies":"Collector","floor":33,"turns":9},{"damage":11,"enemies":"Flame Bruiser 1 Orb","floor":35,"turns":5},{"damage":77,"floor":37,"turns":7}],"seed_played":"-5775478617023262909","potions_obtained":[{"floor":1,"key":"FearPotion"},{"floor":7,"key":"EntropicBrew"},{"floor":8,"key":"Fire Potion"},{"floor":16,"key":"EssenceOfSteel"},{"floor":21,"key":"FearPotion"},{"floor":24,"key":"Swift Potion"},{"floor":27,"key":"Swift Potion"},{"floor":29,"key":"Block Potion"}],"is_trial":false,"path_per_floor":["M","$","M","M","M","R","?","E","T","M","E","R","?","M","R","B",null,"M","?","M","M","$","R","E","?","T","E","M","M","R","?","R","B",null,"M","?"],"character_chosen":"IRONCLAD","items_purchased":["Lee\u0027s Waffle"],"campfire_rested":0,"item_purchase_floors":[22],"current_hp_per_floor":[78,78,79,80,80,80,63,31,31,23,24,24,24,23,23,17,64,58,43,34,30,92,92,74,84,84,57,58,54,54,54,54,22,82,77,77,0],"gold":663,"neow_bonus":"RANDOM_COMMON_RELIC","is_prod":false,"is_daily":false,"chose_seed":false,"campfire_upgraded":6,"win_rate":0,"timestamp":1532628725,"path_taken":["M","$","M","M","M","R","?","E","T","M","E","R","?","M","R","BOSS","M","?","M","M","$","R","E","?","T","E","M","M","R","?","R","BOSS","M","?","?"],"build_version":"2018-07-19v2","purchased_purges":2,"victory":false,"max_hp_per_floor":[80,80,80,80,80,80,80,80,80,80,80,80,80,80,80,80,80,80,85,85,85,92,92,92,102,102,102,102,102,102,102,102,102,102,102,102,102],"card_choices":[{"not_picked":["Rupture","Havoc","Flex"],"picked":"SKIP","floor":1},{"not_picked":["Feel No Pain","Flex","Wild Strike"],"picked":"SKIP","floor":3},{"not_picked":["Dual Wield","Second Wind"],"picked":"Shockwave","floor":4},{"not_picked":["Fire Breathing","Clothesline"],"picked":"Pommel Strike","floor":5},{"not_picked":["Clothesline","Armaments"],"picked":"Pommel Strike","floor":7},{"not_picked":["Searing Blow","Immolate","Shockwave"],"picked":"SKIP","floor":8},{"not_picked":["Sever Soul","Thunderclap"],"picked":"Metallicize","floor":10},{"not_picked":["Heavy Blade","Hemokinesis"],"picked":"Inflame","floor":11},{"not_picked":["Perfected Strike","Anger"],"picked":"Dual Wield","floor":14},{"not_picked":["Impervious","Exhume"],"picked":"Demon Form","floor":16},{"not_picked":["Combust","Body Slam","Carnage"],"picked":"SKIP","floor":18},{"not_picked":["Battle Trance","Twin Strike"],"picked":"Shrug It Off","floor":20},{"not_picked":["Armaments+1","Searing Blow+1"],"picked":"Shrug It Off","floor":21},{"not_picked":["Juggernaut","Rupture"],"picked":"Shrug It Off+1","floor":24},{"not_picked":["Wild Strike","Clothesline","Thunderclap+1"],"picked":"SKIP","floor":27},{"not_picked":["Headbutt+1","Havoc","Dual Wield+1"],"picked":"SKIP","floor":28},{"not_picked":["Warcry","Armaments"],"picked":"Battle Trance","floor":29},{"not_picked":["Dropkick+1","Perfected Strike+1","Infernal Blade"],"picked":"SKIP","floor":35}],"player_experience":155746,"relics_obtained":[{"floor":7,"key":"Odd Mushroom"},{"floor":8,"key":"Ornamental Fan"},{"floor":9,"key":"Matryoshka"},{"floor":11,"key":"Red Skull"},{"floor":24,"key":"MawBank"},{"floor":26,"key":"Vajra"},{"floor":26,"key":"Darkstone Periapt"},{"floor":27,"key":"Ancient Tea Set"}],"event_choices":[{"event_name":"Mushrooms","player_choice":"Fought Mushrooms","floor":7,"damage_taken":0},{"event_name":"Wheel of Change","player_choice":"Card Removal","floor":13,"damage_taken":0},{"event_name":"Forgotten Altar","player_choice":"Shed Blood","floor":19,"damage_taken":0},{"event_name":"The Mausoleum","player_choice":"Yes","floor":25,"damage_taken":0},{"event_name":"Purifier","player_choice":"One Purge","floor":31,"damage_taken":0},{"event_name":"Wheel of Change","player_choice":"Gold","floor":36,"damage_taken":0},{"event_name":"Mysterious Sphere","player_choice":"Fight","floor":37,"damage_taken":0}],"is_beta":false,"boss_relics":[{"not_picked":["Runic Pyramid","Philosopher\u0027s Stone"],"picked":"Velvet Choker"},{"not_picked":["Calling Bell","Black Blood"],"picked":"Cursed Key"}],"items_purged_floors":[2,22],"is_endless":false,"potions_floor_spawned":[1,7,8,16,21,24,27,29],"ascension_level":8}