{"gold_per_floor":[114,131,142,155,155,155,198,198,251,251,270,303,328,351,351,471,471,496,383,403,419,419,419,437,480,480,480,495,495,495,495],"floor_reached":31,"playtime":2729,"items_purged":["Flechettes"],"score":383,"play_id":"c798759f-02b2-4ed0-9899-527da977ba20","local_time":"20180724003542","is_ascension_mode":true,"campfire_choices":[{"data":"Neutralize","floor":6,"key":"SMITH"},{"data":"Bouncing Flask","floor":8,"key":"SMITH"},{"data":"Survivor","floor":10,"key":"SMITH"},{"data":"Backflip","floor":15,"key":"SMITH"},{"data":"Footwork","floor":23,"key":"SMITH"},{"data":"Terror","floor":27,"key":"SMITH"}],"neow_cost":"NONE","seed_source_timestamp":864374982425849,"circlet_count":0,"master_deck":["Survivor+1","Neutralize+1","Flying Knee","Quick Slash+1","Bouncing Flask+1","Quick Slash","Backstab","Backflip+1","Tools of the Trade","Well Laid Plans","After Image","Skewer","Slice","Slice","PiercingWail","Backstab","Deflect","Backstab","Terror+1","Footwork+1","Writhe"],"relics":["Empty Cage","Golden Idol","Whetstone","Tiny Chest","Orichalcum","Pandora\u0027s Box","Bronze Scales","Strawberry","Bottled Lightning","Dodecahedron"],"potions_floor_usage":[7,16,24,28,28,31],"damage_taken":[{"damage":0,"enemies":"2 Louse","floor":1,"turns":5},{"damage":3,"enemies":"Small Slimes","floor":2,"turns":5},{"damage":1,"enemies":"Cultist","floor":3,"turns":4},{"damage":0,"enemies":"Large Slime","floor":4,"turns":6},{"damage":11,"enemies":"3 Sentries","floor":7,"turns":7},{"damage":4,"enemies":"3 Louse","floor":11,"turns":3},{"damage":10,"enemies":"Lagavulin","floor":12,"turns":4},{"damage":0,"enemies":"Blue Slaver","floor":13,"turns":3},{"damage":0,"enemies":"Large Slime","floor":14,"turns":4},{"damage":0,"enemies":"Slime Boss","floor":16,"turns":6},{"damage":0,"enemies":"3 Byrds","floor":18,"turns":4},{"damage":2,"enemies":"Chosen","floor":20,"turns":3},{"damage":11,"enemies":"Snecko","floor":21,"turns":4},{"damage":5,"enemies":"Sentry and Sphere","floor":24,"turns":5},{"damage":20,"enemies":"Gremlin Leader","floor":25,"turns":5},{"damage":9,"enemies":"Snake Plant","floor":28,"turns":4},{"damage":26,"enemies":"Slavers","floor":31,"turns":2}],"seed_played":"-2446721667757386422","potions_obtained":[{"floor":1,"key":"SpeedPotion"},{"floor":4,"key":"Fire Potion"},{"floor":11,"key":"FearPotion"},{"floor":13,"key":"Strength Potion"},{"floor":14,"key":"EssenceOfSteel"},{"floor":21,"key":"GamblersBrew"},{"floor":24,"key":"Energy Potion"},{"floor":28,"key":"Energy Potion"}],"is_trial":false,"path_per_floor":["M","M","M","M","?","R","E","R","T","R","M","E","M","M","R","B",null,"M","$","M","M","?","R","M","E","T","R","M","?","T"],"character_chosen":"THE_SILENT","items_purchased":["Terror"],"campfire_rested":0,"item_purchase_floors":[19],"current_hp_per_floor":[70,67,66,66,65,65,54,54,54,54,50,40,40,40,40,40,65,65,65,63,52,52,52,47,34,34,34,25,25,25,0],"gold":495,"neow_bonus":"BOSS_RELIC","is_prod":false,"is_daily":false,"chose_seed":false,"campfire_upgraded":6,"win_rate":0,"timestamp":1532417742,"path_taken":["M","M","M","M","?","R","E","R","T","R","M","E","M","M","R","BOSS","M","$","M","M","?","R","M","E","T","R","?","?","?","E"],"build_version":"2018-07-19v2","purchased_purges":1,"victory":false,"max_hp_per_floor":[70,70,70,70,65,65,65,65,65,65,65,65,65,65,65,65,65,65,65,65,65,65,65,65,72,72,72,72,72,72,72],"card_choices":[{"not_picked":["Calculated Gamble","Slice"],"picked":"Flying Knee","floor":1},{"not_picked":["Predator","Dodge and Roll"],"picked":"Quick Slash","floor":2},{"not_picked":["Dodge and Roll","Underhanded Strike"],"picked":"Bouncing Flask","floor":3},{"not_picked":["Underhanded Strike","Cloak And Dagger"],"picked":"Quick Slash","floor":4},{"not_picked":["Distraction","Setup"],"picked":"Backstab","floor":7},{"not_picked":["Dodge and Roll","Outmaneuver"],"picked":"Backflip","floor":11},{"not_picked":["Deflect","Acrobatics"],"picked":"Tools of the Trade","floor":12},{"not_picked":["Prepared","Deflect"],"picked":"Well Laid Plans","floor":13},{"not_picked":["Outmaneuver","Acrobatics","Quick Slash"],"picked":"SKIP","floor":14},{"not_picked":["Grand Finale","Corpse Explosion"],"picked":"After Image","floor":16},{"not_picked":["Dodge and Roll","Underhanded Strike","Slice+1"],"picked":"SKIP","floor":18},{"not_picked":["Cloak And Dagger","PiercingWail","Backstab+1"],"picked":"SKIP","floor":20},{"not_picked":["Heel Hook","Deadly Poison"],"picked":"Footwork","floor":21},{"not_picked":["Quick Slash","PiercingWail","Poisoned Stab"],"picked":"SKIP","floor":24},{"not_picked":["Slice","Riddle With Holes","Poisoned Stab"],"picked":"SKIP","floor":25},{"not_picked":["Skewer+1","Sucker Punch","Predator"],"picked":"SKIP","floor":28}],"player_experience":132232,"relics_obtained":[{"floor":7,"key":"Whetstone"},{"floor":9,"key":"Tiny Chest"},{"floor":12,"key":"Orichalcum"},{"floor":25,"key":"Strawberry"},{"floor":26,"key":"Bottled Lightning"},{"floor":30,"key":"Dodecahedron"}],"event_choices":[{"event_name":"Golden Idol","player_choice":"Lose Max HP","floor":5,"damage_taken":0},{"event_name":"The Mausoleum","player_choice":"Yes","floor":22,"damage_taken":0},{"event_name":"Vampires","player_choice":"Ignored","floor":29,"damage_taken":0}],"is_beta":false,"boss_relics":[{"not_picked":["Snecko Eye","Black Star"],"picked":"Pandora\u0027s Box"}],"items_purged_floors":[19],"is_endless":false,"potions_floor_spawned":[1,4,11,13,14,21,24,28],"killed_by":"Slavers","ascension_level":4}