{"gold_per_floor":[116,191,24,42,42,77,91,16,61,87,87,114,14,33,33,33],"floor_reached":16,"playtime":662,"items_purged":["Strike_G","Strike_G"],"score":177,"play_id":"20bf05e0-b272-41fe-9dea-e51554ae08d5","local_time":"20190512211813","is_ascension_mode":true,"campfire_choices":[{"floor":11,"key":"REST"},{"data":"Wraith Form v2","floor":15,"key":"SMITH"}],"neow_cost":"NONE","seed_source_timestamp":0,"circlet_count":0,"master_deck":["AscendersBane","Defend_G","Defend_G","Defend_G","Defend_G","Defend_G","Strike_G","Strike_G","Strike_G","Survivor","Neutralize","Dagger Spray","Deflect","Deadly Poison+1","Escape Plan","Wraith Form v2+1","Bane"],"special_seed":0,"relics":["Ring of the Snake","PreservedInsect","Potion Belt","Regal Pillow","Dodecahedron","Sundial"],"potions_floor_usage":[10,10,12,16],"damage_taken":[{"damage":2.0,"enemies":"Cultist","floor":1.0,"turns":6.0},{"damage":1.0,"enemies":"Jaw Worm","floor":4.0,"turns":4.0},{"damage":21.0,"enemies":"Gremlin Nob","floor":6.0,"turns":4.0},{"damage":0.0,"enemies":"2 Louse","floor":7.0,"turns":3.0},{"damage":14,"enemies":"Lagavulin","floor":10,"turns":5},{"damage":7,"enemies":"3 Sentries","floor":12,"turns":6},{"damage":8,"enemies":"Gremlin Gang","floor":14,"turns":7},{"damage":71,"enemies":"Slime Boss","floor":16,"turns":11}],"seed_played":"5260342945879304110","potions_obtained":[{"floor":4.0,"key":"Regen Potion"},{"floor":6.0,"key":"Weak Potion"},{"floor":7.0,"key":"Poison Potion"},{"floor":10,"key":"AttackPotion"},{"floor":14,"key":"SpeedPotion"}],"is_trial":false,"path_per_floor":["M","?","$","M","?","E","M","$","T","E","R","E","$","M","R","B"],"character_chosen":"THE_SILENT","items_purchased":["PreservedInsect","Deflect"],"campfire_rested":1,"item_purchase_floors":[3,3],"current_hp_per_floor":[68,57,57,56,56,49,49,49,49,35,73,66,66,58,58,0],"gold":33,"neow_bonus":"TEN_PERCENT_HP_BONUS","is_prod":false,"is_daily":false,"chose_seed":false,"campfire_upgraded":1,"win_rate":0,"timestamp":1557721093,"path_taken":["M","?","$","M","?","E","?","?","T","E","R","E","$","M","R","BOSS"],"build_version":"2019-01-23","purchased_purges":2,"victory":false,"max_hp_per_floor":[77,77,77,77,77,77,77,77,77,77,77,77,77,77,77,77],"card_choices":[{"not_picked":["Underhanded Strike","Dagger Throw"],"picked":"Dagger Spray","floor":1.0},{"not_picked":["Accuracy","Caltrops"],"picked":"Deadly Poison","floor":4.0},{"not_picked":["Poisoned Stab","Deadly Poison","Quick Slash"],"picked":"SKIP","floor":6.0},{"not_picked":["Heel Hook","Acrobatics"],"picked":"Escape Plan","floor":7.0},{"not_picked":["Quick Slash","Infinite Blades","Eviscerate"],"picked":"SKIP","floor":10},{"not_picked":["Underhanded Strike","Dash"],"picked":"Wraith Form v2","floor":12},{"not_picked":["PiercingWail","Masterful Stab"],"picked":"Bane","floor":14}],"player_experience":1350295,"relics_obtained":[{"floor":6.0,"key":"Potion Belt"},{"floor":9.0,"key":"Regal Pillow"},{"floor":10,"key":"Dodecahedron"},{"floor":12,"key":"Sundial"}],"event_choices":[{"damage_healed":0.0,"max_hp_gain":0.0,"max_hp_loss":0.0,"gold_gain":75.0,"event_name":"World of Goop","player_choice":"Gather Gold","floor":2.0,"gold_loss":0.0,"damage_taken":11.0},{"damage_healed":0.0,"max_hp_gain":0.0,"max_hp_loss":0.0,"gold_gain":0.0,"event_name":"Upgrade Shrine","player_choice":"Upgraded","floor":5.0,"gold_loss":0.0,"damage_taken":0.0,"cards_upgraded":["Deadly Poison"]}],"is_beta":false,"boss_relics":[],"items_purged_floors":[8,13],"is_endless":false,"potions_floor_spawned":[4,6,7,10,14],"killed_by":"Slime Boss","ascension_level":10}