{"gold_per_floor":[116,41,61,61,84,117,70,109,155,194,217,217,20,35,35,155,155,176,197,216,216,216,216,251,267,267,267,287,39,39,53,53,53],"floor_reached":33,"playtime":3000,"items_purged":["Normality","Writhe"],"score":326,"play_id":"ff33a29a-0a89-4b85-96a1-89d2cad7c42e","local_time":"20190420185004","is_ascension_mode":true,"campfire_choices":[{"data":"Zap","floor":12,"key":"SMITH"},{"data":"Transmutation","floor":15,"key":"SMITH"},{"floor":23,"key":"REST"},{"data":"Creative AI","floor":30,"key":"SMITH"},{"data":"Mind Blast","floor":32,"key":"SMITH"}],"neow_cost":"CURSE","seed_source_timestamp":500409311086407,"circlet_count":0,"master_deck":["Strike_B","Strike_B","Strike_B","Strike_B","Defend_B","Defend_B","Defend_B","Defend_B","Zap+1","Dualcast","Deep Breath","Mind Blast+1","Chill","Ball Lightning","Injury","Go for the Eyes","Sunder","Coolheaded","Echo Form","Conserve Battery","Transmutation+1","Creative AI+1","Hologram","Chill","Tempest+1"],"relics":["Cracked Core","Golden Idol","Meat on the Bone","Bag of Preparation","Bronze Scales","Torii","Eternal Feather","MutagenicStrength","Ornamental Fan","Dream Catcher","Pear","Vajra"],"potions_floor_usage":[5,11,28,33],"damage_taken":[{"damage":0,"enemies":"2 Louse","floor":1,"turns":3},{"damage":0,"enemies":"Small Slimes","floor":3,"turns":3},{"damage":0,"enemies":"Jaw Worm","floor":5,"turns":1},{"damage":27,"enemies":"Lagavulin","floor":6,"turns":8},{"damage":24,"enemies":"Gremlin Nob","floor":8,"turns":4},{"damage":15,"enemies":"Lagavulin","floor":10,"turns":5},{"damage":9,"enemies":"Exordium Thugs","floor":11,"turns":4},{"damage":0,"enemies":"Gremlin Gang","floor":14,"turns":2},{"damage":19,"enemies":"The Guardian","floor":16,"turns":9},{"damage":19,"enemies":"Spheric Guardian","floor":18,"turns":6},{"damage":39,"enemies":"2 Thieves","floor":19,"turns":4},{"damage":14,"enemies":"Shelled Parasite and Fungi","floor":20,"turns":8},{"damage":30,"enemies":"Book of Stabbing","floor":24,"turns":5},{"damage":7,"enemies":"Centurion and Healer","floor":25,"turns":8},{"damage":47,"enemies":"Sentry and Sphere","floor":28,"turns":10},{"damage":3,"enemies":"Chosen and Byrds","floor":31,"turns":5},{"damage":79,"enemies":"Automaton","floor":33,"turns":10}],"seed_played":"5575157342396343210","potions_obtained":[{"floor":3,"key":"Fire Potion"},{"floor":8,"key":"Block Potion"},{"floor":11,"key":"SteroidPotion"},{"floor":25,"key":"Dexterity Potion"},{"floor":28,"key":"Fruit Juice"}],"is_trial":false,"path_per_floor":["M","$","M","?","M","E","?","E","T","E","M","R","$","M","R","B",null,"M","M","M","?","?","R","E","M","T","?","M","$","R","M","R","B"],"character_chosen":"DEFECT","items_purchased":["Transmutation","Vajra"],"campfire_rested":1,"item_purchase_floors":[13,29],"current_hp_per_floor":[75,75,75,75,75,48,48,36,36,33,36,36,36,48,48,41,75,56,29,27,27,27,64,46,39,49,77,47,47,62,59,74,0],"gold":53,"neow_bonus":"RANDOM_COLORLESS_2","is_prod":false,"is_daily":false,"chose_seed":false,"campfire_upgraded":4,"win_rate":0,"timestamp":1555782604,"path_taken":["M","$","M","?","M","E","?","E","T","E","M","R","$","M","R","BOSS","M","M","M","?","?","R","E","M","T","?","M","$","R","M","R","BOSS"],"build_version":"2019-01-23","purchased_purges":2,"victory":false,"max_hp_per_floor":[75,75,75,75,75,75,75,75,75,75,75,75,75,75,75,75,75,75,75,75,75,75,75,75,75,85,85,90,90,90,90,90,90],"card_choices":[{"not_picked":["Compile Driver","Stack"],"picked":"Chill","floor":1},{"not_picked":["Go for the Eyes","Leap"],"picked":"Ball Lightning","floor":3},{"not_picked":["Redo","Turbo"],"picked":"Go for the Eyes","floor":5},{"not_picked":["Go for the Eyes","Barrage"],"picked":"Sunder","floor":6},{"not_picked":["Hello World","Self Repair"],"picked":"Coolheaded","floor":8},{"not_picked":["BootSequence","Cold Snap"],"picked":"Echo Form","floor":10},{"not_picked":["Reprogram","Gash"],"picked":"Conserve Battery","floor":11},{"not_picked":["Conserve Battery","Leap","Turbo"],"picked":"SKIP","floor":14},{"not_picked":["Seek","Multi-Cast"],"picked":"Creative AI","floor":16},{"not_picked":["Genetic Algorithm","Capacitor"],"picked":"Hologram","floor":18},{"not_picked":["Static Discharge","Reprogram+1"],"picked":"Chill","floor":19},{"not_picked":["Gash","Double Energy","Conserve Battery+1"],"picked":"SKIP","floor":20},{"not_picked":["Genetic Algorithm","Cold Snap","Storm+1"],"picked":"SKIP","floor":24},{"not_picked":["Gash","Lockon","Ball Lightning"],"picked":"SKIP","floor":25},{"not_picked":["Go for the Eyes","Auto Shields"],"picked":"Tempest+1","floor":28},{"not_picked":["Cold Snap","Conserve Battery","Barrage"],"picked":"SKIP","floor":31}],"player_experience":1802563,"relics_obtained":[{"floor":6,"key":"Meat on the Bone"},{"floor":8,"key":"Bag of Preparation"},{"floor":9,"key":"Bronze Scales"},{"floor":10,"key":"Torii"},{"floor":24,"key":"Dream Catcher"},{"floor":26,"key":"Pear"}],"event_choices":[{"damage_healed":0,"gold_gain":0,"player_choice":"Take Wound","damage_taken":0,"relics_obtained":["Golden Idol"],"max_hp_gain":0,"max_hp_loss":0,"event_name":"Golden Idol","floor":4,"gold_loss":0,"cards_obtained":["Injury"]},{"damage_healed":0,"gold_gain":0,"player_choice":"Left Gold","damage_taken":0,"max_hp_gain":0,"max_hp_loss":0,"event_name":"World of Goop","floor":7,"gold_loss":47},{"damage_healed":0,"gold_gain":0,"player_choice":"Inject Mutagens","damage_taken":0,"relics_obtained":["MutagenicStrength"],"max_hp_gain":0,"max_hp_loss":0,"event_name":"Drug Dealer","floor":21,"gold_loss":0},{"damage_healed":0,"gold_gain":0,"player_choice":"Opened","damage_taken":0,"relics_obtained":["Ornamental Fan"],"max_hp_gain":0,"max_hp_loss":0,"event_name":"The Mausoleum","floor":22,"gold_loss":0,"cards_obtained":["Writhe"]},{"damage_healed":28,"gold_gain":0,"player_choice":"Heal","damage_taken":0,"max_hp_gain":0,"max_hp_loss":0,"event_name":"The Library","floor":27,"gold_loss":0}],"is_beta":false,"boss_relics":[{"not_picked":["Coffee Dripper","Runic Pyramid"],"picked":"Eternal Feather"}],"items_purged_floors":[2,29],"is_endless":false,"potions_floor_spawned":[3,8,11,25,28],"killed_by":"Automaton","ascension_level":1}