{"gold_per_floor":[113,127,146,96,108,141,141,166,192,210,230,230,264,276,276,378,378,396,83,102,114,127,127,153,153,207,222,222,248,248,281,281,281],"floor_reached":33,"playtime":2883,"items_purged":["Strike_G"],"score":531,"play_id":"ffc1c036-681e-47e4-9655-cbbce79d4690","local_time":"20180730152528","is_ascension_mode":true,"campfire_choices":[{"data":"Glass Knife","floor":12.0,"key":"SMITH"},{"data":"Dash","floor":15.0,"key":"SMITH"},{"data":"Wraith Form v2","floor":23,"key":"SMITH"},{"data":"Leg Sweep","floor":25,"key":"SMITH"},{"data":"Underhanded Strike","floor":30,"key":"SMITH"},{"data":"Sucker Punch","floor":32,"key":"SMITH"}],"neow_cost":"NONE","seed_source_timestamp":76712056884159,"circlet_count":0,"master_deck":["Defend_G","Defend_G","Defend_G","Defend_G","Defend_G","Strike_G","Strike_G","Strike_G","Survivor","Neutralize+1","Sucker Punch+1","Poisoned Stab+1","Dash+1","Glass Knife+1","Backflip","Flying Knee","Endless Agony","Leg Sweep+1","Wraith Form v2+1","Underhanded Strike+1","Underhanded Strike","Quick Slash","Backflip"],"special_seed":0,"relics":["Runic Dome","Bag of Marbles","Whetstone","Omamori","Ancient Tea Set","Snecko Eye","Bottled Flame","Happy Flower","Blood Vial","Tough Bandages","Bottled Tornado","Smiling Mask"],"potions_floor_usage":[29,33,33],"damage_taken":[{"damage":0.0,"enemies":"Cultist","floor":1.0,"turns":5.0},{"damage":0.0,"enemies":"2 Louse","floor":2.0,"turns":2.0},{"damage":2.0,"enemies":"Small Slimes","floor":3.0,"turns":5.0},{"damage":0.0,"enemies":"Looter","floor":5.0,"turns":3.0},{"damage":0.0,"enemies":"3 Sentries","floor":6.0,"turns":8.0},{"damage":20.0,"enemies":"Gremlin Nob","floor":8.0,"turns":4.0},{"damage":8.0,"enemies":"Blue Slaver","floor":10.0,"turns":2.0},{"damage":0.0,"enemies":"Gremlin Gang","floor":11.0,"turns":4.0},{"damage":5.0,"enemies":"Lagavulin","floor":13.0,"turns":5.0},{"damage":0.0,"enemies":"Looter","floor":14.0,"turns":2.0},{"damage":1.0,"enemies":"The Guardian","floor":16.0,"turns":10.0},{"damage":0.0,"enemies":"Chosen","floor":18.0,"turns":3.0},{"damage":3.0,"enemies":"3 Byrds","floor":20.0,"turns":7.0},{"damage":1.0,"enemies":"Centurion and Healer","floor":21.0,"turns":4.0},{"damage":0,"enemies":"Sentry and Sphere","floor":22,"turns":5},{"damage":7,"enemies":"Slavers","floor":24,"turns":6},{"damage":0,"enemies":"Snake Plant","floor":27,"turns":4},{"damage":0,"enemies":"Book of Stabbing","floor":29,"turns":7},{"damage":7,"enemies":"Slavers","floor":31,"turns":6},{"damage":60,"enemies":"Collector","floor":33,"turns":9}],"seed_played":"-8473154094996179476","potions_obtained":[{"floor":2.0,"key":"SneckoOil"},{"floor":6.0,"key":"GhostInAJar"},{"floor":7.0,"key":"Ancient Potion"},{"floor":7.0,"key":"SneckoOil"},{"floor":10.0,"key":"SpeedPotion"},{"floor":11.0,"key":"Dexterity Potion"},{"floor":16.0,"key":"EssenceOfSteel"},{"floor":21.0,"key":"EssenceOfSteel"},{"floor":29,"key":"EssenceOfSteel"}],"is_trial":false,"path_per_floor":["M","M","M","?","M","E","?","E","T","M","M","R","E","M","R","B",null,"M","$","M","M","M","R","E","R","T","M","?","E","R","E","R"],"character_chosen":"THE_SILENT","items_purchased":["Bottled Flame"],"campfire_rested":0,"item_purchase_floors":[19],"current_hp_per_floor":[63,63,61,61,61,61,61,41,41,33,33,33,28,28,28,27,59,59,59,56,55,55,55,48,48,48,50,50,52,52,47,47,0],"gold":281,"neow_bonus":"BOSS_RELIC","is_prod":false,"is_daily":false,"chose_seed":false,"campfire_upgraded":6,"win_rate":0,"timestamp":1532989528,"path_taken":["M","?","M","?","M","E","?","E","T","M","M","R","E","M","R","BOSS","M","$","?","M","M","R","E","R","T","M","?","E","R","E","R","BOSS"],"build_version":"2018-07-26","purchased_purges":1,"victory":false,"max_hp_per_floor":[70,70,70,70,70,70,70,70,70,70,70,70,70,70,70,70,70,70,70,70,70,70,70,70,70,70,70,70,70,70,70,70,70],"card_choices":[{"not_picked":["Underhanded Strike","Prepared"],"picked":"Sucker Punch","floor":1.0},{"not_picked":["Dodge and Roll","Outmaneuver"],"picked":"Poisoned Stab","floor":2.0},{"not_picked":["Slice","PiercingWail"],"picked":"Dash","floor":3.0},{"not_picked":["Tactician","Setup"],"picked":"Glass Knife","floor":5.0},{"not_picked":["Sucker Punch","Concentrate"],"picked":"Backflip","floor":6.0},{"not_picked":["Crippling Poison","Sucker Punch","Flechettes"],"picked":"SKIP","floor":8.0},{"not_picked":["Concentrate","Choke"],"picked":"Flying Knee","floor":10.0},{"not_picked":["Flying Knee","Underhanded Strike","Acrobatics"],"picked":"SKIP","floor":11.0},{"not_picked":["Bullet Time","Finisher"],"picked":"Endless Agony","floor":13.0},{"not_picked":["Underhanded Strike","Flying Knee"],"picked":"Leg Sweep","floor":14.0},{"not_picked":["Envenom","Unload"],"picked":"Wraith Form v2","floor":16.0},{"not_picked":["Cloak And Dagger","Outmaneuver","Bane"],"picked":"SKIP","floor":18.0},{"not_picked":["Finisher","Slice"],"picked":"Underhanded Strike","floor":20.0},{"not_picked":["Sucker Punch","Outmaneuver+1"],"picked":"Underhanded Strike","floor":21.0},{"not_picked":["Cloak And Dagger","Flechettes"],"picked":"Quick Slash","floor":22},{"not_picked":["Dagger Spray","Escape Plan"],"picked":"Backflip","floor":24},{"not_picked":["Prepared","Finisher","Distraction"],"picked":"SKIP","floor":27},{"not_picked":["Outmaneuver","Prepared+1","Setup"],"picked":"SKIP","floor":29},{"not_picked":["Outmaneuver","Cloak And Dagger","Backstab"],"picked":"SKIP","floor":31}],"player_experience":182889,"relics_obtained":[{"floor":6.0,"key":"Bag of Marbles"},{"floor":8.0,"key":"Whetstone"},{"floor":9.0,"key":"Omamori"},{"floor":13.0,"key":"Ancient Tea Set"},{"floor":24,"key":"Happy Flower"},{"floor":26,"key":"Blood Vial"},{"floor":29,"key":"Bottled Tornado"},{"floor":31,"key":"Smiling Mask"}],"event_choices":[{"event_name":"The Cleric","player_choice":"Card Removal","floor":4.0,"damage_taken":0.0},{"event_name":"The Lab","player_choice":"Got Potions","floor":7.0,"damage_taken":0.0},{"event_name":"WeMeetAgain","player_choice":"Potion","floor":28,"damage_taken":0}],"is_beta":false,"boss_relics":[{"not_picked":["HoveringKite","Empty Cage"],"picked":"Snecko Eye"}],"items_purged_floors":[19],"is_endless":false,"potions_floor_spawned":[2,6,10,11,13,16,21,22,24,29],"killed_by":"Collector","ascension_level":8}