{"gold_per_floor":[110,130,130,15,27,61,61,90,90,90,90,108,108,121,121,194,194,208,208],"floor_reached":19,"playtime":1022,"items_purged":[],"score":310,"play_id":"c379e8d0-45af-4afd-ad58-98824d1af46b","local_time":"20190314204618","is_ascension_mode":true,"campfire_choices":[{"data":"Fusion","floor":7,"key":"SMITH"},{"floor":10,"key":"REST"},{"floor":13,"key":"REST"},{"floor":15,"key":"REST"}],"neow_cost":"NONE","seed_source_timestamp":267442211301931,"circlet_count":0,"master_deck":["AscendersBane","Strike_B","Strike_B","Strike_B","Strike_B","Defend_B","Defend_B","Defend_B","Defend_B","Zap","Dualcast","Gash","White Noise","Capacitor","Ball Lightning","Fusion+1","Consume","Multi-Cast","White Noise","Coolheaded","Meteor Strike","Tempest"],"relics":["Cracked Core","Boot","Ice Cream","Sundial","Darkstone Periapt","Inserter"],"potions_floor_usage":[8,14],"damage_taken":[{"damage":1,"enemies":"2 Louse","floor":1,"turns":3},{"damage":0,"enemies":"Cultist","floor":2,"turns":3},{"damage":0,"enemies":"Small Slimes","floor":5,"turns":3},{"damage":25,"enemies":"Lagavulin","floor":6,"turns":7},{"damage":34,"enemies":"Gremlin Nob","floor":8,"turns":5},{"damage":16,"enemies":"Blue Slaver","floor":12,"turns":4},{"damage":18,"enemies":"Red Slaver","floor":14,"turns":3},{"damage":13,"enemies":"The Guardian","floor":16,"turns":9},{"damage":50,"enemies":"3 Byrds","floor":18,"turns":5},{"damage":21,"enemies":"Shell Parasite","floor":19,"turns":2}],"seed_played":"-3885297279070755503","potions_obtained":[{"floor":1,"key":"Explosive Potion"},{"floor":5,"key":"SteroidPotion"},{"floor":14,"key":"FearPotion"},{"floor":18,"key":"AttackPotion"}],"is_trial":false,"path_per_floor":["M","M","?","$","M","E","R","E","T","R","?","M","R","M","R","B",null,"M","M"],"character_chosen":"DEFECT","items_purchased":["White Noise","Capacitor"],"campfire_rested":3,"item_purchase_floors":[4,4],"current_hp_per_floor":[63,63,68,68,68,43,43,9,9,31,31,15,37,19,41,28,64,14,0],"gold":208,"neow_bonus":"RANDOM_COMMON_RELIC","is_prod":false,"is_daily":false,"chose_seed":false,"campfire_upgraded":1,"win_rate":0,"timestamp":1552596378,"path_taken":["M","M","?","$","M","E","R","E","T","R","?","M","R","M","R","BOSS","M","M"],"build_version":"2019-01-23","purchased_purges":0,"victory":false,"max_hp_per_floor":[71,71,76,76,76,76,76,76,76,76,76,76,76,76,76,76,76,76,76],"card_choices":[{"not_picked":["Hello World","Conserve Battery"],"picked":"Gash","floor":1},{"not_picked":["Sunder","Go for the Eyes","Turbo"],"picked":"SKIP","floor":2},{"not_picked":["Stack","Turbo"],"picked":"Ball Lightning","floor":5},{"not_picked":["Aggregate","Hologram"],"picked":"Fusion","floor":6},{"not_picked":["Stack","Doom and Gloom"],"picked":"Consume","floor":8},{"not_picked":["Stack","Recycle"],"picked":"White Noise","floor":12},{"not_picked":["Double Energy","Conserve Battery"],"picked":"Coolheaded","floor":14},{"not_picked":["All For One","Multi-Cast"],"picked":"Meteor Strike","floor":16},{"not_picked":["Steam","Fusion"],"picked":"Tempest","floor":18}],"player_experience":1565132,"relics_obtained":[{"floor":6,"key":"Ice Cream"},{"floor":8,"key":"Sundial"},{"floor":9,"key":"Darkstone Periapt"}],"event_choices":[{"damage_healed":0,"gold_gain":0,"player_choice":"Donut","damage_taken":0,"max_hp_gain":5,"max_hp_loss":0,"event_name":"Big Fish","floor":3,"gold_loss":0},{"damage_healed":0,"gold_gain":0,"player_choice":"1 cards matched","damage_taken":0,"max_hp_gain":0,"max_hp_loss":0,"event_name":"Match and Keep!","floor":11,"gold_loss":0,"cards_obtained":["Multi-Cast"]}],"is_beta":false,"boss_relics":[{"not_picked":["Snecko Eye","Runic Pyramid"],"picked":"Inserter"}],"items_purged_floors":[],"is_endless":false,"potions_floor_spawned":[1,5,14,18],"killed_by":"Shell Parasite","ascension_level":15}