{"gold_per_floor":[117,134,150,163,39,70,90,116,116,116,291,291,308,73,73,170,220,238,163,181,56,66,66,94,94,94,108,122,152,152,152,152,250,250,266,320,80,80,90,90,90,104,104,120,152,152,152,184,184,184],"floor_reached":51,"playtime":3105,"items_purged":["Strike_B","Doubt","Strike_B"],"score":815,"play_id":"7ba36277-cc3e-4d76-97d8-4658a47d0447","local_time":"20190404194139","is_ascension_mode":true,"campfire_choices":[{"data":"Zap","floor":10,"key":"SMITH"},{"data":"Dualcast","floor":12,"key":"SMITH"},{"floor":15,"key":"REST"},{"data":"Machine Learning","floor":23,"key":"SMITH"},{"data":"Hologram","floor":25,"key":"SMITH"},{"floor":30,"key":"REST"},{"floor":32,"key":"REST"},{"floor":40,"key":"REST"},{"data":"Hyperbeam","floor":47,"key":"SMITH"},{"floor":49,"key":"REST"}],"neow_cost":"CURSE","seed_source_timestamp":2072390539401952,"circlet_count":0,"master_deck":["Strike_B+1","Defend_B","Defend_B","Defend_B","Defend_B","Zap+1","Dualcast+1","Beam Cell","Gash","Gash","Cold Snap","Gash","Steam","Doom and Gloom","Machine Learning+1","Hyperbeam+1","Streamline","BootSequence","Gash","Hologram+1","Reprogram+1","Coolheaded","Machine Learning+1","Scrape+1","FTL","Bandage Up","Injury","Gash","Gash+1"],"relics":["Cracked Core","Dodecahedron","Thread and Needle","Letter Opener","Tiny House","Frozen Egg 2","Regal Pillow","Sundial","Cursed Key","Torii","Bag of Preparation","Du-Vu Doll","Bronze Scales","Bird Faced Urn"],"potions_floor_usage":[27,29,35,36,50,50,50],"damage_taken":[{"damage":6,"enemies":"Jaw Worm","floor":1,"turns":5},{"damage":2,"enemies":"2 Louse","floor":2,"turns":3},{"damage":1,"enemies":"Cultist","floor":3,"turns":3},{"damage":9,"enemies":"Blue Slaver","floor":4,"turns":3},{"damage":11,"enemies":"3 Sentries","floor":6,"turns":7},{"damage":3,"enemies":"Looter","floor":7,"turns":3},{"damage":27,"enemies":"Lagavulin","floor":8,"turns":7},{"damage":4,"enemies":"Red Slaver","floor":13,"turns":3},{"damage":27,"enemies":"Hexaghost","floor":16,"turns":8},{"damage":4,"enemies":"3 Byrds","floor":18,"turns":4},{"damage":1,"enemies":"Shell Parasite","floor":20,"turns":4},{"damage":2,"enemies":"Centurion and Healer","floor":22,"turns":6},{"damage":29,"enemies":"Book of Stabbing","floor":24,"turns":5},{"damage":8,"enemies":"Snecko","floor":27,"turns":5},{"damage":12,"enemies":"Sentry and Sphere","floor":28,"turns":4},{"damage":8,"enemies":"Gremlin Leader","floor":29,"turns":5},{"damage":79,"enemies":"Collector","floor":33,"turns":10},{"damage":12,"enemies":"3 Darklings","floor":35,"turns":4},{"damage":39,"enemies":"2 Orb Walkers","floor":36,"turns":4},{"damage":0,"enemies":"Orb Walker","floor":39,"turns":2},{"damage":1,"enemies":"Jaw Worm Horde","floor":42,"turns":3},{"damage":1,"enemies":"3 Darklings","floor":44,"turns":3},{"damage":23,"enemies":"Reptomancer","floor":45,"turns":5},{"damage":1,"enemies":"Nemesis","floor":48,"turns":5},{"damage":45,"enemies":"Time Eater","floor":50,"turns":7}],"seed_played":"1379576987705251483","potions_obtained":[{"floor":3,"key":"SpeedPotion"},{"floor":6,"key":"FearPotion"},{"floor":17,"key":"Dexterity Potion"},{"floor":18,"key":"Energy Potion"},{"floor":24,"key":"Block Potion"},{"floor":27,"key":"FearPotion"},{"floor":33,"key":"Explosive Potion"},{"floor":42,"key":"LiquidBronze"},{"floor":45,"key":"SteroidPotion"},{"floor":48,"key":"PowerPotion"}],"is_trial":false,"path_per_floor":["M","M","M","M","$","E","M","E","T","R","?","R","M","$","R","B",null,"M","?","M","$","M","R","E","R","T","M","M","E","R","?","R","B",null,"M","?","$","?","M","R","$","M","T","M","E","?","R","E","R","B",null],"character_chosen":"DEFECT","items_purchased":["Cold Snap","Machine Learning","Bag of Preparation","Bandage Up"],"campfire_rested":5,"item_purchase_floors":[5,14,37,37],"current_hp_per_floor":[83,81,80,71,71,60,57,30,30,30,30,30,26,26,52,25,94,90,90,89,89,87,87,58,58,58,50,38,30,73,54,98,19,99,87,48,48,48,52,96,96,98,98,99,80,80,80,83,94,50],"gold":184,"neow_bonus":"TWENTY_PERCENT_HP_BONUS","is_prod":false,"is_daily":false,"chose_seed":false,"campfire_upgraded":5,"win_rate":0,"timestamp":1554403299,"path_taken":["M","M","M","M","$","E","M","E","T","R","?","R","M","$","R","BOSS","M","?","M","$","M","R","E","R","T","M","M","E","R","?","R","BOSS","M","?","$","?","M","R","?","M","T","?","E","?","R","E","R","BOSS"],"build_version":"2019-01-23","purchased_purges":3,"victory":true,"max_hp_per_floor":[89,89,89,89,89,89,89,89,89,89,89,89,89,89,89,89,94,94,94,94,94,94,94,94,94,94,94,94,94,94,99,99,99,99,99,99,99,99,99,99,99,99,99,99,99,94,94,94,94,94],"card_choices":[{"not_picked":["Steam","Go for the Eyes"],"picked":"Beam Cell","floor":1},{"not_picked":["Sweeping Beam","Turbo","Compile Driver"],"picked":"SKIP","floor":2},{"not_picked":["Streamline","Sweeping Beam"],"picked":"Gash","floor":3},{"not_picked":["Redo","Turbo"],"picked":"Gash","floor":4},{"not_picked":["Barrage","Cold Snap","Tempest"],"picked":"SKIP","floor":6},{"not_picked":["Double Energy","Loop"],"picked":"Gash","floor":7},{"not_picked":["Defragment","Steam Power"],"picked":"Steam","floor":8},{"not_picked":["Turbo","Steam"],"picked":"Doom and Gloom","floor":13},{"not_picked":["Creative AI","Meteor Strike"],"picked":"Hyperbeam","floor":16},{"not_picked":["Storm","Rip and Tear"],"picked":"Streamline","floor":17},{"not_picked":["Lockon","Chill+1"],"picked":"BootSequence","floor":18},{"not_picked":["Sweeping Beam","Ball Lightning"],"picked":"Gash","floor":20},{"not_picked":["Beam Cell","Leap","Conserve Battery"],"picked":"SKIP","floor":22},{"not_picked":["Reboot","Conserve Battery"],"picked":"Hologram","floor":24},{"not_picked":["Reinforced Body","Storm+1"],"picked":"Reprogram+1","floor":27},{"not_picked":["BootSequence+1","Beam Cell"],"picked":"Coolheaded","floor":28},{"not_picked":["Barrage+1","Storm+1","Rip and Tear"],"picked":"SKIP","floor":29},{"not_picked":["Fission","Rainbow"],"picked":"Machine Learning+1","floor":33},{"not_picked":["Capacitor+1","Rebound"],"picked":"Scrape+1","floor":35},{"not_picked":["Hologram+1","Leap"],"picked":"FTL","floor":36},{"not_picked":["Reprogram+1","Static Discharge+1","Barrage+1"],"picked":"SKIP","floor":39},{"not_picked":["Turbo+1","Compile Driver+1","Beam Cell+1"],"picked":"SKIP","floor":42},{"not_picked":["Buffer+1","Rebound+1"],"picked":"Gash","floor":44},{"not_picked":["Self Repair+1","Redo+1"],"picked":"Gash+1","floor":45},{"not_picked":["Melter","Barrage","Sunder+1"],"picked":"SKIP","floor":48}],"player_experience":1703734,"relics_obtained":[{"floor":6,"key":"Dodecahedron"},{"floor":8,"key":"Thread and Needle"},{"floor":9,"key":"Letter Opener"},{"floor":24,"key":"Frozen Egg 2"},{"floor":26,"key":"Regal Pillow"},{"floor":29,"key":"Sundial"},{"floor":36,"key":"Torii"},{"floor":43,"key":"Du-Vu Doll"},{"floor":45,"key":"Bronze Scales"},{"floor":48,"key":"Bird Faced Urn"}],"event_choices":[{"damage_healed":0,"gold_gain":175,"player_choice":"AGREE","damage_taken":0,"max_hp_gain":0,"max_hp_loss":0,"event_name":"Liars Game","floor":11,"gold_loss":0,"cards_obtained":["Doubt"]},{"cards_removed":["Doubt"],"damage_healed":0,"gold_gain":0,"player_choice":"Gave Gold","damage_taken":0,"max_hp_gain":0,"max_hp_loss":0,"event_name":"Beggar","floor":19,"gold_loss":75},{"damage_healed":0,"gold_gain":0,"player_choice":"Shed Blood","damage_taken":24,"max_hp_gain":5,"max_hp_loss":0,"event_name":"Forgotten Altar","floor":31,"gold_loss":0},{"damage_healed":0,"gold_gain":0,"player_choice":"Fight","damage_taken":0,"max_hp_gain":0,"max_hp_loss":0,"event_name":"Mysterious Sphere","floor":36,"gold_loss":0},{"cards_removed":["Strike_B"],"damage_healed":0,"gold_gain":0,"player_choice":"Removed Attack","damage_taken":0,"max_hp_gain":0,"max_hp_loss":0,"event_name":"Falling","floor":38,"gold_loss":0},{"damage_healed":0,"gold_gain":0,"player_choice":"Max HP","damage_taken":0,"max_hp_gain":0,"max_hp_loss":5,"event_name":"Winding Halls","floor":46,"gold_loss":0}],"is_beta":false,"boss_relics":[{"not_picked":["Pandora\u0027s Box","Inserter"],"picked":"Tiny House"},{"not_picked":["Velvet Choker","Black Star"],"picked":"Cursed Key"}],"items_purged_floors":[5,14,21],"is_endless":false,"potions_floor_spawned":[3,6,18,24,27,33,42,45,48],"ascension_level":1}