{"gold_per_floor":[114,129,106,121,121,121,159,50,100,119,19,19,19],"floor_reached":13,"playtime":745,"items_purged":["Strike_G","Strike_G"],"score":83,"play_id":"80a8854f-068c-4fdf-afa5-1ccbe7f7f31f","local_time":"20190707222639","daily_mods":["Heirloom","Blue Cards","DeadlyEvents"],"is_ascension_mode":false,"campfire_choices":[{"data":"1","floor":6,"key":"LIFT"}],"neow_cost":"","seed_source_timestamp":0,"circlet_count":0,"master_deck":["Strike_G","Strike_G","Strike_G","Defend_G","Defend_G","Defend_G","Defend_G","Defend_G","Survivor","Neutralize","Poisoned Stab","Bouncing Flask","Quick Slash","Sunder","Catalyst","Rebound"],"special_seed":18084,"relics":["Ring of the Snake","Girya","Golden Idol","Dodecahedron","Potion Belt"],"potions_floor_usage":[13],"damage_taken":[{"damage":2,"enemies":"Small Slimes","floor":1,"turns":3},{"damage":4,"enemies":"Cultist","floor":2,"turns":4},{"damage":4,"enemies":"2 Louse","floor":4,"turns":2},{"damage":12,"enemies":"Gremlin Nob","floor":7,"turns":4},{"damage":6,"enemies":"2 Fungi Beasts","floor":10,"turns":3},{"damage":19,"enemies":"3 Sentries","floor":13,"turns":4}],"seed_played":"-6942843224144824641","potions_obtained":[{"floor":2,"key":"EssenceOfSteel"}],"is_trial":false,"path_per_floor":["M","M","?","M","?","R","E","$","T","M","$","?","E"],"character_chosen":"THE_SILENT","items_purchased":["Catalyst"],"campfire_rested":0,"item_purchase_floors":[8],"current_hp_per_floor":[68,64,64,60,43,43,31,31,31,25,25,18,0],"gold":19,"neow_bonus":"","is_prod":false,"is_daily":true,"chose_seed":false,"campfire_upgraded":0,"win_rate":0.0,"timestamp":1562505999,"path_taken":["M","M","?","M","?","R","E","$","T","M","$","?","?"],"build_version":"2019-07-05","purchased_purges":2,"victory":false,"max_hp_per_floor":[70,70,70,70,70,70,70,70,70,70,70,70,70],"card_choices":[{"not_picked":["Sucker Punch","Steam"],"picked":"Poisoned Stab","floor":1},{"not_picked":["Redo","Reinforced Body"],"picked":"Bouncing Flask","floor":2},{"not_picked":["Cold Snap","Prepared"],"picked":"Quick Slash","floor":4},{"not_picked":["Compile Driver","Streamline"],"picked":"Sunder","floor":7},{"not_picked":["Coolheaded","Ball Lightning"],"picked":"Rebound","floor":10}],"player_experience":34691,"relics_obtained":[{"floor":7,"key":"Dodecahedron"},{"floor":9,"key":"Potion Belt"}],"event_choices":[{"damage_healed":0,"gold_gain":0,"player_choice":"Left Gold","damage_taken":0,"max_hp_gain":0,"max_hp_loss":0,"event_name":"World of Goop","floor":3,"gold_loss":23},{"damage_healed":0,"gold_gain":0,"player_choice":"Take Damage","damage_taken":17,"relics_obtained":["Golden Idol"],"max_hp_gain":0,"max_hp_loss":0,"event_name":"Golden Idol","floor":5,"gold_loss":0},{"damage_healed":0,"gold_gain":0,"player_choice":"Damaged","damage_taken":7,"max_hp_gain":0,"max_hp_loss":0,"event_name":"Wheel of Change","floor":12,"gold_loss":0}],"is_beta":false,"boss_relics":[],"items_purged_floors":[8,11],"is_endless":false,"potions_floor_spawned":[2],"killed_by":"3 Sentries","ascension_level":0}