{"gold_per_floor":[116,291,291,305,1,29,29,86,86,86,86,98,127,27,27,122,122,136,153,153,252,36,36,72,72,96,96,96,96,96,96,96,96],"floor_reached":33,"playtime":3454,"items_purged":["Strike_R","Doubt"],"score":259,"play_id":"f61625c2-0194-458c-89ac-21a956e196ec","local_time":"20190623012735","is_ascension_mode":true,"campfire_choices":[{"data":"Inflame","floor":7,"key":"SMITH"},{"floor":11,"key":"REST"},{"floor":15,"key":"REST"},{"floor":23,"key":"REST"},{"data":"Demon Form","floor":25,"key":"SMITH"},{"data":"Barricade","floor":28,"key":"SMITH"},{"data":"Shockwave","floor":30,"key":"SMITH"},{"data":"Rampage","floor":32,"key":"SMITH"}],"neow_cost":"NONE","seed_source_timestamp":73232620232800,"circlet_count":0,"master_deck":["Strike_R","Strike_R","Strike_R+1","Strike_R","Defend_R","Defend_R","Defend_R","Defend_R","Bash+1","Fire Breathing","Rampage+1","Inflame+1","Rage","Battle Trance","Barricade+1","Demon Form+1","Shrug It Off+1","Shockwave+1","HandOfGreed","Dropkick"],"relics":["Burning Blood","Lantern","Oddly Smooth Stone","Whetstone","Ornamental Fan","Bottled Flame","Bronze Scales","Paper Frog","Lizard Tail","Bag of Marbles","MutagenicStrength"],"potions_floor_usage":[6,16,16,33],"damage_taken":[{"damage":0,"enemies":"Cultist","floor":1,"turns":3},{"damage":6,"enemies":"2 Louse","floor":4,"turns":3},{"damage":36,"enemies":"3 Sentries","floor":6,"turns":11},{"damage":40,"enemies":"Lagavulin Event","floor":8,"turns":6},{"damage":5,"enemies":"Jaw Worm","floor":12,"turns":2},{"damage":24,"enemies":"Lagavulin","floor":13,"turns":5},{"damage":33,"enemies":"The Guardian","floor":16,"turns":10},{"damage":54,"enemies":"3 Byrds","floor":18,"turns":4},{"damage":11,"enemies":"Chosen","floor":19,"turns":6},{"damage":40,"enemies":"Colosseum Slavers","floor":20,"turns":7},{"damage":13,"enemies":"Snecko","floor":24,"turns":7},{"damage":68,"enemies":"Automaton","floor":33,"turns":12}],"seed_played":"-9176739992552445469","potions_obtained":[{"floor":1,"key":"Regen Potion"},{"floor":8,"key":"Dexterity Potion"},{"floor":12,"key":"PowerPotion"},{"floor":13,"key":"GamblersBrew"}],"is_trial":false,"path_per_floor":["M","?","?","M","$","E","R","?","T","T","R","M","E","$","R","B",null,"M","M","?","?","$","R","M","R","T","$","R","$","R","?","R","B"],"character_chosen":"IRONCLAD","items_purchased":["Oddly Smooth Stone","Inflame","HandOfGreed","Dropkick"],"campfire_rested":3,"item_purchase_floors":[5,5,22,22],"current_hp_per_floor":[80,80,85,85,85,70,70,36,36,36,61,62,44,44,69,42,85,37,32,42,42,42,67,60,60,60,60,60,60,60,60,60,0],"gold":96,"neow_bonus":"RANDOM_COMMON_RELIC","is_prod":false,"is_daily":false,"chose_seed":false,"campfire_upgraded":5,"win_rate":0,"timestamp":1561278455,"path_taken":["M","?","?","M","$","E","R","?","T","?","R","M","E","$","R","BOSS","M","M","?","?","?","R","M","R","T","$","R","$","R","?","R","BOSS"],"build_version":"2019-01-23","purchased_purges":2,"victory":false,"max_hp_per_floor":[80,80,85,85,85,85,85,85,85,85,85,85,85,85,85,85,85,85,85,85,85,85,85,85,85,85,85,85,85,85,85,85,85],"card_choices":[{"not_picked":["Burning Pact","Thunderclap"],"picked":"Fire Breathing","floor":1},{"not_picked":["Pommel Strike","Infernal Blade"],"picked":"Rampage","floor":4},{"not_picked":["Combust","Iron Wave"],"picked":"Rage","floor":6},{"not_picked":["Evolve","Body Slam"],"picked":"Battle Trance","floor":12},{"not_picked":["Spot Weakness","Dark Embrace"],"picked":"Barricade","floor":13},{"not_picked":["Dark Embrace","Immolate"],"picked":"Demon Form","floor":16},{"not_picked":["Thunderclap","Cleave+1"],"picked":"Shrug It Off+1","floor":18},{"not_picked":["Sword Boomerang","Anger"],"picked":"Shockwave","floor":19},{"not_picked":["Iron Wave","Hemokinesis+1","Reckless Charge+1"],"picked":"SKIP","floor":24},{"not_picked":["Iron Wave","Hemokinesis+1","Reckless Charge+1"],"picked":"SKIP","floor":24}],"player_experience":74956,"relics_obtained":[{"floor":6,"key":"Whetstone"},{"floor":8,"key":"Ornamental Fan"},{"floor":9,"key":"Bottled Flame"},{"floor":10,"key":"Bronze Scales"},{"floor":13,"key":"Paper Frog"},{"floor":26,"key":"Bag of Marbles"}],"event_choices":[{"damage_healed":0,"gold_gain":175,"player_choice":"AGREE","damage_taken":0,"max_hp_gain":0,"max_hp_loss":0,"event_name":"Liars Game","floor":2,"gold_loss":0,"cards_obtained":["Doubt"]},{"damage_healed":0,"gold_gain":0,"player_choice":"Donut","damage_taken":0,"max_hp_gain":5,"max_hp_loss":0,"event_name":"Big Fish","floor":3,"gold_loss":0},{"damage_healed":0,"gold_gain":0,"player_choice":"Searched \u00271\u0027 times","damage_taken":0,"max_hp_gain":0,"max_hp_loss":0,"event_name":"Dead Adventurer","floor":8,"gold_loss":0},{"damage_healed":0,"gold_gain":0,"player_choice":"Fight","damage_taken":0,"max_hp_gain":0,"max_hp_loss":0,"event_name":"Colosseum","floor":20,"gold_loss":0},{"damage_healed":0,"gold_gain":0,"player_choice":"Fled From Nobs","damage_taken":0,"max_hp_gain":0,"max_hp_loss":0,"event_name":"Colosseum","floor":20,"gold_loss":0},{"damage_healed":0,"gold_gain":99,"player_choice":"Stole From Cult","damage_taken":0,"max_hp_gain":0,"max_hp_loss":0,"event_name":"Nest","floor":21,"gold_loss":0},{"damage_healed":0,"gold_gain":0,"player_choice":"Inject Mutagens","damage_taken":0,"relics_obtained":["MutagenicStrength"],"max_hp_gain":0,"max_hp_loss":0,"event_name":"Drug Dealer","floor":31,"gold_loss":0}],"is_beta":false,"boss_relics":[{"not_picked":["Astrolabe","Ectoplasm"],"picked":"Lizard Tail"}],"items_purged_floors":[5,14],"is_endless":false,"potions_floor_spawned":[1,8,12,13,20],"killed_by":"Automaton","ascension_level":1}