{"gold_per_floor":[115,115,126,143,159,192,192,205,229,257,273,293,304,329,329,433,433,450,481,497,509,29,29,40,40,40,54,54,16,36,53,53,151,151,166,186,186,203,203,203,213,233,278,71,71,102,155,173,173,173],"floor_reached":51,"playtime":3712,"items_purged":["Neutralize"],"score":722,"play_id":"d590264c-849f-4db3-abd4-3af7ae6cda13","local_time":"20190707170017","is_ascension_mode":false,"campfire_choices":[{"floor":7,"key":"REST"},{"floor":15,"key":"REST"},{"floor":23,"key":"REST"},{"data":"Backflip","floor":28,"key":"SMITH"},{"data":"Underhanded Strike","floor":32,"key":"SMITH"},{"data":"Bullet Time","floor":40,"key":"SMITH"},{"data":"Backflip","floor":45,"key":"SMITH"},{"data":"Adrenaline","floor":49,"key":"SMITH"}],"neow_cost":"NONE","seed_source_timestamp":108950059291200,"circlet_count":0,"master_deck":["Survivor","Dagger Spray","Dagger Throw","Underhanded Strike","Crippling Poison","Deadly Poison","Backflip+1","Choke","Underhanded Strike+1","Bouncing Flask","Riddle With Holes","Quick Slash","Night Terror","Noxious Fumes","Finisher","Dash","Bullet Time+1","Flying Knee","Dodge and Roll","Acrobatics","PiercingWail","All Out Attack","Backflip+1","Dash+1","Footwork+1","Finisher+1","Blur","Skewer+1","Underhanded Strike+1","Adrenaline+1","Leg Sweep","Madness","Madness+1","Backflip+1","All Out Attack+1","Backflip+1","Leg Sweep+1"],"relics":["HoveringKite","Ninja Scroll","Dream Catcher","Potion Belt","Odd Mushroom","Pandora\u0027s Box","Red Mask","Ornamental Fan","Happy Flower","Molten Egg 2","Snecko Eye","War Paint","Oddly Smooth Stone","Blood Vial","Gambling Chip"],"potions_floor_usage":[6,10,14,16,16,33,33,33,47,50,50],"damage_taken":[{"damage":2,"enemies":"2 Louse","floor":1,"turns":5},{"damage":0,"enemies":"Cultist","floor":3,"turns":4},{"damage":2,"enemies":"Small Slimes","floor":4,"turns":6},{"damage":11,"enemies":"Blue Slaver","floor":5,"turns":5},{"damage":37,"enemies":"Lagavulin","floor":6,"turns":7},{"damage":9,"enemies":"3 Louse","floor":8,"turns":2},{"damage":27,"enemies":"3 Sentries","floor":10,"turns":10},{"damage":0,"enemies":"Large Slime","floor":11,"turns":7},{"damage":0,"enemies":"Looter","floor":12,"turns":3},{"damage":2,"enemies":"Exordium Thugs","floor":13,"turns":5},{"damage":0,"enemies":"The Mushroom Lair","floor":14,"turns":2},{"damage":36,"enemies":"The Guardian","floor":16,"turns":12},{"damage":0,"enemies":"Spheric Guardian","floor":18,"turns":3},{"damage":27,"enemies":"Masked Bandits","floor":19,"turns":5},{"damage":2,"enemies":"2 Thieves","floor":20,"turns":3},{"damage":15,"enemies":"Snecko","floor":21,"turns":3},{"damage":11,"enemies":"Snake Plant","floor":24,"turns":4},{"damage":3,"enemies":"Centurion and Healer","floor":27,"turns":7},{"damage":0,"enemies":"Cultist and Chosen","floor":30,"turns":6},{"damage":6,"enemies":"Snecko","floor":31,"turns":5},{"damage":46,"enemies":"Collector","floor":33,"turns":14},{"damage":1,"enemies":"3 Darklings","floor":35,"turns":3},{"damage":0,"enemies":"3 Shapes","floor":36,"turns":3},{"damage":0,"enemies":"3 Darklings","floor":38,"turns":4},{"damage":1,"enemies":"Spire Growth","floor":41,"turns":4},{"damage":0,"enemies":"Writhing Mass","floor":42,"turns":6},{"damage":0,"enemies":"Reptomancer","floor":46,"turns":6},{"damage":0,"enemies":"2 Orb Walkers","floor":47,"turns":4},{"damage":0,"enemies":"3 Darklings","floor":48,"turns":4},{"damage":20,"enemies":"Donu and Deca","floor":50,"turns":11}],"seed_played":"-3849168286449963398","potions_obtained":[{"floor":2,"key":"FearPotion"},{"floor":2,"key":"Weak Potion"},{"floor":2,"key":"Regen Potion"},{"floor":3,"key":"PowerPotion"},{"floor":6,"key":"Ancient Potion"},{"floor":11,"key":"AttackPotion"},{"floor":14,"key":"SkillPotion"},{"floor":16,"key":"Dexterity Potion"},{"floor":18,"key":"Regen Potion"},{"floor":24,"key":"AttackPotion"},{"floor":27,"key":"SkillPotion"},{"floor":38,"key":"Fire Potion"},{"floor":41,"key":"Swift Potion"},{"floor":46,"key":"Fire Potion"}],"is_trial":false,"path_per_floor":["M","?","M","M","M","E","R","M","T","E","M","M","M","?","R","B",null,"M","?","M","M","$","R","M","?","T","M","R","$","M","M","R","B",null,"M","M","?","M","?","R","M","M","T","$","R","E","?","M","R","B",null],"character_chosen":"THE_SILENT","items_purchased":["Ornamental Fan","Happy Flower","Blur","Oddly Smooth Stone","Backflip"],"campfire_rested":3,"item_purchase_floors":[22,22,29,44,44],"current_hp_per_floor":[68,68,68,66,55,18,39,30,30,18,18,18,16,16,37,1,70,70,43,41,26,26,47,36,59,59,56,56,56,56,50,50,19,70,69,69,60,60,60,60,59,59,59,59,59,59,61,63,63,45],"gold":173,"neow_bonus":"BOSS_RELIC","is_prod":false,"is_daily":false,"chose_seed":false,"campfire_upgraded":5,"win_rate":0,"timestamp":1562536817,"path_taken":["M","?","M","M","M","E","R","M","T","E","M","?","M","?","R","BOSS","M","?","M","M","$","R","M","?","T","M","R","$","M","M","R","BOSS","M","M","?","M","?","R","M","?","T","?","R","E","?","M","R","BOSS"],"build_version":"2019-07-05","purchased_purges":1,"victory":true,"max_hp_per_floor":[70,70,70,70,70,70,70,70,70,70,70,70,70,70,70,70,70,70,70,70,70,70,70,70,70,70,70,70,70,70,70,70,70,70,70,70,70,70,70,70,70,70,70,70,70,70,70,70,70,70],"card_choices":[{"not_picked":["Deflect","Concentrate"],"picked":"Dagger Spray","floor":1},{"not_picked":["Outmaneuver","Calculated Gamble","Accuracy"],"picked":"SKIP","floor":3},{"not_picked":["Dodge and Roll","Deflect"],"picked":"Dagger Throw","floor":4},{"not_picked":["Prepared","Finisher"],"picked":"Underhanded Strike","floor":5},{"not_picked":["Eviscerate","Terror"],"picked":"Crippling Poison","floor":6},{"not_picked":["Dagger Spray","Caltrops"],"picked":"Deadly Poison","floor":8},{"not_picked":["Prepared","Unload"],"picked":"Backflip","floor":10},{"not_picked":["Flechettes","Slice"],"picked":"Choke","floor":11},{"not_picked":["Deflect","PiercingWail"],"picked":"Underhanded Strike","floor":12},{"not_picked":["Footwork","Accuracy"],"picked":"Bouncing Flask","floor":13},{"not_picked":["Flying Knee","Dodge and Roll"],"picked":"Riddle With Holes","floor":14},{"not_picked":["Blade Dance","Sucker Punch"],"picked":"Quick Slash","floor":15},{"not_picked":["Bullet Time","Die Die Die"],"picked":"Night Terror","floor":16},{"not_picked":["Deflect","Flying Knee","Sucker Punch"],"picked":"SKIP","floor":18},{"not_picked":["Slice","Bane"],"picked":"Backflip","floor":19},{"not_picked":["Calculated Gamble","Slice","Dagger Spray"],"picked":"SKIP","floor":20},{"not_picked":["Tools of the Trade","Cloak And Dagger","Dodge and Roll"],"picked":"SKIP","floor":21},{"not_picked":["Backflip","Acrobatics"],"picked":"Dash+1","floor":23},{"not_picked":["Masterful Stab","Poisoned Stab"],"picked":"Footwork+1","floor":24},{"not_picked":["Noxious Fumes","Slice+1"],"picked":"Finisher+1","floor":27},{"not_picked":["Dagger Spray+1","Sucker Punch+1"],"picked":"Skewer+1","floor":30},{"not_picked":["Outmaneuver","Blade Dance"],"picked":"Underhanded Strike+1","floor":31},{"not_picked":["Bullet Time","Venomology"],"picked":"Adrenaline","floor":33},{"not_picked":["Deflect","Outmaneuver+1","Blade Dance+1"],"picked":"SKIP","floor":35},{"not_picked":["All Out Attack+1","Terror"],"picked":"Leg Sweep","floor":36},{"not_picked":["Riddle With Holes+1","Prepared"],"picked":"Backflip+1","floor":38},{"not_picked":["Concentrate","Acrobatics+1","All Out Attack+1"],"picked":"SKIP","floor":41},{"not_picked":["PiercingWail","Calculated Gamble+1","Cloak And Dagger"],"picked":"SKIP","floor":42},{"not_picked":["Calculated Gamble+1","Dagger Throw+1"],"picked":"Leg Sweep+1","floor":46},{"not_picked":["Quick Slash+1","Deadly Poison","Backflip"],"picked":"SKIP","floor":48}],"player_experience":293042,"relics_obtained":[{"floor":6,"key":"Ninja Scroll"},{"floor":9,"key":"Dream Catcher"},{"floor":10,"key":"Potion Belt"},{"floor":14,"key":"Odd Mushroom"},{"floor":19,"key":"Red Mask"},{"floor":26,"key":"Molten Egg 2"},{"floor":43,"key":"War Paint"},{"floor":46,"key":"Blood Vial"},{"floor":47,"key":"Gambling Chip"}],"event_choices":[{"damage_healed":0,"gold_gain":0,"player_choice":"Got Potions","damage_taken":0,"max_hp_gain":0,"max_hp_loss":0,"event_name":"Lab","floor":2,"gold_loss":0},{"damage_healed":0,"gold_gain":0,"player_choice":"Fought Mushrooms","damage_taken":0,"max_hp_gain":0,"max_hp_loss":0,"event_name":"Mushrooms","floor":14,"gold_loss":0},{"damage_healed":0,"gold_gain":0,"player_choice":"Fought Bandits","damage_taken":0,"max_hp_gain":0,"max_hp_loss":0,"event_name":"Masked Bandits","floor":19,"gold_loss":0},{"damage_healed":23,"gold_gain":0,"player_choice":"Heal","damage_taken":0,"max_hp_gain":0,"max_hp_loss":0,"event_name":"The Library","floor":25,"gold_loss":0},{"damage_healed":0,"gold_gain":0,"player_choice":"Embrace Madness","damage_taken":9,"max_hp_gain":0,"max_hp_loss":0,"event_name":"Winding Halls","floor":37,"gold_loss":0,"cards_obtained":["Madness","Madness"]},{"damage_healed":0,"gold_gain":0,"cards_transformed":["Flechettes"],"player_choice":"Transformed","damage_taken":0,"max_hp_gain":0,"max_hp_loss":0,"event_name":"Transmorgrifier","floor":39,"gold_loss":0,"cards_obtained":["All Out Attack"]},{"damage_healed":0,"gold_gain":0,"player_choice":"Fight","damage_taken":0,"max_hp_gain":0,"max_hp_loss":0,"event_name":"Mysterious Sphere","floor":47,"gold_loss":0}],"is_beta":false,"boss_relics":[{"not_picked":["Lizard Tail","Sozu"],"picked":"Pandora\u0027s Box"},{"not_picked":["Cursed Key","Runic Dome"],"picked":"Snecko Eye"}],"items_purged_floors":[22],"is_endless":false,"potions_floor_spawned":[3,4,6,11,14,16,18,24,27,31,38,41,46],"ascension_level":0}