{"gold_per_floor":[114,129,144,159,74,104,104,134,134,135,135,150,30,45,45,145,145,160,175,190,190,205,235,250,250,250,250,265,295,145,175,175,275,275,290,315,330,330,345,375,375,405,405,435,18,48,63,78,78,78],"floor_reached":51,"playtime":5291,"items_purged":[],"score":1064,"play_id":"622c9e7d-1015-46c0-9e08-f952534a7c0b","local_time":"20190520032119","daily_mods":["Shiny","Green Cards","Elite Swarm"],"is_ascension_mode":false,"campfire_choices":[{"floor":7,"key":"REST"},{"data":"Adrenaline","floor":15,"key":"SMITH"},{"floor":32,"key":"REST"},{"floor":41,"key":"REST"},{"floor":49,"key":"REST"}],"neow_cost":"","seed_source_timestamp":0,"circlet_count":0,"master_deck":["Venomology","Corpse Explosion","Malaise","Phantasmal Killer","Die Die Die","Adrenaline+1","Envenom","Doppelganger","Burst","Wraith Form v2","Tools of the Trade","Night Terror+1","Unload","After Image","Bullet Time","Storm of Steel","Glass Knife","A Thousand Cuts","Grand Finale","Multi-Cast","Hyperbeam","Thunder Strike","Biased Cognition","Machine Learning","Electrodynamics","Buffer","Rainbow","Seek","Meteor Strike","Echo Form","All For One","Reboot","Amplify","Creative AI","Fission","Core Surge","BootSequence","Dagger Throw","Skim","Conserve Battery","Madness","Phantasmal Killer","Die Die Die","Beam Cell","Reinforced Body","Redo","Gash","Auto Shields","Grand Finale","Steam Power+1","All Out Attack+1","Doom and Gloom+1","Hologram","Adrenaline","Deadly Poison+1","Normality","Parasite","Adrenaline+1","Skim+1","Hyperbeam+1","Tools of the Trade","Buffer","Dagger Spray+1","Decay","Acrobatics+1","Dagger Throw+1","Grand Finale+1","Buffer","Clumsy","Meteor Strike+1","Flechettes+1","Consume","Coolheaded","A Thousand Cuts","Parasite","Turbo+1","Aggregate","Fusion+1","Sunder+1"],"special_seed":18036,"relics":["Cracked Core","Mango","Lantern","Blue Candle","Odd Mushroom","Tiny Chest","Cursed Key","Bag of Marbles","Dodecahedron","Molten Egg 2","Anchor","PreservedInsect","Cables","Nuclear Battery","Orichalcum","Prayer Wheel","War Paint","Regal Pillow","Ornamental Fan","Shuriken","Kunai"],"potions_floor_usage":[16,16,16,22,22,23,33,33,47,50],"damage_taken":[{"damage":6,"enemies":"Cultist","floor":1,"turns":3},{"damage":0,"enemies":"Small Slimes","floor":2,"turns":3},{"damage":0,"enemies":"Jaw Worm","floor":3,"turns":2},{"damage":8,"enemies":"Red Slaver","floor":4,"turns":3},{"damage":6,"enemies":"Gremlin Nob","floor":6,"turns":3},{"damage":12,"enemies":"3 Sentries","floor":8,"turns":3},{"damage":0,"enemies":"The Mushroom Lair","floor":10,"turns":2},{"damage":2,"enemies":"Blue Slaver","floor":12,"turns":2},{"damage":0,"enemies":"Exordium Thugs","floor":14,"turns":3},{"damage":0,"enemies":"Slime Boss","floor":16,"turns":5},{"damage":0,"enemies":"Spheric Guardian","floor":18,"turns":3},{"damage":5,"enemies":"Shell Parasite","floor":19,"turns":9},{"damage":16,"enemies":"Snecko","floor":20,"turns":4},{"damage":4,"enemies":"Snake Plant","floor":22,"turns":5},{"damage":27,"enemies":"Slavers","floor":23,"turns":4},{"damage":3,"enemies":"Cultist and Chosen","floor":24,"turns":6},{"damage":6,"enemies":"Shelled Parasite and Fungi","floor":28,"turns":3},{"damage":0,"enemies":"Gremlin Leader","floor":29,"turns":4},{"damage":8,"enemies":"Slavers","floor":31,"turns":2},{"damage":7,"enemies":"Collector","floor":33,"turns":9},{"damage":31,"enemies":"3 Darklings","floor":35,"turns":4},{"damage":5,"enemies":"3 Shapes","floor":37,"turns":2},{"damage":6,"enemies":"Sphere and 2 Shapes","floor":39,"turns":3},{"damage":0,"enemies":"Reptomancer","floor":40,"turns":3},{"damage":4,"enemies":"Giant Head","floor":42,"turns":8},{"damage":46,"enemies":"Reptomancer","floor":44,"turns":5},{"damage":25,"enemies":"Nemesis","floor":46,"turns":5},{"damage":0,"enemies":"Writhing Mass","floor":47,"turns":6},{"damage":1,"enemies":"Maw","floor":48,"turns":9},{"damage":36,"enemies":"Time Eater","floor":50,"turns":10}],"seed_played":"1966369025298368100","potions_obtained":[{"floor":1,"key":"Ancient Potion"},{"floor":6,"key":"Energy Potion"},{"floor":10,"key":"FocusPotion"},{"floor":22,"key":"Fruit Juice"},{"floor":23,"key":"Poison Potion"},{"floor":24,"key":"PowerPotion"},{"floor":39,"key":"Dexterity Potion"},{"floor":40,"key":"SteroidPotion"},{"floor":42,"key":"EssenceOfSteel"}],"is_trial":false,"path_per_floor":["M","M","M","M","$","E","R","E","T","?","?","M","$","M","R","B",null,"M","M","M","$","M","E","M","T","T","?","M","E","$","E","R","B",null,"M","T","M","$","M","E","R","E","T","E","$","E","M","M","R","B",null],"character_chosen":"DEFECT","items_purchased":["Madness","Tiny Chest","PreservedInsect","Shuriken","Flechettes+1","Consume","Coolheaded"],"campfire_rested":4,"item_purchase_floors":[5,13,30,45,45,45,45],"current_hp_per_floor":[69,69,69,61,61,69,89,77,77,77,77,75,75,75,75,75,89,89,84,68,68,69,42,39,39,39,39,33,33,33,25,53,46,94,63,63,58,58,52,52,80,76,76,30,30,5,5,4,47,11],"gold":78,"neow_bonus":"","is_prod":false,"is_daily":true,"chose_seed":false,"campfire_upgraded":1,"win_rate":0,"timestamp":1558318879,"path_taken":["M","M","M","?","$","E","R","E","T","?","?","M","$","M","R","BOSS","M","M","M","$","M","E","M","?","T","?","M","E","$","E","R","BOSS","M","?","M","$","M","E","R","E","T","E","$","E","?","M","R","BOSS"],"build_version":"2019-01-23","purchased_purges":0,"victory":true,"max_hp_per_floor":[75,75,75,75,75,89,89,89,89,89,89,89,89,89,89,89,89,89,89,89,89,94,94,94,94,94,94,94,94,94,94,94,94,94,94,94,94,94,94,94,94,94,94,94,94,94,94,94,94,94],"card_choices":[{"not_picked":["Riddle With Holes","Finisher"],"picked":"BootSequence","floor":1},{"not_picked":["Blade Dance","Endless Agony"],"picked":"Dagger Throw","floor":2},{"not_picked":["BootSequence","Hello World"],"picked":"Skim","floor":3},{"not_picked":["Melter","Riddle With Holes"],"picked":"Conserve Battery","floor":4},{"not_picked":["Grand Finale","Fission"],"picked":"Phantasmal Killer","floor":6},{"not_picked":["Wraith Form v2","Machine Learning"],"picked":"Die Die Die","floor":8},{"not_picked":["Prepared","Dagger Throw"],"picked":"Beam Cell","floor":10},{"not_picked":["Tools of the Trade","BootSequence"],"picked":"Gash","floor":12},{"not_picked":["Beam Cell","Genetic Algorithm"],"picked":"Auto Shields","floor":14},{"not_picked":["Fission","Multi-Cast"],"picked":"Grand Finale","floor":16},{"not_picked":["Bane","Beam Cell"],"picked":"Steam Power+1","floor":18},{"not_picked":["Melter+1","Streamline+1"],"picked":"All Out Attack+1","floor":19},{"not_picked":["Beam Cell","Sucker Punch"],"picked":"Doom and Gloom+1","floor":20},{"not_picked":["Flechettes+1","Outmaneuver"],"picked":"Hologram","floor":22},{"not_picked":["Wraith Form v2","Meteor Strike"],"picked":"Adrenaline","floor":23},{"not_picked":["Leap+1","Terror"],"picked":"Deadly Poison+1","floor":24},{"not_picked":["Sucker Punch+1","Outmaneuver"],"picked":"Skim","floor":28},{"not_picked":["Night Terror","Doppelganger"],"picked":"Hyperbeam+1","floor":29},{"not_picked":["Thunder Strike+1","Night Terror"],"picked":"Tools of the Trade","floor":31},{"not_picked":["Echo Form","Wraith Form v2"],"picked":"Buffer","floor":33},{"not_picked":["Deflect+1","Expertise+1"],"picked":"Dagger Spray+1","floor":35},{"not_picked":["Heel Hook+1","Backflip"],"picked":"Acrobatics+1","floor":37},{"not_picked":["Leap+1","Barrage+1"],"picked":"Dagger Throw+1","floor":39},{"not_picked":["Phantasmal Killer","Buffer"],"picked":"Grand Finale+1","floor":40},{"not_picked":["Storm of Steel","Rainbow"],"picked":"Buffer","floor":42},{"not_picked":["Reboot","Creative AI"],"picked":"Meteor Strike+1","floor":44},{"not_picked":["Multi-Cast","Burst"],"picked":"A Thousand Cuts","floor":46},{"not_picked":["Outmaneuver","Underhanded Strike+1"],"picked":"Turbo+1","floor":47},{"not_picked":["Beam Cell+1","Coolheaded"],"picked":"Aggregate","floor":47},{"not_picked":["Bouncing Flask","Stack+1"],"picked":"Fusion+1","floor":48},{"not_picked":["Leap+1","Turbo+1"],"picked":"Sunder+1","floor":48}],"player_experience":236804,"relics_obtained":[{"floor":6,"key":"Mango"},{"floor":8,"key":"Lantern"},{"floor":9,"key":"Blue Candle"},{"floor":10,"key":"Odd Mushroom"},{"floor":23,"key":"Bag of Marbles"},{"floor":25,"key":"Dodecahedron"},{"floor":26,"key":"Molten Egg 2"},{"floor":29,"key":"Anchor"},{"floor":31,"key":"Cables"},{"floor":36,"key":"Orichalcum"},{"floor":40,"key":"Prayer Wheel"},{"floor":42,"key":"War Paint"},{"floor":43,"key":"Regal Pillow"},{"floor":44,"key":"Ornamental Fan"},{"floor":46,"key":"Kunai"}],"event_choices":[{"damage_healed":0,"gold_gain":0,"player_choice":"Fought Mushrooms","damage_taken":0,"max_hp_gain":0,"max_hp_loss":0,"event_name":"Mushrooms","floor":10,"gold_loss":0},{"damage_healed":0,"gold_gain":0,"player_choice":"2 cards matched","damage_taken":0,"max_hp_gain":0,"max_hp_loss":0,"event_name":"Match and Keep!","floor":11,"gold_loss":0,"cards_obtained":["Reinforced Body","Redo"]},{"damage_healed":0,"gold_gain":0,"player_choice":"Copied","damage_taken":0,"max_hp_gain":0,"max_hp_loss":0,"event_name":"Duplicator","floor":27,"gold_loss":0,"cards_obtained":["Adrenaline"]}],"is_beta":false,"boss_relics":[{"not_picked":["Philosopher\u0027s Stone","White Beast Statue"],"picked":"Cursed Key"},{"not_picked":["Tiny House","Fusion Hammer"],"picked":"Nuclear Battery"}],"items_purged_floors":[],"is_endless":false,"potions_floor_spawned":[1,6,10,14,20,22,23,24,28,39,40,42],"ascension_level":0}