{"gold_per_floor":[112,112,127,146,157,157,183,193,218,238,264,264,264,292,292,389,389,403,419,146,46,46,77,77,77,77,112,129,155,168,203,203,203],"floor_reached":33,"playtime":2998,"items_purged":["Strike_G","Strike_G"],"score":606,"play_id":"18fedb31-b22f-446b-8ae0-3e1da1d1a2d1","local_time":"20190101100939","is_ascension_mode":true,"campfire_choices":[{"data":"Dash","floor":6.0,"key":"SMITH"},{"data":"Neutralize","floor":12.0,"key":"SMITH"},{"data":"Glass Knife","floor":15.0,"key":"SMITH"},{"floor":32,"key":"REST"}],"neow_cost":"NONE","seed_source_timestamp":0,"circlet_count":0,"master_deck":["Defend_G+1","Defend_G","Defend_G","Defend_G","Defend_G","Strike_G","Strike_G","Strike_G+1","Survivor","Neutralize+1","Dash+1","Dagger Throw","Blur","Noxious Fumes","Escape Plan","Sucker Punch","All Out Attack","Poisoned Stab","Glass Knife+1","A Thousand Cuts+1","Dagger Spray+1","Distraction+1","Decay","Backflip","Necronomicurse","Writhe","Noxious Fumes+1","Cloak And Dagger"],"special_seed":0,"relics":["Ring of the Snake","PreservedInsect","Frozen Egg 2","Oddly Smooth Stone","Odd Mushroom","Boot","Gremlin Horn","Juzu Bracelet","Black Star","Sling","Gambling Chip","Regal Pillow","Necronomicon","Ginger","Bronze Scales","Singing Bowl","Bag of Preparation","Centennial Puzzle","Dodecahedron","Orichalcum","Omamori"],"potions_floor_usage":[29,33,33],"damage_taken":[{"damage":0.0,"enemies":"Small Slimes","floor":1.0,"turns":4.0},{"damage":0.0,"enemies":"2 Louse","floor":3.0,"turns":2.0},{"damage":0.0,"enemies":"Jaw Worm","floor":4.0,"turns":3.0},{"damage":6.0,"enemies":"Lots of Slimes","floor":5.0,"turns":7.0},{"damage":11.0,"enemies":"Gremlin Nob","floor":7.0,"turns":4.0},{"damage":0.0,"enemies":"Looter","floor":8.0,"turns":3.0},{"damage":9.0,"enemies":"The Mushroom Lair","floor":10.0,"turns":4.0},{"damage":1.0,"enemies":"3 Sentries","floor":11.0,"turns":5.0},{"damage":0.0,"enemies":"Gremlin Nob","floor":14.0,"turns":4.0},{"damage":7.0,"enemies":"Hexaghost","floor":16.0,"turns":10.0},{"damage":0.0,"enemies":"3 Byrds","floor":18.0,"turns":5.0},{"damage":0,"enemies":"Spheric Guardian","floor":19,"turns":3},{"damage":3,"enemies":"Slavers","floor":23,"turns":5},{"damage":0,"enemies":"Gremlin Leader","floor":27,"turns":4},{"damage":8,"enemies":"Cultist and Chosen","floor":28,"turns":5},{"damage":12,"enemies":"Book of Stabbing","floor":29,"turns":4},{"damage":20,"enemies":"Sentry and Sphere","floor":30,"turns":4},{"damage":0,"enemies":"Slavers","floor":31,"turns":3},{"damage":47,"enemies":"Champ","floor":33,"turns":10}],"seed_played":"-1804689516249395978","potions_obtained":[{"floor":5.0,"key":"SpeedPotion"},{"floor":7.0,"key":"SteroidPotion"},{"floor":8.0,"key":"SkillPotion"},{"floor":10.0,"key":"Fruit Juice"},{"floor":11.0,"key":"Block Potion"},{"floor":19,"key":"Dexterity Potion"},{"floor":30,"key":"SmokeBomb"}],"is_trial":false,"path_per_floor":["M","?","M","M","M","R","E","M","T","?","E","E","R","T","E","R","B",null,"M","M","M","$","$","?","E","?","?","T","E","M","E","M","E","R","B"],"character_chosen":"THE_SILENT","items_purchased":["Sling"],"campfire_rested":1,"item_purchase_floors":[20],"current_hp_per_floor":[63,49,49,49,43,43,32,32,32,28,27,27,27,27,27,20,61,61,61,61,61,61,58,42,42,42,44,38,26,6,8,47,0],"gold":203,"neow_bonus":"RANDOM_COMMON_RELIC","is_prod":false,"is_daily":false,"chose_seed":false,"campfire_upgraded":3,"win_rate":0,"timestamp":1546366179,"path_taken":["M","?","M","M","M","R","E","M","T","?","E","R","?","E","R","BOSS","M","M","?","$","?","E","?","?","T","E","M","E","M","E","R","BOSS"],"build_version":"2018-12-20","purchased_purges":2,"victory":false,"max_hp_per_floor":[70,70,70,70,70,70,70,70,70,75,75,75,75,75,75,75,75,75,75,75,75,75,75,75,75,75,77,79,79,79,81,81,81],"card_choices":[{"not_picked":["Bane","Slice"],"picked":"Dash","floor":1.0},{"not_picked":["Eviscerate","Outmaneuver"],"picked":"Dagger Throw","floor":3.0},{"not_picked":["Outmaneuver","Quick Slash"],"picked":"Blur","floor":4.0},{"not_picked":["Bane","Outmaneuver"],"picked":"Noxious Fumes","floor":5.0},{"not_picked":["Calculated Gamble","Crippling Poison"],"picked":"Escape Plan","floor":7.0},{"not_picked":["Storm of Steel","Dagger Throw"],"picked":"Sucker Punch","floor":8.0},{"not_picked":["Distraction","Bane"],"picked":"All Out Attack","floor":10.0},{"not_picked":["Outmaneuver","Masterful Stab"],"picked":"Poisoned Stab","floor":11.0},{"not_picked":["Leg Sweep","Calculated Gamble"],"picked":"Glass Knife","floor":14.0},{"not_picked":["Wraith Form v2+1","Tools of the Trade+1"],"picked":"A Thousand Cuts+1","floor":16.0},{"not_picked":["Finisher","Distraction"],"picked":"Dagger Spray+1","floor":18},{"not_picked":["Acrobatics","Slice"],"picked":"Distraction+1","floor":19},{"not_picked":["Bane","Dagger Throw"],"picked":"Backflip","floor":23},{"not_picked":["Dagger Throw","Corpse Explosion","PiercingWail+1"],"picked":"Singing Bowl","floor":27},{"not_picked":["Dagger Spray","Setup","Quick Slash"],"picked":"Singing Bowl","floor":28},{"not_picked":["Corpse Explosion","Deflect"],"picked":"Noxious Fumes+1","floor":29},{"not_picked":["Flying Knee","Infinite Blades+1"],"picked":"Cloak And Dagger","floor":30},{"not_picked":["All Out Attack","Deadly Poison","Slice+1"],"picked":"Singing Bowl","floor":31}],"player_experience":206020,"relics_obtained":[{"floor":7.0,"key":"Frozen Egg 2"},{"floor":9.0,"key":"Oddly Smooth Stone"},{"floor":10.0,"key":"Odd Mushroom"},{"floor":11.0,"key":"Boot"},{"floor":13.0,"key":"Gremlin Horn"},{"floor":14.0,"key":"Juzu Bracelet"},{"floor":23,"key":"Gambling Chip"},{"floor":23,"key":"Regal Pillow"},{"floor":24,"key":"Necronomicon"},{"floor":26,"key":"Bronze Scales"},{"floor":27,"key":"Singing Bowl"},{"floor":27,"key":"Bag of Preparation"},{"floor":29,"key":"Centennial Puzzle"},{"floor":29,"key":"Dodecahedron"},{"floor":31,"key":"Orichalcum"},{"floor":31,"key":"Omamori"}],"event_choices":[{"damage_healed":0.0,"max_hp_gain":0.0,"max_hp_loss":0.0,"gold_gain":0.0,"event_name":"Shining Light","player_choice":"Entered Light","floor":2.0,"gold_loss":0.0,"damage_taken":14.0,"cards_upgraded":["Defend_G","Strike_G"]},{"damage_healed":0.0,"max_hp_gain":0.0,"max_hp_loss":0.0,"gold_gain":0.0,"event_name":"Mushrooms","player_choice":"Fought Mushrooms","floor":10.0,"gold_loss":0.0,"damage_taken":0.0},{"damage_healed":0,"gold_gain":0,"player_choice":"Cursed","damage_taken":0,"max_hp_gain":0,"max_hp_loss":0,"event_name":"Wheel of Change","floor":22,"gold_loss":0,"cards_obtained":["Decay"]},{"damage_healed":0,"gold_gain":0,"player_choice":"Obtained Book","damage_taken":16,"max_hp_gain":0,"max_hp_loss":0,"event_name":"Cursed Tome","floor":24,"gold_loss":0},{"damage_healed":0,"gold_gain":0,"player_choice":"Opened","damage_taken":0,"relics_obtained":["Ginger"],"max_hp_gain":0,"max_hp_loss":0,"event_name":"The Mausoleum","floor":25,"gold_loss":0,"cards_obtained":["Writhe"]}],"is_beta":false,"boss_relics":[{"not_picked":["Fusion Hammer","Runic Pyramid"],"picked":"Black Star"}],"items_purged_floors":[20,21],"is_endless":false,"potions_floor_spawned":[5,7,8,10,11,19,27,28,30],"killed_by":"Champ","ascension_level":9}