{"gold_per_floor":[125,153,165,197,209,254,266,298,310,355,367,379,369,381,393,499,511,547,559,571,604,9,9,47,60,139,157,157,157,157,216,216,289,289,304,315,315,315,327,327,341,414,414,424,441,456,473,484,484,484],"floor_reached":51,"playtime":4530,"items_purged":["Strike_G"],"score":1245,"play_id":"533a8012-25d4-43c5-9758-7ccb4fe439ec","local_time":"20190708171852","is_ascension_mode":true,"campfire_choices":[{"floor":7.0,"key":"REST"},{"floor":11.0,"key":"REST"},{"data":"Dagger Spray","floor":15.0,"key":"SMITH"},{"data":"Sucker Punch","floor":23.0,"key":"SMITH"},{"data":"Survivor","floor":28.0,"key":"SMITH"},{"floor":30.0,"key":"REST"},{"data":"Defend_G","floor":32.0,"key":"SMITH"},{"data":"Footwork","floor":40.0,"key":"SMITH"},{"data":"Defend_G","floor":49,"key":"SMITH"}],"neow_cost":"NONE","seed_source_timestamp":613465492270842,"circlet_count":0,"master_deck":["AscendersBane","Strike_G","Strike_G","Strike_G","Defend_G","Defend_G","Defend_G","Defend_G+1","Defend_G+1","Survivor+1","Dagger Spray+1","Backstab","Sucker Punch+1","Backstab","Backflip+1","Dodge and Roll+1","Venomology+1","Deflect+1","RitualDagger","Distraction+1","Calculated Gamble+1","Dodge and Roll+1","Concentrate+1","Cloak And Dagger+1","Corpse Explosion+1","Bullet Time+1","Backflip+1","Footwork+1","Bandage Up+1","Night Terror+1","Blur+1","Prepared+1","Sucker Punch+1","Flechettes+1","Noxious Fumes+1"],"special_seed":0,"relics":["Ring of the Snake","MawBank","Bloody Idol","Toxic Egg 2","Dodecahedron","Sundial","Runic Pyramid","MutagenicStrength","Matryoshka","ClockworkSouvenir","Darkstone Periapt","Juzu Bracelet","Molten Egg 2","Tiny Chest","Coffee Dripper","Happy Flower","Meat on the Bone","Centennial Puzzle"],"potions_floor_usage":[44,45,46,47,48,50,50],"damage_taken":[{"damage":0.0,"enemies":"2 Louse","floor":1.0,"turns":4.0},{"damage":10.0,"enemies":"Small Slimes","floor":2.0,"turns":4.0},{"damage":0.0,"enemies":"Cultist","floor":4.0,"turns":3.0},{"damage":33.0,"enemies":"Lagavulin","floor":6.0,"turns":8.0},{"damage":4.0,"enemies":"Large Slime","floor":8.0,"turns":6.0},{"damage":30.0,"enemies":"Gremlin Nob","floor":10.0,"turns":6.0},{"damage":15.0,"enemies":"Slime Boss","floor":16.0,"turns":10.0},{"damage":8.0,"enemies":"Shell Parasite","floor":18.0,"turns":8.0},{"damage":4.0,"enemies":"3 Byrds","floor":21.0,"turns":4.0},{"damage":0.0,"enemies":"Book of Stabbing","floor":24.0,"turns":7.0},{"damage":0.0,"enemies":"Shelled Parasite and Fungi","floor":25.0,"turns":5.0},{"damage":6.0,"enemies":"Snecko","floor":27.0,"turns":7.0},{"damage":7.0,"enemies":"Gremlin Leader","floor":31.0,"turns":8.0},{"damage":0.0,"enemies":"Collector","floor":33.0,"turns":10.0},{"damage":0.0,"enemies":"Orb Walker","floor":35.0,"turns":5.0},{"damage":0.0,"enemies":"3 Darklings","floor":36.0,"turns":3.0},{"damage":2.0,"enemies":"Jaw Worm Horde","floor":39.0,"turns":4.0},{"damage":21.0,"enemies":"Transient","floor":41.0,"turns":5.0},{"damage":7,"enemies":"3 Darklings","floor":44,"turns":2},{"damage":0,"enemies":"Jaw Worm Horde","floor":45,"turns":3},{"damage":0,"enemies":"4 Shapes","floor":46,"turns":3},{"damage":0,"enemies":"Maw","floor":47,"turns":7},{"damage":0,"enemies":"Jaw Worm Horde","floor":48,"turns":2},{"damage":29,"enemies":"Time Eater","floor":50,"turns":9}],"seed_played":"5600547553529305695","potions_obtained":[{"floor":2.0,"key":"SpeedPotion"},{"floor":4.0,"key":"LiquidBronze"},{"floor":10.0,"key":"Strength Potion"},{"floor":18.0,"key":"Poison Potion"},{"floor":25.0,"key":"GamblersBrew"},{"floor":33.0,"key":"FearPotion"},{"floor":44,"key":"SkillPotion"},{"floor":45,"key":"Strength Potion"},{"floor":46,"key":"Strength Potion"}],"is_trial":false,"path_per_floor":["M","M","?","M","?","E","R","M","T","E","R","?","?","?","R","B",null,"M","?","?","M","$","R","E","M","T","M","R","?","R","E","R","B",null,"M","M","?","?","M","R","M","T","T","M","M","M","M","M","R","B",null],"character_chosen":"THE_SILENT","items_purchased":["Matryoshka","ClockworkSouvenir","Calculated Gamble+1"],"campfire_rested":3,"item_purchase_floors":[22,22,22],"current_hp_per_floor":[63,53,53,53,53,20,39,35,35,5,24,24,24,24,24,9,51,43,43,37,33,33,33,33,33,33,27,27,27,46,49,49,54,62,65,65,65,65,65,65,49,54,54,52,63,65,65,65,65,42],"gold":484,"neow_bonus":"RANDOM_COMMON_RELIC","is_prod":false,"is_daily":false,"chose_seed":false,"campfire_upgraded":6,"win_rate":0,"timestamp":1562631532,"path_taken":["M","M","?","M","?","E","R","?","T","E","R","?","?","?","R","BOSS","M","?","?","M","$","R","E","M","T","M","R","?","R","E","R","BOSS","M","M","?","?","M","R","M","?","T","M","M","M","M","M","R","BOSS"],"build_version":"2019-07-05","purchased_purges":1,"victory":true,"max_hp_per_floor":[70,70,65,65,65,65,65,65,65,65,65,65,65,65,65,65,65,65,65,65,65,65,65,65,65,65,65,65,65,65,65,65,65,65,65,65,65,65,65,65,65,65,65,65,65,65,65,65,65,65],"card_choices":[{"not_picked":["Calculated Gamble","Flechettes"],"picked":"Dagger Spray","floor":1.0},{"not_picked":["Masterful Stab","Acrobatics"],"picked":"Backstab","floor":2.0},{"not_picked":["Bane","Accuracy"],"picked":"Sucker Punch","floor":4.0},{"not_picked":["A Thousand Cuts","Eviscerate"],"picked":"Backstab","floor":6.0},{"not_picked":["Deflect+1","Flying Knee"],"picked":"Backflip+1","floor":8.0},{"not_picked":["Underhanded Strike","Distraction+1"],"picked":"Dodge and Roll+1","floor":10.0},{"not_picked":["Unload","Wraith Form v2"],"picked":"Venomology+1","floor":16.0},{"not_picked":["Acrobatics+1","Dash"],"picked":"Deflect+1","floor":18.0},{"not_picked":["Well Laid Plans","Deadly Poison+1"],"picked":"Distraction+1","floor":21.0},{"not_picked":["Backflip+1","Poisoned Stab"],"picked":"Dodge and Roll+1","floor":24.0},{"not_picked":["Reflex+1","Deadly Poison+1"],"picked":"Concentrate+1","floor":25.0},{"not_picked":["Poisoned Stab+1","PiercingWail+1"],"picked":"Cloak And Dagger+1","floor":27.0},{"not_picked":["Dagger Throw+1","Heel Hook+1"],"picked":"Corpse Explosion+1","floor":31.0},{"not_picked":["Phantasmal Killer+1","Unload+1"],"picked":"Bullet Time+1","floor":33.0},{"not_picked":["All Out Attack+1","Dagger Spray+1"],"picked":"Backflip+1","floor":35.0},{"not_picked":["Dagger Spray+1","Infinite Blades"],"picked":"Footwork","floor":36.0},{"not_picked":["Enlightenment+1","Trip+1"],"picked":"Bandage Up+1","floor":38.0},{"not_picked":["Poisoned Stab+1","Flying Knee+1"],"picked":"Night Terror+1","floor":39.0},{"not_picked":["Flying Knee+1","Calculated Gamble+1"],"picked":"Blur+1","floor":41.0},{"not_picked":["Dagger Spray+1","Slice+1"],"picked":"Prepared+1","floor":44},{"not_picked":["Outmaneuver+1","Caltrops+1"],"picked":"Sucker Punch+1","floor":45},{"not_picked":["Crippling Poison+1","Outmaneuver+1","Eviscerate+1"],"picked":"SKIP","floor":46},{"not_picked":["Escape Plan+1","Outmaneuver+1"],"picked":"Flechettes+1","floor":47},{"not_picked":["Slice+1","Concentrate+1"],"picked":"Noxious Fumes+1","floor":48}],"player_experience":301660,"relics_obtained":[{"floor":6.0,"key":"Toxic Egg 2"},{"floor":9.0,"key":"Dodecahedron"},{"floor":10.0,"key":"Sundial"},{"floor":24.0,"key":"Darkstone Periapt"},{"floor":26.0,"key":"Juzu Bracelet"},{"floor":26.0,"key":"Molten Egg 2"},{"floor":31.0,"key":"Tiny Chest"},{"floor":42.0,"key":"Happy Flower"},{"floor":42.0,"key":"Meat on the Bone"},{"floor":43.0,"key":"Centennial Puzzle"}],"event_choices":[{"damage_healed":0.0,"max_hp_gain":0.0,"max_hp_loss":5.0,"gold_gain":0.0,"event_name":"Golden Idol","player_choice":"Lose Max HP","floor":3.0,"gold_loss":0.0,"damage_taken":0.0,"relics_obtained":["Golden Idol"]},{"cards_removed":["Strike_G"],"damage_healed":0.0,"max_hp_gain":0.0,"max_hp_loss":0.0,"gold_gain":0.0,"event_name":"Purifier","player_choice":"Purged","floor":5.0,"gold_loss":0.0,"damage_taken":0.0},{"damage_healed":0.0,"max_hp_gain":0.0,"max_hp_loss":0.0,"gold_gain":0.0,"event_name":"Living Wall","player_choice":"Grow","floor":12.0,"gold_loss":0.0,"damage_taken":0.0,"cards_upgraded":["Neutralize"]},{"damage_healed":0.0,"max_hp_gain":0.0,"max_hp_loss":0.0,"gold_gain":0.0,"event_name":"World of Goop","player_choice":"Left Gold","floor":13.0,"gold_loss":22.0,"damage_taken":0.0},{"damage_healed":0.0,"max_hp_gain":0.0,"max_hp_loss":0.0,"gold_gain":0.0,"event_name":"Liars Game","player_choice":"Ignored","floor":14.0,"gold_loss":0.0,"damage_taken":0.0},{"damage_healed":0.0,"max_hp_gain":0.0,"max_hp_loss":0.0,"gold_gain":0.0,"event_name":"Drug Dealer","player_choice":"Inject Mutagens","floor":19.0,"gold_loss":0.0,"damage_taken":0.0,"relics_obtained":["MutagenicStrength"]},{"damage_healed":0.0,"max_hp_gain":0.0,"max_hp_loss":0.0,"gold_gain":0.0,"event_name":"Nest","player_choice":"Joined the Cult","floor":20.0,"gold_loss":0.0,"damage_taken":6.0,"cards_obtained":["RitualDagger"]},{"damage_healed":0.0,"max_hp_gain":0.0,"max_hp_loss":0.0,"gold_gain":0.0,"event_name":"Forgotten Altar","player_choice":"Gave Idol","floor":29.0,"relics_lost":["Golden Idol"],"gold_loss":0.0,"damage_taken":0.0,"relics_obtained":["Bloody Idol"]},{"cards_removed":["Neutralize"],"damage_healed":0.0,"max_hp_gain":0.0,"max_hp_loss":0.0,"gold_gain":0.0,"event_name":"Falling","player_choice":"Removed Attack","floor":37.0,"gold_loss":0.0,"damage_taken":0.0},{"damage_healed":0.0,"max_hp_gain":0.0,"max_hp_loss":0.0,"gold_gain":0.0,"event_name":"SensoryStone","player_choice":"Memory 1","floor":38.0,"gold_loss":0.0,"damage_taken":0.0}],"is_beta":false,"boss_relics":[{"not_picked":["Runic Dome","Eternal Feather"],"picked":"Runic Pyramid"},{"not_picked":["Tiny House","Calling Bell"],"picked":"Coffee Dripper"}],"items_purged_floors":[22],"is_endless":false,"potions_floor_spawned":[2,4,10,18,25,31,33,39,44,45,46],"ascension_level":13}