{"gold_per_floor":[144,56,56,56,101,101,101,101,126,126,126,171,171,216,216,516,666,711,756,756,756,756,327,327,327,352,397,442,532,21,21,21,21],"floor_reached":33,"playtime":2010,"items_purged":[],"score":301,"play_id":"66fbe84e-6be4-4257-ad40-5420b237189f","local_time":"20190706200639","daily_mods":["Draft","Diverse","Midas"],"is_ascension_mode":false,"campfire_choices":[{"floor":6,"key":"REST"},{"floor":8,"key":"REST"},{"floor":15,"key":"REST"},{"floor":25,"key":"REST"},{"floor":32,"key":"REST"}],"neow_cost":"","seed_source_timestamp":0,"circlet_count":0,"master_deck":["Acrobatics","Dagger Spray","Dual Wield+1","Finisher","Masterful Stab","Dagger Spray","Blade Dance","Quick Slash","Flex","Clothesline","Ball Lightning","Sweeping Beam","Caltrops","Hologram+1","Inflame","Sweeping Beam","Sunder","Quick Slash+1","Dagger Spray","Buffer","Go for the Eyes","Static Discharge","Flex+1","Master of Strategy","Static Discharge+1","Armaments+1","Reboot","Secret Weapon+1","Swift Strike+1"],"special_seed":18083,"relics":["Cracked Core","War Paint","Blue Candle","Tiny House","Art of War","Molten Egg 2","Vajra","Ornamental Fan","Toxic Egg 2","Omamori"],"potions_floor_usage":[29],"damage_taken":[{"damage":5,"enemies":"Jaw Worm","floor":1,"turns":2},{"damage":0,"enemies":"Small Slimes","floor":5,"turns":1},{"damage":5,"enemies":"2 Louse","floor":12,"turns":2},{"damage":0,"enemies":"2 Fungi Beasts","floor":14,"turns":2},{"damage":0,"enemies":"Slime Boss","floor":16,"turns":6},{"damage":17,"enemies":"2 Thieves","floor":18,"turns":4},{"damage":22,"enemies":"Shell Parasite","floor":19,"turns":3},{"damage":8,"enemies":"Snecko","floor":27,"turns":4},{"damage":18,"enemies":"Snake Plant","floor":28,"turns":3},{"damage":41,"enemies":"Book of Stabbing","floor":29,"turns":4},{"damage":37,"enemies":"Collector","floor":33,"turns":6}],"seed_played":"1011076517650017041","potions_obtained":[{"floor":1,"key":"Weak Potion"},{"floor":16,"key":"Strength Potion"},{"floor":17,"key":"Fire Potion"},{"floor":29,"key":"EntropicBrew"}],"is_trial":false,"path_per_floor":["M","$","?","?","M","R","?","R","T","T","$","M","?","M","R","B",null,"M","M","?","?","T","$","?","R","T","M","M","E","$","T","R","B"],"character_chosen":"DEFECT","items_purchased":["Inflame","Sweeping Beam","Molten Egg 2","Master of Strategy","Toxic Egg 2","Secret Weapon+1","Swift Strike+1"],"campfire_rested":5,"item_purchase_floors":[2,2,23,23,30,30,30],"current_hp_per_floor":[70,70,70,75,75,80,80,80,80,80,80,75,80,80,80,80,85,68,46,46,46,46,46,46,71,71,63,45,4,4,4,29,0],"gold":21,"neow_bonus":"","is_prod":false,"is_daily":true,"chose_seed":false,"campfire_upgraded":0,"win_rate":0.0,"timestamp":1562411199,"path_taken":["M","$","?","?","M","R","?","R","T","?","$","M","?","?","R","BOSS","M","M","?","?","?","?","?","R","T","M","M","E","$","?","R","BOSS"],"build_version":"2019-07-05","purchased_purges":0,"victory":false,"max_hp_per_floor":[75,75,75,80,80,80,80,80,80,80,80,80,80,80,80,80,85,85,85,85,85,85,85,85,85,85,85,85,85,85,85,85,85],"card_choices":[{"not_picked":["Heatsinks","Outmaneuver"],"picked":"Acrobatics","floor":0},{"not_picked":["Reckless Charge","Perfected Strike"],"picked":"Dagger Spray","floor":0},{"not_picked":["Intimidate","Reckless Charge"],"picked":"Dual Wield","floor":0},{"not_picked":["Compile Driver","Thunderclap"],"picked":"Finisher","floor":0},{"not_picked":["BootSequence","Eviscerate"],"picked":"Gash","floor":0},{"not_picked":["Warcry","Disarm"],"picked":"Masterful Stab","floor":0},{"not_picked":["Rampage","PiercingWail"],"picked":"Dagger Spray","floor":0},{"not_picked":["Body Slam","Rip and Tear"],"picked":"Blade Dance","floor":0},{"not_picked":["Cleave","Feel No Pain"],"picked":"Quick Slash","floor":0},{"not_picked":["Clothesline","Turbo"],"picked":"Steam","floor":0},{"not_picked":["Defragment","Anger"],"picked":"Flex","floor":0},{"not_picked":["Heavy Blade","Footwork"],"picked":"Clothesline","floor":0},{"not_picked":["Disarm","Prepared"],"picked":"Ball Lightning","floor":0},{"not_picked":["Cloak And Dagger","Ball Lightning"],"picked":"Sweeping Beam","floor":0},{"not_picked":["Prepared","Pummel"],"picked":"Caltrops","floor":0},{"not_picked":["Ghostly Armor","Havoc"],"picked":"Hologram","floor":1},{"not_picked":["Bane","Force Field"],"picked":"Sunder","floor":5},{"not_picked":["Aggregate","Flying Knee"],"picked":"Quick Slash","floor":12},{"not_picked":["Seeing Red","Leg Sweep"],"picked":"Dagger Spray","floor":14},{"not_picked":["Exhume","Malaise"],"picked":"Buffer","floor":16},{"not_picked":["Underhanded Strike","Perfected Strike"],"picked":"Go for the Eyes","floor":17},{"not_picked":["Rebound","Disarm"],"picked":"Static Discharge","floor":18},{"not_picked":["Blood for Blood","Streamline+1"],"picked":"Flex+1","floor":19},{"not_picked":["Feel No Pain","Go for the Eyes+1"],"picked":"Static Discharge+1","floor":27},{"not_picked":["Spot Weakness","Quick Slash+1"],"picked":"Armaments+1","floor":28},{"not_picked":["Dagger Throw+1","Beam Cell+1"],"picked":"Reboot","floor":29}],"player_experience":10319,"relics_obtained":[{"floor":9,"key":"War Paint"},{"floor":10,"key":"Blue Candle"},{"floor":22,"key":"Art of War"},{"floor":26,"key":"Vajra"},{"floor":29,"key":"Ornamental Fan"},{"floor":31,"key":"Omamori"}],"event_choices":[{"damage_healed":0,"gold_gain":0,"player_choice":"Ignored","damage_taken":0,"max_hp_gain":0,"max_hp_loss":0,"event_name":"Liars Game","floor":3,"gold_loss":0},{"damage_healed":0,"gold_gain":0,"player_choice":"Donut","damage_taken":0,"max_hp_gain":5,"max_hp_loss":0,"event_name":"Big Fish","floor":4,"gold_loss":0},{"damage_healed":0,"gold_gain":0,"player_choice":"Leave","damage_taken":0,"max_hp_gain":0,"max_hp_loss":0,"event_name":"The Cleric","floor":7,"gold_loss":0},{"cards_removed":["Gash"],"damage_healed":5,"gold_gain":0,"player_choice":"Offered Common","damage_taken":0,"max_hp_gain":0,"max_hp_loss":0,"event_name":"Bonfire Elementals","floor":13,"gold_loss":0},{"cards_removed":["Gash"],"damage_healed":5,"gold_gain":0,"player_choice":"Offered Special","damage_taken":0,"max_hp_gain":0,"max_hp_loss":0,"event_name":"Bonfire Elementals","floor":13,"gold_loss":0},{"damage_healed":0,"gold_gain":0,"player_choice":"Ignored","damage_taken":0,"max_hp_gain":0,"max_hp_loss":0,"event_name":"Vampires","floor":20,"gold_loss":0},{"cards_removed":["Steam"],"damage_healed":0,"gold_gain":0,"player_choice":"Elegance","damage_taken":0,"max_hp_gain":0,"max_hp_loss":0,"event_name":"Back to Basics","floor":21,"gold_loss":0},{"damage_healed":0,"gold_gain":0,"player_choice":"Ignored","damage_taken":0,"max_hp_gain":0,"max_hp_loss":0,"event_name":"Ghosts","floor":24,"gold_loss":0}],"is_beta":false,"boss_relics":[{"not_picked":["Astrolabe","Coffee Dripper"],"picked":"Tiny House"}],"items_purged_floors":[],"is_endless":false,"potions_floor_spawned":[1,16,27,29],"killed_by":"Collector","ascension_level":0}