{"gold_per_floor":[116,127,52,52,52,52,78,78,150,164,12,24,44,62,62,62],"floor_reached":16,"playtime":1465,"items_purged":["Strike_R"],"score":107,"play_id":"801abdad-c95c-464c-9350-a54768120db6","local_time":"20190623000702","is_ascension_mode":true,"campfire_choices":[{"data":"Thunderclap","floor":6,"key":"SMITH"},{"floor":8,"key":"REST"},{"floor":15,"key":"REST"}],"neow_cost":"TEN_PERCENT_HP_LOSS","seed_source_timestamp":70398901270000,"circlet_count":0,"master_deck":["Strike_R","Defend_R","Defend_R","Defend_R","Defend_R","Bash","Cleave","Pummel","Thunderclap+1","Decay","Limit Break","Dual Wield","Flex","Reaper"],"relics":["Burning Blood","Ancient Tea Set","Pantograph","Bag of Marbles"],"potions_floor_usage":[13,13,16],"damage_taken":[{"damage":0,"enemies":"2 Louse","floor":1,"turns":2},{"damage":4,"enemies":"Cultist","floor":2,"turns":4},{"damage":65,"enemies":"Gremlin Nob","floor":7,"turns":6},{"damage":12,"enemies":"Jaw Worm","floor":10,"turns":4},{"damage":13,"enemies":"Red Slaver","floor":12,"turns":3},{"damage":6,"enemies":"Large Slime","floor":13,"turns":2},{"damage":7,"enemies":"3 Louse","floor":14,"turns":3},{"damage":73,"enemies":"The Guardian","floor":16,"turns":11}],"seed_played":"-4233989692902348254","potions_obtained":[{"floor":10,"key":"SkillPotion"},{"floor":12,"key":"SteroidPotion"},{"floor":14,"key":"BloodPotion"}],"is_trial":false,"path_per_floor":["M","M","$","?","?","R","E","R","T","M","$","M","M","M","R","B"],"character_chosen":"IRONCLAD","items_purchased":["Bag of Marbles"],"campfire_rested":2,"item_purchase_floors":[11],"current_hp_per_floor":[72,72,72,72,72,72,13,34,34,28,28,21,21,20,41,0],"gold":62,"neow_bonus":"TRANSFORM_TWO_CARDS","is_prod":false,"is_daily":false,"chose_seed":false,"campfire_upgraded":1,"win_rate":0,"timestamp":1561273622,"path_taken":["M","M","$","?","?","R","E","R","T","?","?","M","M","M","R","BOSS"],"build_version":"2019-01-23","purchased_purges":1,"victory":false,"max_hp_per_floor":[72,72,72,72,72,72,72,72,72,72,72,72,72,72,72,72],"card_choices":[{"not_picked":["Clothesline","Twin Strike","Hemokinesis"],"picked":"SKIP","floor":1},{"not_picked":["Pommel Strike","Heavy Blade"],"picked":"Thunderclap","floor":2},{"not_picked":["Twin Strike","Seeing Red"],"picked":"Limit Break","floor":7},{"not_picked":["True Grit","Headbutt"],"picked":"Dual Wield","floor":10},{"not_picked":["Warcry","Perfected Strike","Sever Soul"],"picked":"SKIP","floor":12},{"not_picked":["Iron Wave","Clothesline"],"picked":"Flex","floor":13},{"not_picked":["Flex","Reckless Charge"],"picked":"Reaper","floor":14}],"player_experience":72160,"relics_obtained":[{"floor":7,"key":"Ancient Tea Set"},{"floor":9,"key":"Pantograph"}],"event_choices":[{"cards_removed":["Strike_R"],"damage_healed":0,"gold_gain":0,"player_choice":"Forget","damage_taken":0,"max_hp_gain":0,"max_hp_loss":0,"event_name":"Living Wall","floor":4,"gold_loss":0},{"damage_healed":0,"gold_gain":0,"player_choice":"Cursed","damage_taken":0,"max_hp_gain":0,"max_hp_loss":0,"event_name":"Wheel of Change","floor":5,"gold_loss":0,"cards_obtained":["Decay"]}],"is_beta":false,"boss_relics":[],"items_purged_floors":[3],"is_endless":false,"potions_floor_spawned":[10,12,14],"killed_by":"The Guardian","ascension_level":1}