{"gold_per_floor":[112,131,148,159,84,113,129,203,203,203,222,249,249,275,275,275],"floor_reached":16,"playtime":1054,"items_purged":["Strike_G"],"score":177,"play_id":"13431097-5f78-4f4c-a0e2-88e8907d1a80","local_time":"20190101215615","is_ascension_mode":true,"campfire_choices":[{"floor":15.0,"key":"REST"}],"neow_cost":"NONE","seed_source_timestamp":0,"circlet_count":0,"master_deck":["Defend_G","Defend_G","Defend_G","Defend_G","Defend_G","Strike_G","Strike_G","Strike_G","Strike_G","Survivor","Neutralize","Backstab","Cloak And Dagger","Dash","Sucker Punch","Leg Sweep","Backstab","Regret","Tools of the Trade"],"special_seed":0,"relics":["Ring of the Snake","Pen Nib","Smiling Mask","Ornamental Fan","Matryoshka","Blue Candle","Orichalcum","Toxic Egg 2"],"potions_floor_usage":[],"damage_taken":[{"damage":1.0,"enemies":"Cultist","floor":1.0,"turns":5.0},{"damage":2.0,"enemies":"Jaw Worm","floor":2.0,"turns":3.0},{"damage":0.0,"enemies":"2 Louse","floor":3.0,"turns":2.0},{"damage":1.0,"enemies":"Exordium Wildlife","floor":4.0,"turns":6.0},{"damage":23.0,"enemies":"Gremlin Nob","floor":6.0,"turns":6.0},{"damage":0.0,"enemies":"2 Fungi Beasts","floor":7.0,"turns":4.0},{"damage":0.0,"enemies":"Looter","floor":11.0,"turns":3.0},{"damage":5.0,"enemies":"3 Sentries","floor":12.0,"turns":10.0},{"damage":5.0,"enemies":"Gremlin Nob","floor":14.0,"turns":5.0},{"damage":0,"enemies":"Slime Boss","floor":16,"turns":1}],"seed_played":"934315702504649623","potions_obtained":[{"floor":1.0,"key":"PowerPotion"},{"floor":4.0,"key":"LiquidBronze"},{"floor":11.0,"key":"SpeedPotion"}],"is_trial":false,"path_per_floor":["M","M","M","M","$","E","M","?","T","?","M","E","?","E","R","B"],"character_chosen":"THE_SILENT","items_purchased":[],"campfire_rested":1,"item_purchase_floors":[],"current_hp_per_floor":[62,60,60,59,59,36,36,36,36,33,33,28,28,23,44,44],"gold":275,"neow_bonus":"RANDOM_COMMON_RELIC","is_prod":false,"is_daily":false,"chose_seed":false,"campfire_upgraded":0,"win_rate":0,"timestamp":1546408575,"path_taken":["M","M","M","?","?","E","M","?","T","?","M","E","?","E","R","BOSS"],"build_version":"2018-12-20","purchased_purges":1,"victory":false,"max_hp_per_floor":[70,70,70,70,70,70,70,70,70,70,70,70,70,70,70,70],"card_choices":[{"not_picked":["Endless Agony","Acrobatics"],"picked":"Backstab","floor":1.0},{"not_picked":["Outmaneuver","Prepared"],"picked":"Cloak And Dagger","floor":2.0},{"not_picked":["Distraction","Backflip"],"picked":"Dash","floor":3.0},{"not_picked":["Acrobatics","PiercingWail","Expertise"],"picked":"SKIP","floor":4.0},{"not_picked":["Bane","Quick Slash"],"picked":"Sucker Punch","floor":6.0},{"not_picked":["Slice","Outmaneuver"],"picked":"Leg Sweep","floor":7.0},{"not_picked":["Concentrate","Cloak And Dagger"],"picked":"Backstab","floor":11.0},{"not_picked":["Setup","Distraction","Bane"],"picked":"SKIP","floor":12.0},{"not_picked":["Cloak And Dagger","Acrobatics"],"picked":"Tools of the Trade","floor":14.0}],"player_experience":220897,"relics_obtained":[{"floor":6.0,"key":"Smiling Mask"},{"floor":9.0,"key":"Ornamental Fan"},{"floor":12.0,"key":"Blue Candle"},{"floor":14.0,"key":"Toxic Egg 2"}],"event_choices":[{"damage_healed":0.0,"max_hp_gain":0.0,"max_hp_loss":0.0,"gold_gain":74.0,"event_name":"Golden Wing","player_choice":"Gained Gold","floor":8.0,"gold_loss":0.0,"damage_taken":0.0},{"damage_healed":0.0,"max_hp_gain":0.0,"max_hp_loss":0.0,"gold_gain":0.0,"event_name":"Scrap Ooze","player_choice":"Success","floor":10.0,"gold_loss":0.0,"damage_taken":3.0,"relics_obtained":["Matryoshka"]},{"damage_healed":0.0,"max_hp_gain":0.0,"max_hp_loss":0.0,"gold_gain":0.0,"event_name":"Big Fish","player_choice":"Box","floor":13.0,"gold_loss":0.0,"damage_taken":0.0,"relics_obtained":["Orichalcum"],"cards_obtained":["Regret"]}],"is_beta":false,"boss_relics":[],"items_purged_floors":[5],"is_endless":false,"potions_floor_spawned":[1,4,11],"killed_by":"Slime Boss","ascension_level":9}