{"gold_per_floor":[111,190,76,86,101,101,101,119,119,194,208,223,223,234,234,331,331,346,103,103,115,125,142,142],"floor_reached":24,"playtime":3034,"items_purged":["Strike_R","Evolve"],"score":211,"play_id":"510bec6b-7d38-42bb-a314-4ae5bb5929dc","local_time":"20190708020304","is_ascension_mode":true,"campfire_choices":[{"data":"Fire Breathing","floor":6,"key":"SMITH"},{"data":"Inflame","floor":15,"key":"SMITH"}],"neow_cost":"NONE","seed_source_timestamp":1062190333407400,"circlet_count":0,"master_deck":["Bash","Impervious","Infernal Blade+1","Fire Breathing+1","Battle Trance","Metallicize","Shrug It Off","Inflame+1","Juggernaut","Thunderclap","Berserk","Demon Form","Sword Boomerang","Heavy Blade","Exhume","Shrug It Off","Heavy Blade"],"relics":["Burning Blood","Sundial","Ornamental Fan","Pandora\u0027s Box","Regal Pillow"],"potions_floor_usage":[8,16,18,24],"damage_taken":[{"damage":1,"enemies":"Cultist","floor":1,"turns":5},{"damage":11,"enemies":"Small Slimes","floor":4,"turns":4},{"damage":3,"enemies":"2 Louse","floor":5,"turns":3},{"damage":11,"enemies":"Lots of Slimes","floor":8,"turns":3},{"damage":1,"enemies":"Looter","floor":11,"turns":5},{"damage":5,"enemies":"Blue Slaver","floor":12,"turns":3},{"damage":0,"enemies":"Exordium Wildlife","floor":14,"turns":3},{"damage":44,"enemies":"The Guardian","floor":16,"turns":15},{"damage":72,"enemies":"3 Byrds","floor":18,"turns":5},{"damage":18,"enemies":"Chosen","floor":21,"turns":3},{"damage":18,"enemies":"3 Cultists","floor":22,"turns":4},{"damage":28,"enemies":"Snake Plant","floor":23,"turns":6},{"damage":41,"enemies":"Slavers","floor":24,"turns":3}],"seed_played":"6825395353779934249","potions_obtained":[{"floor":1,"key":"LiquidBronze"},{"floor":4,"key":"Block Potion"},{"floor":14,"key":"BloodPotion"},{"floor":16,"key":"Ancient Potion"},{"floor":22,"key":"SpeedPotion"}],"is_trial":false,"path_per_floor":["M","T","$","M","M","R","?","M","T","?","M","M","?","M","R","B",null,"M","$","?","M","M","M","E"],"character_chosen":"IRONCLAD","items_purchased":["Fire Breathing","Regal Pillow"],"campfire_rested":0,"item_purchase_floors":[3,19],"current_hp_per_floor":[80,80,80,75,78,78,78,73,73,62,67,68,73,79,79,41,85,40,40,85,73,61,39,0],"gold":142,"neow_bonus":"ONE_RANDOM_RARE_CARD","is_prod":false,"is_daily":false,"chose_seed":false,"campfire_upgraded":2,"win_rate":0,"timestamp":1562576584,"path_taken":["M","?","$","M","M","R","?","?","T","?","M","M","?","M","R","BOSS","M","$","?","M","M","M","E"],"build_version":"2019-07-05","purchased_purges":2,"victory":false,"max_hp_per_floor":[80,80,80,80,80,80,80,80,80,80,80,80,85,85,85,85,85,85,85,85,85,85,85,85],"card_choices":[{"not_picked":["Feel No Pain","Warcry"],"picked":"Infernal Blade","floor":1},{"not_picked":["Shockwave","Clothesline"],"picked":"Battle Trance","floor":4},{"not_picked":["Flame Barrier","Clothesline","Battle Trance"],"picked":"SKIP","floor":5},{"not_picked":["Sever Soul","Headbutt"],"picked":"Metallicize","floor":8},{"not_picked":["Sever Soul","Heavy Blade","Armaments"],"picked":"SKIP","floor":11},{"not_picked":["Whirlwind","Warcry"],"picked":"Shrug It Off","floor":12},{"not_picked":["Perfected Strike","Sword Boomerang"],"picked":"Inflame","floor":14},{"not_picked":["Dark Embrace","Exhume"],"picked":"Juggernaut","floor":16},{"not_picked":["Havoc","Iron Wave"],"picked":"Shrug It Off","floor":18},{"not_picked":["Twin Strike","Warcry","Body Slam+1"],"picked":"SKIP","floor":21},{"not_picked":["Sword Boomerang","Bloodletting"],"picked":"Heavy Blade","floor":22},{"not_picked":["Entrench","Cleave+1","Rupture"],"picked":"SKIP","floor":23}],"player_experience":119059,"relics_obtained":[{"floor":2,"key":"Sundial"},{"floor":9,"key":"Ornamental Fan"}],"event_choices":[{"damage_healed":0,"gold_gain":0,"player_choice":"Upgraded","damage_taken":0,"max_hp_gain":0,"max_hp_loss":0,"event_name":"Upgrade Shrine","floor":7,"gold_loss":0,"cards_upgraded":["Infernal Blade"]},{"damage_healed":0,"gold_gain":75,"player_choice":"Gather Gold","damage_taken":11,"max_hp_gain":0,"max_hp_loss":0,"event_name":"World of Goop","floor":10,"gold_loss":0},{"damage_healed":0,"gold_gain":0,"player_choice":"Donut","damage_taken":0,"max_hp_gain":5,"max_hp_loss":0,"event_name":"Big Fish","floor":13,"gold_loss":0},{"cards_removed":["Bloodletting"],"damage_healed":45,"gold_gain":0,"player_choice":"Offered Uncommon","damage_taken":0,"max_hp_gain":0,"max_hp_loss":0,"event_name":"Bonfire Elementals","floor":20,"gold_loss":0}],"is_beta":false,"boss_relics":[{"not_picked":["Philosopher\u0027s Stone","Runic Dome"],"picked":"Pandora\u0027s Box"}],"items_purged_floors":[3,19],"is_endless":false,"potions_floor_spawned":[1,4,14,16,22],"killed_by":"Slavers","ascension_level":2}