{"gold_per_floor":[118,130,130,32,47,63,83,111,181,181,181,181,212,212,212,287,287,300,300,320,127,142,142,42,42],"floor_reached":25,"playtime":1020,"items_purged":["Strike_B","Writhe"],"score":394,"play_id":"f63ef094-9d75-47c4-87c3-c3d7c14be419","local_time":"20190320202553","is_ascension_mode":true,"campfire_choices":[{"floor":10,"key":"REST"},{"data":"Streamline","floor":12,"key":"SMITH"},{"data":"Steam","floor":15,"key":"SMITH"},{"floor":23,"key":"REST"}],"neow_cost":"NONE","seed_source_timestamp":784663686408957,"circlet_count":0,"master_deck":["AscendersBane","Defend_B+1","Defend_B","Defend_B+1","Defend_B","Zap+1","Dualcast","Gash","Gash","Streamline+1","Steam+1","Doom and Gloom","Gash","Chill","Core Surge","Gash","Fusion+1","Coolheaded"],"relics":["Cracked Core","Dodecahedron","Ice Cream","Empty Cage","War Paint","Blood Vial"],"potions_floor_usage":[8,8,18,25],"damage_taken":[{"damage":9,"enemies":"Jaw Worm","floor":1,"turns":4},{"damage":2,"enemies":"2 Louse","floor":2,"turns":2},{"damage":0,"enemies":"Small Slimes","floor":5,"turns":3},{"damage":16,"enemies":"3 Louse","floor":6,"turns":3},{"damage":0,"enemies":"Blue Slaver","floor":7,"turns":5},{"damage":10,"enemies":"3 Sentries","floor":8,"turns":3},{"damage":20,"enemies":"Gremlin Nob","floor":13,"turns":4},{"damage":25,"enemies":"Hexaghost","floor":16,"turns":7},{"damage":23,"enemies":"2 Thieves","floor":18,"turns":4},{"damage":14,"enemies":"Spheric Guardian","floor":20,"turns":4},{"damage":14,"enemies":"3 Cultists","floor":22,"turns":5},{"damage":45,"enemies":"Book of Stabbing","floor":25,"turns":4}],"seed_played":"7781425878760407129","potions_obtained":[{"floor":6,"key":"AttackPotion"},{"floor":7,"key":"AttackPotion"},{"floor":16,"key":"SkillPotion"},{"floor":18,"key":"Poison Potion"}],"is_trial":false,"path_per_floor":["M","M","?","$","M","M","M","E","T","R","?","R","E","?","R","B",null,"M","?","M","$","M","R","$","E"],"character_chosen":"DEFECT","items_purchased":["Streamline","Blood Vial","Coolheaded"],"campfire_rested":2,"item_purchase_floors":[4,21,21],"current_hp_per_floor":[62,60,53,53,53,37,37,27,27,50,50,50,30,56,56,31,66,43,43,29,29,17,40,40,0],"gold":42,"neow_bonus":"TEN_PERCENT_HP_BONUS","is_prod":false,"is_daily":false,"chose_seed":false,"campfire_upgraded":2,"win_rate":0,"timestamp":1553113553,"path_taken":["M","M","?","$","M","M","M","E","T","R","?","R","E","?","R","BOSS","M","?","M","$","M","R","$","E"],"build_version":"2019-01-23","purchased_purges":2,"victory":false,"max_hp_per_floor":[78,78,78,78,78,78,78,78,78,78,78,78,78,78,78,78,78,78,78,78,78,78,78,78,78],"card_choices":[{"not_picked":["Hologram","Hello World"],"picked":"Gash","floor":1},{"not_picked":["Genetic Algorithm","Streamline"],"picked":"Gash","floor":2},{"not_picked":["Force Field","Rip and Tear","Streamline"],"picked":"SKIP","floor":5},{"not_picked":["Streamline","Tempest"],"picked":"Steam","floor":6},{"not_picked":["Steam","Beam Cell"],"picked":"Doom and Gloom","floor":7},{"not_picked":["Double Energy","Darkness"],"picked":"Gash","floor":8},{"not_picked":["Steam Power","Hyperbeam"],"picked":"Chill","floor":13},{"not_picked":["Fission","Seek"],"picked":"Core Surge","floor":16},{"not_picked":["Stack","Melter"],"picked":"Gash","floor":18},{"not_picked":["Turbo","Redo"],"picked":"Fusion+1","floor":20},{"not_picked":["Ball Lightning","Cold Snap","Stack"],"picked":"SKIP","floor":22}],"player_experience":1599220,"relics_obtained":[{"floor":9,"key":"Dodecahedron"},{"floor":13,"key":"Ice Cream"}],"event_choices":[{"cards_removed":["Strike_B"],"damage_healed":0,"gold_gain":0,"player_choice":"Card Removal","damage_taken":7,"max_hp_gain":0,"max_hp_loss":0,"event_name":"Golden Wing","floor":3,"gold_loss":0},{"damage_healed":0,"gold_gain":0,"player_choice":"Grow","damage_taken":0,"max_hp_gain":0,"max_hp_loss":0,"event_name":"Living Wall","floor":11,"gold_loss":0,"cards_upgraded":["Zap"]},{"damage_healed":26,"gold_gain":0,"player_choice":"Banana","damage_taken":0,"max_hp_gain":0,"max_hp_loss":0,"event_name":"Big Fish","floor":14,"gold_loss":0},{"damage_healed":0,"gold_gain":0,"player_choice":"Opened","damage_taken":0,"relics_obtained":["War Paint"],"max_hp_gain":0,"max_hp_loss":0,"event_name":"The Mausoleum","floor":19,"gold_loss":0,"cards_obtained":["Writhe"]}],"is_beta":false,"boss_relics":[{"not_picked":["Busted Crown","Coffee Dripper"],"picked":"Empty Cage"}],"items_purged_floors":[4,24],"is_endless":false,"potions_floor_spawned":[6,7,16,18],"killed_by":"Book of Stabbing","ascension_level":15}