{"gold_per_floor":[115,135,60,60,90,70,70,105,105,125,90,102,102,131,131,205,205,224,39,0,18,18,50,50,100,100,50,103,103,103,103],"floor_reached":31,"playtime":919,"items_purged":["Strike_B","Strike_B","Shame"],"score":488,"play_id":"c29b2720-a1f8-4a01-aa87-b3b9e141357d","local_time":"20190507224326","is_ascension_mode":true,"campfire_choices":[{"data":"Zap","floor":7.0,"key":"SMITH"},{"floor":15.0,"key":"REST"},{"floor":24.0,"key":"REST"},{"data":"Defragment","floor":29.0,"key":"SMITH"}],"neow_cost":"NONE","seed_source_timestamp":0,"circlet_count":0,"master_deck":["AscendersBane","Strike_B+1","Strike_B+1","Defend_B","Defend_B","Defend_B","Defend_B","Zap+1","Dualcast","Hologram+1","Defragment+1","BootSequence+1","Ball Lightning","Echo Form","Go for the Eyes+1","Self Repair"],"special_seed":0,"relics":["Cracked Core","Tiny Chest","Mercury Hourglass","Toxic Egg 2","Boot","Inserter","Strawberry","Smiling Mask","Pantograph","Whetstone","Enchiridion"],"potions_floor_usage":[],"damage_taken":[{"damage":7.0,"enemies":"2 Louse","floor":1.0,"turns":3.0},{"damage":2.0,"enemies":"Small Slimes","floor":2.0,"turns":3.0},{"damage":44.0,"enemies":"Lagavulin","floor":8.0,"turns":7.0},{"damage":2.0,"enemies":"Cultist","floor":10.0,"turns":3.0},{"damage":11.0,"enemies":"2 Fungi Beasts","floor":12.0,"turns":3.0},{"damage":15.0,"enemies":"3 Sentries","floor":14.0,"turns":5.0},{"damage":17.0,"enemies":"The Guardian","floor":16.0,"turns":9.0},{"damage":23.0,"enemies":"Chosen","floor":18.0,"turns":5.0},{"damage":7.0,"enemies":"3 Byrds","floor":21.0,"turns":3.0},{"damage":54.0,"enemies":"Gremlin Leader","floor":23.0,"turns":8.0},{"damage":14,"enemies":"Snake Plant","floor":31,"turns":2}],"seed_played":"2064058377974018054","potions_obtained":[{"floor":6.0,"key":"SteroidPotion"},{"floor":12.0,"key":"Energy Potion"},{"floor":14.0,"key":"Swift Potion"},{"floor":18.0,"key":"Regen Potion"},{"floor":21.0,"key":"SkillPotion"}],"is_trial":false,"path_per_floor":["M","M","$","?","?","?","R","E","T","M","?","M","?","E","R","B",null,"M","$","?","M","?","E","R","?","T","$","T","R","?","M"],"character_chosen":"DEFECT","items_purchased":["Regen Potion"],"campfire_rested":2,"item_purchase_floors":[19],"current_hp_per_floor":[64,62,62,62,62,62,62,18,18,16,35,24,17,2,25,8,61,38,38,38,40,47,8,33,33,33,33,33,33,12,0],"gold":103,"neow_bonus":"TEN_PERCENT_HP_BONUS","is_prod":false,"is_daily":false,"chose_seed":false,"campfire_upgraded":2,"win_rate":0,"timestamp":1557294206,"path_taken":["M","M","$","?","?","?","R","E","T","?","?","M","?","E","R","BOSS","M","$","?","M","?","E","R","?","T","$","?","R","?","M"],"build_version":"2019-01-23","purchased_purges":3,"victory":false,"max_hp_per_floor":[78,78,78,78,78,78,78,78,78,78,78,78,78,78,78,78,78,78,78,78,78,85,85,85,85,85,85,85,85,85,85],"card_choices":[{"not_picked":["Compile Driver","Beam Cell"],"picked":"Hologram","floor":1.0},{"not_picked":["Recycle","Rebound","Leap"],"picked":"SKIP","floor":2.0},{"not_picked":["Barrage","FTL"],"picked":"Defragment","floor":8.0},{"not_picked":["Core Surge","Hologram+1"],"picked":"BootSequence+1","floor":10.0},{"not_picked":["Turbo+1","Redo+1","Gash"],"picked":"SKIP","floor":12.0},{"not_picked":["Go for the Eyes","Coolheaded+1"],"picked":"Ball Lightning","floor":14.0},{"not_picked":["Core Surge","Fission+1"],"picked":"Echo Form","floor":16.0},{"not_picked":["Heatsinks","Lockon","Doom and Gloom"],"picked":"SKIP","floor":18.0},{"not_picked":["Defragment","Leap+1"],"picked":"Go for the Eyes+1","floor":21.0},{"not_picked":["Redo+1","Consume+1"],"picked":"Self Repair","floor":23.0}],"player_experience":1335270,"relics_obtained":[{"floor":8.0,"key":"Mercury Hourglass"},{"floor":9.0,"key":"Toxic Egg 2"},{"floor":14.0,"key":"Boot"},{"floor":23.0,"key":"Smiling Mask"},{"floor":26.0,"key":"Pantograph"},{"floor":28.0,"key":"Whetstone"},{"floor":30,"key":"Enchiridion"}],"event_choices":[{"damage_healed":0.0,"max_hp_gain":0.0,"max_hp_loss":0.0,"gold_gain":0.0,"event_name":"Living Wall","player_choice":"Grow","floor":4.0,"gold_loss":0.0,"damage_taken":0.0,"cards_upgraded":["Hologram"]},{"damage_healed":0.0,"max_hp_gain":0.0,"max_hp_loss":0.0,"gold_gain":0.0,"event_name":"Big Fish","player_choice":"Box","floor":5.0,"gold_loss":0.0,"damage_taken":0.0,"relics_obtained":["Tiny Chest"],"cards_obtained":["Regret"]},{"damage_healed":0.0,"max_hp_gain":0.0,"max_hp_loss":0.0,"gold_gain":0.0,"event_name":"The Woman in Blue","player_choice":"Bought 1 Potion","floor":6.0,"gold_loss":0.0,"damage_taken":0.0},{"damage_healed":19.0,"max_hp_gain":0.0,"max_hp_loss":0.0,"gold_gain":0.0,"event_name":"The Cleric","player_choice":"Healed","floor":11.0,"gold_loss":35.0,"damage_taken":0.0},{"cards_removed":["Regret"],"damage_healed":0.0,"max_hp_gain":0.0,"max_hp_loss":0.0,"gold_gain":0.0,"event_name":"Golden Wing","player_choice":"Card Removal","floor":13.0,"gold_loss":0.0,"damage_taken":7.0},{"damage_healed":0.0,"max_hp_gain":0.0,"max_hp_loss":0.0,"gold_gain":0.0,"event_name":"Masked Bandits","player_choice":"Paid Fearfully","floor":20.0,"gold_loss":39.0,"damage_taken":0.0},{"damage_healed":0.0,"max_hp_gain":0.0,"max_hp_loss":0.0,"gold_gain":0.0,"event_name":"Addict","player_choice":"Stole Relic","floor":22.0,"gold_loss":0.0,"damage_taken":0.0,"relics_obtained":["Strawberry"],"cards_obtained":["Shame"]},{"damage_healed":0.0,"max_hp_gain":0.0,"max_hp_loss":0.0,"gold_gain":50.0,"event_name":"Nest","player_choice":"Stole From Cult","floor":25.0,"gold_loss":0.0,"damage_taken":0.0},{"damage_healed":0,"gold_gain":0,"player_choice":"Obtained Book","damage_taken":21,"max_hp_gain":0,"max_hp_loss":0,"event_name":"Cursed Tome","floor":30,"gold_loss":0}],"is_beta":false,"boss_relics":[{"not_picked":["Runic Dome","White Beast Statue"],"picked":"Inserter"}],"items_purged_floors":[3,19,27],"is_endless":false,"potions_floor_spawned":[12,14,18,21],"killed_by":"Snake Plant","ascension_level":18}