{"gold_per_floor":[114,114,114,126,126,126,155,155,233,233,263,1,12,28,28,129,129,146,157,173,191,191,191,205,205,205,205,217,19,34,34,34,139,139,149,168,184,184,194,194,17,17,44,44,61,61,61,0,0,0],"floor_reached":51,"playtime":3556,"items_purged":[],"score":709,"play_id":"c9c26952-cbd9-432a-bb6f-34ee8cfb5985","local_time":"20190525030747","is_ascension_mode":false,"campfire_choices":[{"data":"Genetic Algorithm","floor":6,"key":"SMITH"},{"data":"Chill","floor":8,"key":"SMITH"},{"floor":15,"key":"REST"},{"floor":23,"key":"REST"},{"floor":25,"key":"REST"},{"floor":32,"key":"REST"},{"floor":40,"key":"REST"},{"floor":42,"key":"REST"},{"floor":44,"key":"REST"},{"floor":47,"key":"REST"},{"floor":49,"key":"REST"}],"neow_cost":"NONE","seed_source_timestamp":351196263586200,"circlet_count":0,"master_deck":["Strike_B","Strike_B","Defend_B","Defend_B","Defend_B","Defend_B","Zap","Dualcast","Genetic Algorithm+1","Chill+1","Go for the Eyes","Reinforced Body+1","Parasite","Hologram","White Noise+1","Rebound","Streamline","Leap","Creative AI","Lockon","Conserve Battery","Streamline+1","Streamline","Barrage","Writhe","Steam","Capacitor","Cold Snap","Compile Driver","Sweeping Beam","Buffer","Sweeping Beam+1","Heatsinks+1","Capacitor+1","Barrage+1","Beam Cell","Blizzard","Beam Cell+1","Thunder Strike","Compile Driver","Tempest","Steam Power","The Bomb","Capacitor","Parasite","Stack+1"],"relics":["Cracked Core","NeowsBlessing","Vajra","Darkstone Periapt","Matryoshka","Lantern","Membership Card","Fusion Hammer","Oddly Smooth Stone","War Paint","Bronze Scales","Mummified Hand","Orrery","Ancient Tea Set","Centennial Puzzle","Red Mask"],"potions_floor_usage":[11,11,14,21,22,31,33,36,39,50],"damage_taken":[{"damage":0,"enemies":"Jaw Worm","floor":1,"turns":1},{"damage":0,"enemies":"Small Slimes","floor":4,"turns":1},{"damage":0,"enemies":"Lagavulin","floor":7,"turns":1},{"damage":24,"enemies":"Gremlin Nob","floor":11,"turns":5},{"damage":0,"enemies":"2 Louse","floor":13,"turns":2},{"damage":8,"enemies":"Large Slime","floor":14,"turns":5},{"damage":50,"enemies":"Hexaghost","floor":16,"turns":12},{"damage":24,"enemies":"3 Byrds","floor":18,"turns":5},{"damage":18,"enemies":"Shell Parasite","floor":19,"turns":7},{"damage":7,"enemies":"3 Cultists","floor":20,"turns":8},{"damage":26,"enemies":"Chosen and Byrds","floor":21,"turns":6},{"damage":1,"enemies":"Colosseum Slavers","floor":22,"turns":7},{"damage":11,"enemies":"Snecko","floor":24,"turns":5},{"damage":17,"enemies":"Centurion and Healer","floor":28,"turns":8},{"damage":7,"enemies":"Snake Plant","floor":30,"turns":4},{"damage":0,"enemies":"Shelled Parasite and Fungi","floor":31,"turns":1},{"damage":41,"enemies":"Champ","floor":33,"turns":10},{"damage":5,"enemies":"3 Shapes","floor":35,"turns":5},{"damage":0,"enemies":"Orb Walker","floor":36,"turns":3},{"damage":14,"enemies":"Jaw Worm Horde","floor":37,"turns":4},{"damage":0,"enemies":"Transient","floor":39,"turns":5},{"damage":58,"enemies":"Writhing Mass","floor":45,"turns":7},{"damage":72,"enemies":"Donu and Deca","floor":50,"turns":8}],"seed_played":"1015278630745591434","potions_obtained":[{"floor":1,"key":"AttackPotion"},{"floor":7,"key":"Fire Potion"},{"floor":11,"key":"Regen Potion"},{"floor":14,"key":"Strength Potion"},{"floor":18,"key":"Swift Potion"},{"floor":20,"key":"PowerPotion"},{"floor":30,"key":"SmokeBomb"},{"floor":35,"key":"Fire Potion"},{"floor":37,"key":"PowerPotion"},{"floor":39,"key":"Dexterity Potion"}],"is_trial":false,"path_per_floor":["M","?","?","M","?","R","E","R","T","?","E","$","M","M","R","B",null,"M","M","M","M","?","R","M","R","T","?","M","$","M","M","R","B",null,"M","M","M","?","M","R","$","R","T","R","M","?","R","?","R","B",null],"character_chosen":"DEFECT","items_purchased":["Membership Card","White Noise","Rebound","Mummified Hand","Capacitor","Cold Snap","Compile Driver","Tempest","Steam Power","The Bomb","Capacitor"],"campfire_rested":9,"item_purchase_floors":[12,12,12,29,29,29,29,41,41,41,41],"current_hp_per_floor":[75,75,75,75,57,57,57,57,57,81,57,57,57,63,81,31,81,57,39,32,6,5,29,18,42,42,48,31,31,24,24,50,9,87,82,82,68,68,68,87,87,87,87,87,35,35,62,62,89,17],"gold":0,"neow_bonus":"THREE_ENEMY_KILL","is_prod":false,"is_daily":false,"chose_seed":false,"campfire_upgraded":2,"win_rate":0,"timestamp":1558750067,"path_taken":["M","?","?","M","?","R","E","R","T","?","E","$","M","M","R","BOSS","M","M","M","M","?","R","M","R","T","?","M","$","M","M","R","BOSS","M","M","M","?","M","R","$","R","T","R","M","?","R","?","R","BOSS"],"build_version":"2019-01-23","purchased_purges":0,"victory":true,"max_hp_per_floor":[75,75,75,75,75,75,75,75,75,81,81,81,81,81,81,81,81,81,81,81,81,81,81,81,81,81,87,87,87,87,87,87,87,87,87,87,87,87,87,87,87,87,87,87,93,93,93,93,93,93],"card_choices":[{"not_picked":["Reinforced Body","Tempest"],"picked":"Genetic Algorithm","floor":1},{"not_picked":["Gash","Leap"],"picked":"Go for the Eyes","floor":4},{"not_picked":["Redo","White Noise"],"picked":"Reinforced Body","floor":7},{"not_picked":["Gash","Fission"],"picked":"Hologram","floor":11},{"not_picked":["Sweeping Beam","Leap"],"picked":"Streamline","floor":13},{"not_picked":["Sunder","Go for the Eyes"],"picked":"Leap","floor":14},{"not_picked":["Multi-Cast","Meteor Strike"],"picked":"Creative AI","floor":16},{"not_picked":["Steam","Reprogram+1"],"picked":"Lockon","floor":18},{"not_picked":["Turbo+1","Rebound"],"picked":"Conserve Battery","floor":19},{"not_picked":["Steam+1","All For One"],"picked":"Streamline+1","floor":20},{"not_picked":["Skim","Lockon"],"picked":"Streamline","floor":21},{"not_picked":["Blizzard","Cold Snap"],"picked":"Barrage","floor":24},{"not_picked":["Redo","Hologram"],"picked":"Steam","floor":28},{"not_picked":["Barrage","Steam"],"picked":"Sweeping Beam","floor":30},{"not_picked":["Fission","Amplify"],"picked":"Buffer","floor":33},{"not_picked":["Hologram","Aggregate"],"picked":"Sweeping Beam+1","floor":34},{"not_picked":["Steam+1","Consume+1"],"picked":"Heatsinks+1","floor":34},{"not_picked":["Leap","Beam Cell"],"picked":"Capacitor+1","floor":34},{"not_picked":["Ball Lightning","Blizzard"],"picked":"Barrage+1","floor":34},{"not_picked":["Lockon","Fusion"],"picked":"Beam Cell","floor":34},{"not_picked":["Chaos","Conserve Battery"],"picked":"Blizzard","floor":35},{"not_picked":["Blizzard+1","Reinforced Body+1"],"picked":"Beam Cell+1","floor":36},{"not_picked":["Self Repair","Heatsinks+1"],"picked":"Thunder Strike","floor":37},{"not_picked":["Beam Cell+1","Redo"],"picked":"Compile Driver","floor":39},{"not_picked":["Conserve Battery+1","Streamline"],"picked":"Stack+1","floor":45}],"player_experience":259644,"relics_obtained":[{"floor":7,"key":"Darkstone Periapt"},{"floor":9,"key":"Matryoshka"},{"floor":11,"key":"Lantern"},{"floor":26,"key":"Oddly Smooth Stone"},{"floor":26,"key":"War Paint"},{"floor":43,"key":"Ancient Tea Set"},{"floor":43,"key":"Centennial Puzzle"}],"event_choices":[{"damage_healed":0,"gold_gain":0,"player_choice":"Ignored","damage_taken":0,"max_hp_gain":0,"max_hp_loss":0,"event_name":"Liars Game","floor":2,"gold_loss":0},{"damage_healed":0,"gold_gain":0,"cards_transformed":["Strike_B"],"player_choice":"Change","damage_taken":0,"max_hp_gain":0,"max_hp_loss":0,"event_name":"Living Wall","floor":3,"gold_loss":0,"cards_obtained":["Chill"]},{"damage_healed":0,"gold_gain":0,"player_choice":"Success","damage_taken":18,"relics_obtained":["Vajra"],"max_hp_gain":0,"max_hp_loss":0,"event_name":"Scrap Ooze","floor":5,"gold_loss":0},{"damage_healed":18,"gold_gain":0,"player_choice":"Healed and dodged fight","damage_taken":0,"max_hp_gain":0,"max_hp_loss":0,"event_name":"Mushrooms","floor":10,"gold_loss":0,"cards_obtained":["Parasite"]},{"damage_healed":0,"gold_gain":0,"player_choice":"Fight","damage_taken":0,"max_hp_gain":0,"max_hp_loss":0,"event_name":"Colosseum","floor":22,"gold_loss":0},{"damage_healed":0,"gold_gain":0,"player_choice":"Fled From Nobs","damage_taken":0,"max_hp_gain":0,"max_hp_loss":0,"event_name":"Colosseum","floor":22,"gold_loss":0},{"damage_healed":0,"gold_gain":0,"player_choice":"Opened","damage_taken":0,"relics_obtained":["Bronze Scales"],"max_hp_gain":0,"max_hp_loss":0,"event_name":"The Mausoleum","floor":27,"gold_loss":0,"cards_obtained":["Writhe"]},{"damage_healed":0,"gold_gain":0,"player_choice":"Ignored","damage_taken":0,"max_hp_gain":0,"max_hp_loss":0,"event_name":"Mysterious Sphere","floor":38,"gold_loss":0},{"cards_removed":["Strike_B"],"damage_healed":0,"gold_gain":0,"player_choice":"Removed Attack","damage_taken":0,"max_hp_gain":0,"max_hp_loss":0,"event_name":"Falling","floor":46,"gold_loss":0},{"damage_healed":0,"gold_gain":0,"player_choice":"Paid","damage_taken":0,"relics_obtained":["Red Mask"],"max_hp_gain":0,"max_hp_loss":0,"event_name":"Tomb of Lord Red Mask","floor":48,"gold_loss":61}],"is_beta":false,"boss_relics":[{"not_picked":["Velvet Choker","White Beast Statue"],"picked":"Fusion Hammer"},{"not_picked":["Coffee Dripper","Snecko Eye"],"picked":"Orrery"}],"items_purged_floors":[],"is_endless":false,"potions_floor_spawned":[1,7,11,14,18,20,22,30,31,35,37,39],"ascension_level":0}