{"gold_per_floor":[117,117,129,129,148,177,177,177,203,215,257,294,317,348,360,477,489,512,524,556,667,679,691,734,746,758,780,855,867,701,711,711,810,810,822,461,461,478,106,106,106,106,106,106,118,138,152,172,172,172],"floor_reached":51,"playtime":4387,"items_purged":["Regret","Clash"],"score":1129,"play_id":"2cf27f07-d0cf-4a55-a3de-842df0c51643","local_time":"20180721164958","is_ascension_mode":true,"campfire_choices":[{"data":"True Grit","floor":7,"key":"SMITH"},{"data":"Defend_R","floor":10,"key":"SMITH"},{"data":"Thunderclap","floor":15,"key":"SMITH"},{"data":"Limit Break","floor":23,"key":"SMITH"},{"data":"Brutality","floor":25,"key":"SMITH"},{"data":"Flame Barrier","floor":29,"key":"SMITH"},{"data":"Inflame","floor":32,"key":"SMITH"},{"data":"Apotheosis","floor":40,"key":"SMITH"},{"data":"Madness","floor":42,"key":"SMITH"},{"data":"Madness","floor":44,"key":"SMITH"},{"data":"Offering","floor":49,"key":"SMITH"}],"neow_cost":"","seed_source_timestamp":797325928374285,"circlet_count":0,"master_deck":["Defend_R+1","Defend_R","Defend_R","Defend_R","Bash+1","Heavy Blade+1","Flame Barrier+1","True Grit+1","Sword Boomerang","Thunderclap+1","Limit Break+1","Brutality+1","Inflame+1","Bite","Bite","Bite","Bite","Bite","Flame Barrier+1","Offering+1","Iron Wave+1","Apotheosis+1","Shrug It Off+1","Madness+1","Madness+1","Pain","True Grit+1","Shrug It Off+1"],"relics":["Burning Blood","Pen Nib","Paper Frog","MawBank","Ornamental Fan","Whetstone","Cursed Key","Charon\u0027s Ashes","The Courier","Tiny Chest","Vajra","Runic Pyramid","Ancient Tea Set","Mango","Thread and Needle","Oddly Smooth Stone","Ginger"],"potions_floor_usage":[12,16,16,24,24,31,45],"damage_taken":[{"damage":1,"enemies":"2 Louse","floor":1,"turns":3},{"damage":9,"enemies":"Jaw Worm","floor":3,"turns":3},{"damage":0,"enemies":"Cultist","floor":5,"turns":3},{"damage":24,"enemies":"Lagavulin","floor":6,"turns":7},{"damage":14,"enemies":"3 Sentries","floor":12,"turns":9},{"damage":0,"enemies":"Large Slime","floor":13,"turns":4},{"damage":0,"enemies":"Exordium Wildlife","floor":14,"turns":3},{"damage":23,"enemies":"Slime Boss","floor":16,"turns":9},{"damage":4,"enemies":"3 Byrds","floor":18,"turns":5},{"damage":11,"enemies":"Shell Parasite","floor":20,"turns":4},{"damage":30,"enemies":"Slavers","floor":24,"turns":5},{"damage":23,"enemies":"Snake Plant","floor":27,"turns":4},{"damage":16,"enemies":"Gremlin Leader","floor":28,"turns":7},{"damage":10,"enemies":"Cultist and Chosen","floor":31,"turns":4},{"damage":29,"enemies":"Champ","floor":33,"turns":7},{"damage":2,"enemies":"Orb Walker","floor":35,"turns":3},{"damage":4,"floor":37,"turns":5},{"damage":28,"enemies":"3 Darklings","floor":38,"turns":5},{"damage":17,"enemies":"Maw","floor":45,"turns":6},{"damage":14,"enemies":"Flame Bruiser 2 Orb","floor":46,"turns":5},{"damage":11,"enemies":"4 Shapes","floor":47,"turns":4},{"damage":9,"enemies":"Sphere and 2 Shapes","floor":48,"turns":4},{"damage":67,"enemies":"Time Eater","floor":50,"turns":8}],"seed_played":"6353086190386662668","potions_obtained":[{"floor":3,"key":"Fire Potion"},{"floor":12,"key":"LiquidBronze"},{"floor":13,"key":"PowerPotion"},{"floor":16,"key":"LiquidBronze"},{"floor":18,"key":"Weak Potion"},{"floor":27,"key":"AttackPotion"},{"floor":31,"key":"Poison Potion"},{"floor":35,"key":"Fire Potion"},{"floor":37,"key":"FearPotion"},{"floor":45,"key":"Fire Potion"},{"floor":48,"key":"Energy Potion"}],"is_trial":false,"path_per_floor":["M","?","M","?","M","E","R","?","T","R","?","E","M","M","R","B",null,"M","?","M","?","?","R","E","R","T","M","E","R","$","M","R","B",null,"M","$","?","M","$","R","?","R","T","R","M","M","M","M","R","B"],"character_chosen":"IRONCLAD","items_purchased":["Vajra","Ancient Tea Set","Apotheosis","Thread and Needle","Oddly Smooth Stone"],"campfire_rested":0,"item_purchase_floors":[30,36,36,39,39],"current_hp_per_floor":[80,73,70,54,60,42,42,42,42,42,42,34,40,46,46,29,80,80,80,75,75,56,56,42,42,42,35,45,45,45,49,49,40,56,56,56,70,59,59,59,50,50,50,50,55,64,68,70,70,21],"gold":172,"neow_bonus":"","is_prod":false,"is_daily":false,"chose_seed":false,"campfire_upgraded":11,"win_rate":0,"timestamp":1532216998,"path_taken":["M","?","M","?","M","E","R","?","T","R","?","E","M","?","R","BOSS","M","?","M","?","?","R","E","R","T","M","E","R","?","?","R","BOSS","M","$","?","M","$","R","?","R","T","R","M","M","?","M","R","BOSS"],"build_version":"2018-07-19v2","purchased_purges":2,"victory":true,"max_hp_per_floor":[80,80,80,80,80,80,80,80,80,80,80,80,80,80,80,80,80,80,80,80,80,56,56,56,56,56,56,56,56,56,56,56,56,56,56,56,70,70,70,70,70,70,70,70,70,70,70,70,70,70],"card_choices":[{"not_picked":["Anger","Burning Pact"],"picked":"Heavy Blade","floor":1},{"not_picked":["Thunderclap","Warcry"],"picked":"Flame Barrier","floor":3},{"not_picked":["Anger","True Grit"],"picked":"Clash","floor":5},{"not_picked":["Clash","Sever Soul"],"picked":"True Grit","floor":6},{"not_picked":["Exhume","Sentinel"],"picked":"Sword Boomerang","floor":12},{"not_picked":["Perfected Strike","Warcry"],"picked":"Thunderclap","floor":13},{"not_picked":["Immolate","Thunderclap","Infernal Blade"],"picked":"SKIP","floor":14},{"not_picked":["Impervious","Dark Embrace"],"picked":"Limit Break","floor":16},{"not_picked":["Sword Boomerang","Combust","Evolve"],"picked":"SKIP","floor":18},{"not_picked":["Thunderclap+1","Rampage"],"picked":"Inflame","floor":20},{"not_picked":["Dual Wield","Perfected Strike","Seeing Red"],"picked":"SKIP","floor":24},{"not_picked":["Heavy Blade","Perfected Strike","Sever Soul+1"],"picked":"SKIP","floor":27},{"not_picked":["Barricade","Cleave"],"picked":"Flame Barrier","floor":28},{"not_picked":["Thunderclap+1","Fire Breathing","Clothesline"],"picked":"SKIP","floor":31},{"not_picked":["Immolate","Brutality"],"picked":"Offering","floor":33},{"not_picked":["Body Slam","Heavy Blade+1"],"picked":"Iron Wave+1","floor":35},{"not_picked":["Feel No Pain","Cleave+1"],"picked":"Shrug It Off+1","floor":38},{"not_picked":["Exhume","Headbutt","Reckless Charge"],"picked":"SKIP","floor":45},{"not_picked":["Warcry+1","Rampage+1"],"picked":"True Grit+1","floor":46},{"not_picked":["Pommel Strike","Anger+1","Flex+1"],"picked":"SKIP","floor":47},{"not_picked":["True Grit+1","Flex"],"picked":"Shrug It Off+1","floor":48}],"player_experience":123991,"relics_obtained":[{"floor":6,"key":"Paper Frog"},{"floor":9,"key":"MawBank"},{"floor":12,"key":"Whetstone"},{"floor":24,"key":"Charon\u0027s Ashes"},{"floor":26,"key":"The Courier"},{"floor":28,"key":"Tiny Chest"},{"floor":37,"key":"Mango"},{"floor":43,"key":"Ginger"}],"event_choices":[{"event_name":"Scrap Ooze","player_choice":"success","floor":2,"damage_taken":7},{"event_name":"Shining Light","player_choice":"Entered Light","floor":4,"damage_taken":0},{"event_name":"Living Wall","player_choice":"Forget","floor":8,"damage_taken":0},{"event_name":"Dead Adventurer","player_choice":"Searched \u00273\u0027 times","floor":11,"damage_taken":0},{"event_name":"Transmorgrifier","player_choice":"Transform","floor":19,"damage_taken":0},{"event_name":"Nest","player_choice":"Stole From Cult","floor":21,"damage_taken":0},{"event_name":"Vampires","player_choice":"Became a vampire","floor":22,"damage_taken":0},{"event_name":"MindBloom","player_choice":"Fight","floor":37,"damage_taken":0},{"event_name":"Winding Halls","player_choice":"Embrace Madness","floor":41,"damage_taken":0}],"is_beta":false,"boss_relics":[{"not_picked":["Sozu","Mark of Pain"],"picked":"Cursed Key"},{"not_picked":["Calling Bell","Pandora\u0027s Box"],"picked":"Runic Pyramid"}],"items_purged_floors":[30,36],"is_endless":false,"potions_floor_spawned":[3,12,13,16,18,27,31,35,37,45,48],"ascension_level":4}