{"gold_per_floor":[118,128,128,53,53,118,118,118,144,231,243,271,293,318,330,342],"floor_reached":16,"playtime":1005,"items_purged":["Strike_G"],"score":131,"play_id":"525107bf-adfa-4016-bb42-c639ff70c094","local_time":"20180812111838","is_ascension_mode":true,"campfire_choices":[{"data":"Sucker Punch","floor":7,"key":"SMITH"},{"data":"Neutralize","floor":11,"key":"SMITH"},{"floor":15,"key":"REST"}],"neow_cost":"NONE","seed_source_timestamp":255655197958064,"circlet_count":0,"master_deck":["Defend_G","Defend_G","Defend_G","Defend_G","Defend_G","Strike_G","Strike_G","Strike_G","Strike_G","Survivor","Neutralize+1","Prepared","Decay","Sucker Punch+1","Reflex"],"relics":["Ring of the Snake","NeowsBlessing","Tiny Chest","FaceOfCleric","MawBank"],"potions_floor_usage":[16,16,16],"damage_taken":[{"damage":0,"enemies":"Cultist","floor":1,"turns":1},{"damage":0,"enemies":"Small Slimes","floor":2,"turns":1},{"damage":0,"enemies":"3 Sentries","floor":6,"turns":1},{"damage":2,"enemies":"2 Louse","floor":12,"turns":3},{"damage":6,"enemies":"Exordium Thugs","floor":13,"turns":6},{"damage":16,"enemies":"Large Slime","floor":14,"turns":8},{"damage":67,"enemies":"Slime Boss","floor":16,"turns":13}],"seed_played":"2642796276950921743","potions_obtained":[{"floor":2,"key":"Poison Potion"},{"floor":6,"key":"PowerPotion"},{"floor":12,"key":"GamblersBrew"}],"is_trial":false,"path_per_floor":["M","M","?","$","?","E","R","?","T","?","R","M","M","M","R"],"character_chosen":"THE_SILENT","items_purchased":[],"campfire_rested":1,"item_purchase_floors":[],"current_hp_per_floor":[70,70,75,75,75,75,75,75,75,64,64,63,58,43,66,0],"gold":342,"neow_bonus":"THREE_ENEMY_KILL","is_prod":false,"is_daily":false,"chose_seed":false,"campfire_upgraded":2,"win_rate":0,"timestamp":1534069118,"path_taken":["M","?","?","?","?","E","R","?","T","?","R","?","M","M","R","BOSS"],"build_version":"2018-08-02","purchased_purges":1,"victory":false,"max_hp_per_floor":[70,70,75,75,75,75,75,75,75,75,75,76,77,78,78,78],"card_choices":[{"not_picked":["Quick Slash","Endless Agony"],"picked":"Prepared","floor":1},{"not_picked":["PiercingWail","Deflect","Poisoned Stab"],"picked":"SKIP","floor":2},{"not_picked":["Concentrate","Venomology"],"picked":"Sucker Punch","floor":6},{"not_picked":["Bane","Dagger Throw"],"picked":"Reflex","floor":12},{"not_picked":["Accuracy","Catalyst","Underhanded Strike"],"picked":"SKIP","floor":13},{"not_picked":["Flying Knee","Slice","Catalyst"],"picked":"SKIP","floor":14}],"player_experience":149919,"relics_obtained":[{"floor":6,"key":"Tiny Chest"},{"floor":9,"key":"MawBank"}],"event_choices":[{"event_name":"Big Fish","player_choice":"Donut","floor":3,"damage_taken":0},{"event_name":"Wheel of Change","player_choice":"Curse","floor":5,"damage_taken":0},{"event_name":"FaceTrader","player_choice":"Trade","floor":8,"damage_taken":0},{"event_name":"World of Goop","player_choice":"Gather Gold","floor":10,"damage_taken":0}],"is_beta":false,"boss_relics":[],"items_purged_floors":[4],"is_endless":false,"potions_floor_spawned":[2,6,12,14],"killed_by":"Slime Boss","ascension_level":1}