{"gold_per_floor":[113,113,125,140,140,140,167,185,238,252,217,252,27,41,41,112,112,124,124,142,156,167,167,194,194,219,219],"floor_reached":27,"playtime":1613,"items_purged":[],"score":429,"play_id":"868bd644-91ff-4f64-910e-91fcd26ab919","local_time":"20190326191138","is_ascension_mode":true,"campfire_choices":[{"data":"Fusion","floor":6.0,"key":"SMITH"},{"data":"Defragment","floor":15.0,"key":"SMITH"},{"floor":23,"key":"REST"},{"floor":25,"key":"REST"}],"neow_cost":"NONE","seed_source_timestamp":0,"circlet_count":0,"master_deck":["AscendersBane","Strike_B","Strike_B","Strike_B","Strike_B","Defend_B","Defend_B","Defend_B","Defend_B","Zap+1","Dualcast","Electrodynamics","FTL","Fusion+1","Steam","Hologram+1","Defragment+1","Ball Lightning","Defragment","Meteor Strike","Redo","Multi-Cast","Tempest","Normality","Tempest","Leap+1","Lockon","Doubt"],"special_seed":0,"relics":["Cracked Core","Meat on the Bone","Pen Nib","MawBank","Membership Card","Cursed Key","Ornamental Fan","Gremlin Horn","War Paint"],"potions_floor_usage":[21],"damage_taken":[{"damage":3.0,"enemies":"2 Louse","floor":1.0,"turns":2.0},{"damage":8.0,"enemies":"Small Slimes","floor":3.0,"turns":2.0},{"damage":12.0,"enemies":"Jaw Worm","floor":4.0,"turns":3.0},{"damage":8.0,"enemies":"Gremlin Nob","floor":7.0,"turns":3.0},{"damage":9.0,"enemies":"Red Slaver","floor":8.0,"turns":5.0},{"damage":20.0,"enemies":"Gremlin Gang","floor":10.0,"turns":3.0},{"damage":14.0,"enemies":"3 Sentries","floor":12.0,"turns":4.0},{"damage":15.0,"enemies":"3 Louse","floor":14.0,"turns":3.0},{"damage":29.0,"enemies":"Hexaghost","floor":16.0,"turns":9.0},{"damage":17,"enemies":"2 Thieves","floor":18,"turns":3},{"damage":0,"enemies":"Chosen","floor":20,"turns":4},{"damage":36,"enemies":"Centurion and Healer","floor":21,"turns":4},{"damage":11,"enemies":"Snake Plant","floor":22,"turns":4},{"damage":41,"enemies":"Book of Stabbing","floor":24,"turns":4},{"damage":43,"enemies":"Slavers","floor":27,"turns":2}],"seed_played":"7337133741369832182","potions_obtained":[{"floor":4.0,"key":"PowerPotion"},{"floor":8.0,"key":"Weak Potion"},{"floor":12.0,"key":"Energy Potion"}],"is_trial":false,"path_per_floor":["M","?","M","M","?","R","E","M","T","M","?","E","$","M","R","B",null,"M","T","M","M","M","R","E","R","T","E"],"character_chosen":"DEFECT","items_purchased":["Membership Card","Meteor Strike"],"campfire_rested":2,"item_purchase_floors":[13,13],"current_hp_per_floor":[61,66,58,46,46,46,38,41,41,33,52,50,50,47,47,30,65,48,48,48,24,25,47,18,40,40,0],"gold":219,"neow_bonus":"ONE_RANDOM_RARE_CARD","is_prod":false,"is_daily":false,"chose_seed":false,"campfire_upgraded":2,"win_rate":0,"timestamp":1553627498,"path_taken":["M","?","M","M","?","R","E","M","T","M","?","E","?","M","R","BOSS","BOSS","M","?","M","?","M","R","E","R","T","E"],"build_version":"2019-01-23","purchased_purges":0,"victory":false,"max_hp_per_floor":[71,76,76,76,76,76,76,76,76,76,76,76,76,76,76,76,76,76,76,76,76,76,76,76,76,76,76],"card_choices":[{"not_picked":["Conserve Battery","Reinforced Body"],"picked":"FTL","floor":1.0},{"not_picked":["Skim","Redo"],"picked":"Fusion","floor":3.0},{"not_picked":["Tempest","Hologram"],"picked":"Steam","floor":4.0},{"not_picked":["Storm","Self Repair"],"picked":"Hologram","floor":7.0},{"not_picked":["Barrage","Hologram"],"picked":"Defragment","floor":8.0},{"not_picked":["Compile Driver","Hologram"],"picked":"Ball Lightning","floor":10.0},{"not_picked":["Seek","Stack"],"picked":"Defragment","floor":12.0},{"not_picked":["Aggregate","Ball Lightning"],"picked":"Redo","floor":14.0},{"not_picked":["Electrodynamics","All For One"],"picked":"Multi-Cast","floor":16},{"not_picked":["Ball Lightning","Force Field"],"picked":"Tempest","floor":18},{"not_picked":["Static Discharge","Stack+1"],"picked":"Tempest","floor":20},{"not_picked":["Storm","Stack"],"picked":"Leap+1","floor":21},{"not_picked":["Gash","Static Discharge"],"picked":"Lockon","floor":22},{"not_picked":["Conserve Battery","Hologram","Heatsinks"],"picked":"SKIP","floor":24}],"player_experience":1638005,"relics_obtained":[{"floor":7.0,"key":"Meat on the Bone"},{"floor":9.0,"key":"Pen Nib"},{"floor":12.0,"key":"MawBank"},{"floor":19,"key":"Ornamental Fan"},{"floor":24,"key":"Gremlin Horn"},{"floor":26,"key":"War Paint"}],"event_choices":[{"damage_healed":0.0,"max_hp_gain":5.0,"max_hp_loss":0.0,"gold_gain":0.0,"event_name":"Big Fish","player_choice":"Donut","floor":2.0,"gold_loss":0.0,"damage_taken":0.0},{"damage_healed":0.0,"max_hp_gain":0.0,"max_hp_loss":0.0,"gold_gain":0.0,"event_name":"Golden Idol","player_choice":"Ignored","floor":5.0,"gold_loss":0.0,"damage_taken":0.0},{"damage_healed":19.0,"max_hp_gain":0.0,"max_hp_loss":0.0,"gold_gain":0.0,"event_name":"The Cleric","player_choice":"Healed","floor":11.0,"gold_loss":35.0,"damage_taken":0.0}],"is_beta":false,"boss_relics":[{"not_picked":["Runic Pyramid","Fusion Hammer"],"picked":"Cursed Key"}],"items_purged_floors":[],"is_endless":false,"potions_floor_spawned":[4,8,12,14],"killed_by":"Slavers","ascension_level":15}