{"gold_per_floor":[118,136,236,249,324,342,400,400,426,454,454,470,486,486,486,486],"floor_reached":16,"playtime":755,"items_purged":[],"score":153,"play_id":"517e72f7-a767-4656-8980-0c46bab3248d","local_time":"20190518233223","is_ascension_mode":true,"campfire_choices":[{"floor":8,"key":"REST"},{"floor":15,"key":"REST"}],"neow_cost":"NONE","seed_source_timestamp":283877249107600,"circlet_count":0,"master_deck":["AscendersBane","Defend_G","Defend_G","Defend_G","Defend_G","Defend_G","Strike_G","Strike_G","Strike_G","Strike_G","Strike_G","Survivor","Neutralize","Terror","Dash+1","Skewer","Acrobatics","Glass Knife","Footwork"],"relics":["Ring of the Snake","Anchor","Centennial Puzzle","Happy Flower"],"potions_floor_usage":[12,16,16],"damage_taken":[{"damage":4,"enemies":"Jaw Worm","floor":1,"turns":9},{"damage":3,"enemies":"Cultist","floor":2,"turns":4},{"damage":4,"enemies":"2 Louse","floor":4,"turns":3},{"damage":26,"enemies":"Large Slime","floor":6,"turns":9},{"damage":8,"enemies":"Gremlin Nob","floor":7,"turns":4},{"damage":14,"enemies":"Gremlin Nob","floor":10,"turns":4},{"damage":12,"enemies":"3 Louse","floor":12,"turns":3},{"damage":2,"enemies":"Gremlin Gang","floor":13,"turns":5},{"damage":43,"enemies":"Slime Boss","floor":16,"turns":15}],"seed_played":"-6819682230983170415","potions_obtained":[{"floor":6,"key":"Weak Potion"},{"floor":10,"key":"Strength Potion"},{"floor":13,"key":"Weak Potion"},{"floor":14,"key":"GhostInAJar"},{"floor":14,"key":"SkillPotion"}],"is_trial":false,"path_per_floor":["M","M","?","M","?","M","?","R","T","E","?","M","M","?","R","B"],"character_chosen":"THE_SILENT","items_purchased":[],"campfire_rested":2,"item_purchase_floors":[],"current_hp_per_floor":[66,63,63,59,48,22,14,37,37,23,23,11,9,9,32,0],"gold":486,"neow_bonus":"TEN_PERCENT_HP_BONUS","is_prod":false,"is_daily":false,"chose_seed":false,"campfire_upgraded":0,"win_rate":0,"timestamp":1558247543,"path_taken":["M","M","?","?","?","M","?","R","T","E","?","M","?","?","R","BOSS"],"build_version":"2019-01-23","purchased_purges":0,"victory":false,"max_hp_per_floor":[77,77,77,77,77,77,77,77,77,77,77,77,77,77,77,77],"card_choices":[{"not_picked":["Prepared","Blade Dance"],"picked":"Terror","floor":1},{"not_picked":["Quick Slash","Underhanded Strike"],"picked":"Dash","floor":2},{"not_picked":["Riddle With Holes","Prepared"],"picked":"Skewer","floor":4},{"not_picked":["Accuracy","Concentrate","Predator"],"picked":"SKIP","floor":6},{"not_picked":["Blade Dance","Skewer"],"picked":"Acrobatics","floor":7},{"not_picked":["All Out Attack","Skewer"],"picked":"Glass Knife","floor":10},{"not_picked":["Caltrops","Bouncing Flask"],"picked":"Footwork","floor":12},{"not_picked":["Dodge and Roll","Sucker Punch","Blade Dance"],"picked":"SKIP","floor":13}],"player_experience":1351126,"relics_obtained":[{"floor":9,"key":"Centennial Puzzle"},{"floor":10,"key":"Happy Flower"}],"event_choices":[{"damage_healed":0,"gold_gain":100,"player_choice":"Pray","damage_taken":0,"max_hp_gain":0,"max_hp_loss":0,"event_name":"Golden Shrine","floor":3,"gold_loss":0},{"damage_healed":0,"gold_gain":75,"player_choice":"Gather Gold","damage_taken":11,"max_hp_gain":0,"max_hp_loss":0,"event_name":"World of Goop","floor":5,"gold_loss":0},{"damage_healed":0,"gold_gain":0,"player_choice":"Searched \u00272\u0027 times","damage_taken":0,"relics_obtained":["Anchor"],"max_hp_gain":0,"max_hp_loss":0,"event_name":"Dead Adventurer","floor":7,"gold_loss":0},{"damage_healed":0,"gold_gain":0,"player_choice":"Forge","damage_taken":0,"max_hp_gain":0,"max_hp_loss":0,"event_name":"Accursed Blacksmith","floor":11,"gold_loss":0,"cards_upgraded":["Dash"]},{"damage_healed":0,"gold_gain":0,"player_choice":"Got Potions","damage_taken":0,"max_hp_gain":0,"max_hp_loss":0,"event_name":"Lab","floor":14,"gold_loss":0}],"is_beta":false,"boss_relics":[],"items_purged_floors":[],"is_endless":false,"potions_floor_spawned":[6,10,13],"killed_by":"Slime Boss","ascension_level":10}