{"gold_per_floor":[110,110,130,145,2,2,27,41,95,122,122,122],"floor_reached":12,"playtime":1103,"items_purged":["Strike_G"],"score":92,"play_id":"8e9a1987-81f2-4a69-a18d-04a092aa467b","local_time":"20190624220649","is_ascension_mode":true,"campfire_choices":[{"data":"Distraction","floor":6,"key":"SMITH"},{"floor":11,"key":"REST"}],"neow_cost":"NONE","seed_source_timestamp":236350362557500,"circlet_count":0,"master_deck":["Defend_G","Defend_G","Defend_G","Defend_G","Defend_G","Strike_G","Strike_G","Strike_G","Strike_G","Survivor","Neutralize","Distraction+1","Prepared","All Out Attack","Escape Plan","All Out Attack","Eviscerate","Blur","Noxious Fumes"],"relics":["Ring of the Snake","Darkstone Periapt","Bag of Preparation","Dream Catcher","Juzu Bracelet"],"potions_floor_usage":[7,10,12],"damage_taken":[{"damage":0,"enemies":"2 Louse","floor":1,"turns":3},{"damage":0,"enemies":"Cultist","floor":3,"turns":5},{"damage":4,"enemies":"Jaw Worm","floor":4,"turns":7},{"damage":12,"enemies":"3 Sentries","floor":7,"turns":8},{"damage":0,"enemies":"2 Fungi Beasts","floor":8,"turns":2},{"damage":13,"enemies":"Lagavulin","floor":10,"turns":7},{"damage":72,"enemies":"Gremlin Nob","floor":12,"turns":6}],"seed_played":"-4223679090676457019","potions_obtained":[{"floor":3,"key":"AttackPotion"},{"floor":4,"key":"SpeedPotion"},{"floor":10,"key":"Block Potion"}],"is_trial":false,"path_per_floor":["M","?","M","M","$","R","E","M","T","E","R","E"],"character_chosen":"THE_SILENT","items_purchased":["Escape Plan"],"campfire_rested":1,"item_purchase_floors":[5],"current_hp_per_floor":[77,70,70,66,66,66,54,54,54,41,64,0],"gold":122,"neow_bonus":"TEN_PERCENT_HP_BONUS","is_prod":false,"is_daily":false,"chose_seed":false,"campfire_upgraded":1,"win_rate":0,"timestamp":1561439209,"path_taken":["M","?","M","M","$","R","E","M","T","E","R","E"],"build_version":"2019-01-23","purchased_purges":1,"victory":false,"max_hp_per_floor":[77,77,77,77,77,77,77,77,77,77,77,77],"card_choices":[{"not_picked":["Quick Slash","Bouncing Flask"],"picked":"Distraction","floor":1},{"not_picked":["Dagger Spray","Acrobatics"],"picked":"Prepared","floor":3},{"not_picked":["Caltrops","Bane"],"picked":"All Out Attack","floor":4},{"not_picked":["Bouncing Flask","Dagger Throw"],"picked":"All Out Attack","floor":7},{"not_picked":["Blade Dance","Caltrops"],"picked":"Eviscerate","floor":8},{"not_picked":["Flechettes","Deadly Poison"],"picked":"Blur","floor":10},{"not_picked":["Quick Slash","Distraction"],"picked":"Noxious Fumes","floor":11}],"player_experience":89115,"relics_obtained":[{"floor":7,"key":"Bag of Preparation"},{"floor":9,"key":"Dream Catcher"},{"floor":10,"key":"Juzu Bracelet"}],"event_choices":[{"damage_healed":0,"gold_gain":0,"player_choice":"Success","damage_taken":7,"relics_obtained":["Darkstone Periapt"],"max_hp_gain":0,"max_hp_loss":0,"event_name":"Scrap Ooze","floor":2,"gold_loss":0}],"is_beta":false,"boss_relics":[],"items_purged_floors":[5],"is_endless":false,"potions_floor_spawned":[3,4,10],"killed_by":"Gremlin Nob","ascension_level":1}