{"gold_per_floor":[118,118,131,142,161,217,217,243,317,65,65,90,103,117,117,212,212,229,229,239,257,157,190,190,205,205,205,220,232,242,265,265,361,661,676,302,302,315,331,331,347,347,347,347,363,363,382,398,398,398],"floor_reached":51,"playtime":5533,"items_purged":["Strike_G","Strike_G","Normality"],"score":792,"play_id":"e0d78ea8-a85d-4bd2-86b4-8eda1fa1e84f","local_time":"20180720093948","is_ascension_mode":true,"campfire_choices":[{"data":"Footwork","floor":11.0,"key":"SMITH"},{"data":"Phantasmal Killer","floor":15.0,"key":"SMITH"},{"data":"Neutralize","floor":24,"key":"SMITH"},{"data":"1","floor":27,"key":"LIFT"},{"floor":32,"key":"REST"},{"data":"Well Laid Plans","floor":40,"key":"SMITH"},{"data":"2","floor":42,"key":"LIFT"},{"data":"3","floor":44,"key":"LIFT"},{"data":"Terror","floor":46,"key":"SMITH"},{"data":"Madness","floor":49,"key":"SMITH"}],"neow_cost":"NONE","seed_source_timestamp":0,"circlet_count":0,"master_deck":["Defend_G","Defend_G","Defend_G","Defend_G+1","Defend_G","Strike_G","Strike_G","Strike_G+1","Survivor","Neutralize+1","Footwork+1","Dagger Spray","Quick Slash","Dodge and Roll","Phantasmal Killer+1","Well Laid Plans+1","Dagger Throw","Outmaneuver","Terror+1","Burst","Backflip","Dodge and Roll+1","Riddle With Holes","Backflip","Dodge and Roll+1","Calculated Gamble+1","Adrenaline","Leg Sweep+1","Madness+1","Madness","Dodge and Roll+1","Cloak And Dagger+1","Expertise"],"special_seed":17731,"relics":["Ring of the Snake","Boot","Tiny Chest","Girya","Ancient Tea Set","Shuriken","Ninja Scroll","Sozu","Omamori","Gremlin Horn","Orichalcum","Calling Bell","Blood Vial","Letter Opener","Old Coin","Kunai","Sundial"],"potions_floor_usage":[],"damage_taken":[{"damage":0.0,"enemies":"2 Louse","floor":1.0,"turns":2.0},{"damage":1.0,"enemies":"Jaw Worm","floor":3.0,"turns":4.0},{"damage":0.0,"enemies":"Cultist","floor":4.0,"turns":3.0},{"damage":8.0,"enemies":"2 Fungi Beasts","floor":5.0,"turns":3.0},{"damage":3.0,"enemies":"3 Sentries","floor":6.0,"turns":7.0},{"damage":24.0,"enemies":"Gremlin Nob","floor":8.0,"turns":5.0},{"damage":8.0,"enemies":"Lagavulin","floor":12.0,"turns":8.0},{"damage":0.0,"enemies":"Large Slime","floor":13.0,"turns":3.0},{"damage":0.0,"enemies":"Gremlin Gang","floor":14.0,"turns":2.0},{"damage":4.0,"enemies":"The Guardian","floor":16.0,"turns":8.0},{"damage":11.0,"enemies":"2 Thieves","floor":18.0,"turns":3.0},{"damage":0.0,"enemies":"Shell Parasite","floor":20.0,"turns":4.0},{"damage":10.0,"enemies":"Snecko","floor":21.0,"turns":5.0},{"damage":32.0,"enemies":"Slavers","floor":23.0,"turns":8.0},{"damage":0,"enemies":"Centurion and Healer","floor":25,"turns":4},{"damage":0,"enemies":"Sentry and Sphere","floor":28,"turns":3},{"damage":0,"enemies":"Snecko","floor":29,"turns":4},{"damage":10,"enemies":"Slaver and Parasite","floor":30,"turns":3},{"damage":20,"enemies":"Collector","floor":33,"turns":9},{"damage":0,"enemies":"Flame Bruiser 1 Orb","floor":35,"turns":3},{"damage":4,"enemies":"3 Shapes","floor":38,"turns":2},{"damage":1,"enemies":"3 Darklings","floor":39,"turns":7},{"damage":17,"enemies":"Maw","floor":41,"turns":6},{"damage":0,"enemies":"4 Shapes","floor":45,"turns":4},{"damage":0,"enemies":"Transient","floor":47,"turns":5},{"damage":0,"enemies":"Flame Bruiser 2 Orb","floor":48,"turns":2},{"damage":53,"enemies":"Time Eater","floor":50,"turns":17}],"seed_played":"-3692985004623791933","potions_obtained":[{"floor":1.0,"key":"Regen Potion"},{"floor":3.0,"key":"FairyPotion"},{"floor":5.0,"key":"Weak Potion"},{"floor":8.0,"key":"EssenceOfSteel"}],"is_trial":false,"path_per_floor":["M","?","M","M","M","E","?","E","T","$","R","E","M","M","R","B",null,"M","?","M","M","$","E","R","M","T","R","M","M","M","T","R","B",null,"M","$","?","M","M","R","M","R","T","R","M","R","M","M","R","B"],"character_chosen":"THE_SILENT","items_purchased":["Phantasmal Killer","Well Laid Plans","Kunai"],"campfire_rested":1,"item_purchase_floors":[10,10,36],"current_hp_per_floor":[70,56,55,55,47,58,51,27,27,27,27,19,19,19,19,15,70,59,46,46,36,36,4,4,4,4,4,4,4,7,7,29,9,75,75,75,66,64,65,65,50,50,50,50,52,52,54,56,56,5],"gold":398,"neow_bonus":"RANDOM_COMMON_RELIC","is_prod":false,"is_daily":false,"chose_seed":false,"campfire_upgraded":6,"win_rate":0,"timestamp":1532104788,"path_taken":["M","?","M","M","?","E","?","E","T","$","R","E","M","M","R","BOSS","M","?","?","M","$","E","R","M","T","R","?","M","M","?","R","BOSS","M","$","?","?","?","R","M","R","T","R","M","R","M","M","R","BOSS"],"build_version":"2018-07-19v2","purchased_purges":3,"victory":true,"max_hp_per_floor":[70,70,70,70,70,70,70,70,70,70,70,70,70,70,70,70,70,70,75,75,75,75,75,75,75,75,75,75,75,75,75,75,75,75,75,75,75,75,75,75,75,75,75,75,75,75,75,75,75,75],"card_choices":[{"not_picked":["Endless Agony","Deadly Poison","Concentrate"],"picked":"SKIP","floor":1.0},{"not_picked":["Prepared","Acrobatics"],"picked":"Footwork","floor":3.0},{"not_picked":["Acrobatics","Envenom"],"picked":"Dagger Spray","floor":4.0},{"not_picked":["Flying Knee","Concentrate"],"picked":"Quick Slash","floor":5.0},{"not_picked":["Doppelganger","Acrobatics","Eviscerate"],"picked":"SKIP","floor":6.0},{"not_picked":["Bane","Flying Knee"],"picked":"Dodge and Roll","floor":8.0},{"not_picked":["Die Die Die","Concentrate"],"picked":"Dagger Throw","floor":12.0},{"not_picked":["Prepared","Dagger Spray"],"picked":"Outmaneuver","floor":13.0},{"not_picked":["PiercingWail","Prepared"],"picked":"Terror","floor":14.0},{"not_picked":["Corpse Explosion","Venomology"],"picked":"Burst","floor":16.0},{"not_picked":["Sucker Punch","Reflex+1"],"picked":"Backflip","floor":18.0},{"not_picked":["Calculated Gamble","Catalyst","Acrobatics"],"picked":"SKIP","floor":20.0},{"not_picked":["Outmaneuver","Bane","Dagger Throw"],"picked":"SKIP","floor":21.0},{"not_picked":["Phantasmal Killer","Accuracy"],"picked":"Dodge and Roll+1","floor":23.0},{"not_picked":["Distraction","Slice+1"],"picked":"Riddle With Holes","floor":25},{"not_picked":["All Out Attack","Flying Knee"],"picked":"Backflip","floor":28},{"not_picked":["Backstab+1","PiercingWail"],"picked":"Dodge and Roll+1","floor":29},{"not_picked":["Slice+1","Quick Slash"],"picked":"Calculated Gamble+1","floor":30},{"not_picked":["Envenom","Glass Knife"],"picked":"Adrenaline","floor":33},{"not_picked":["Outmaneuver","Deadly Poison"],"picked":"Leg Sweep+1","floor":35},{"not_picked":["Eviscerate+1","Acrobatics"],"picked":"Dodge and Roll+1","floor":38},{"not_picked":["Underhanded Strike","Flying Knee"],"picked":"Cloak And Dagger+1","floor":39},{"not_picked":["Cloak And Dagger","Poisoned Stab"],"picked":"Expertise","floor":41},{"not_picked":["Dodge and Roll","Outmaneuver+1","Choke"],"picked":"SKIP","floor":45},{"not_picked":["Acrobatics","Deadly Poison+1","Dagger Spray+1"],"picked":"SKIP","floor":47},{"not_picked":["Grand Finale","Prepared","Crippling Poison+1"],"picked":"SKIP","floor":48}],"player_experience":117729,"relics_obtained":[{"floor":6.0,"key":"Tiny Chest"},{"floor":8.0,"key":"Ancient Tea Set"},{"floor":9.0,"key":"Shuriken"},{"floor":12.0,"key":"Ninja Scroll"},{"floor":23.0,"key":"Omamori"},{"floor":26,"key":"Gremlin Horn"},{"floor":31,"key":"Orichalcum"},{"floor":34,"key":"Blood Vial"},{"floor":34,"key":"Letter Opener"},{"floor":34,"key":"Old Coin"},{"floor":43,"key":"Sundial"}],"event_choices":[{"event_name":"Shining Light","player_choice":"Entered Light","floor":2.0,"damage_taken":0.0},{"event_name":"Scrap Ooze","player_choice":"success","floor":7.0,"damage_taken":7.0},{"event_name":"Forgotten Altar","player_choice":"Shed Blood","floor":19.0,"damage_taken":0.0},{"event_name":"Winding Halls","player_choice":"Embrace Madness","floor":37,"damage_taken":0}],"is_beta":false,"boss_relics":[{"not_picked":["Lizard Tail","Runic Pyramid"],"picked":"Sozu"},{"not_picked":["Fusion Hammer","Pandora\u0027s Box"],"picked":"Calling Bell"}],"items_purged_floors":[10,22,36],"is_endless":false,"potions_floor_spawned":[1,3,5,8,21,23,29,30,33,39,47,48],"ascension_level":3}