{"gold_per_floor":[118,118,218,238,249,249,269,269,269,280,280,280,299,314,314,411,411,429,429,128,148,158,158,170,199,199,36,52,69,69,80,80,176,176,193,211,229,28,44,44,44,44,89,0,15,15,15,25,25,25],"floor_reached":51,"playtime":4552,"items_purged":["Defend_G"],"score":671,"play_id":"2afc2871-c0c9-4e25-9720-5f11e3b45724","local_time":"20190708005233","is_ascension_mode":true,"campfire_choices":[{"data":"Well Laid Plans","floor":6,"key":"SMITH"},{"data":"Distraction","floor":8,"key":"SMITH"},{"floor":15,"key":"REST"},{"data":"Infinite Blades","floor":23,"key":"SMITH"},{"floor":32,"key":"REST"},{"floor":49,"key":"REST"}],"neow_cost":"NONE","seed_source_timestamp":1056419956859299,"circlet_count":0,"master_deck":["Strike_G","Strike_G+1","Strike_G+1","Strike_G","Defend_G","Defend_G","Defend_G","Defend_G","Survivor+1","Neutralize","Deadly Poison","Well Laid Plans+1","Distraction+1","Heel Hook+1","Finisher","Acrobatics","Corpse Explosion","Backstab","Infinite Blades+1","Leg Sweep","Backstab+1","Outmaneuver","The Bomb+1","Backstab+1","Blur+1","Malaise+1","Expertise+1","Footwork","Parasite","Transmutation+1"],"relics":["Ring of the Snake","NeowsBlessing","Ninja Scroll","Vajra","Black Star","Kunai","Lantern","Toxic Egg 2","Anchor","Ice Cream","Sozu","Lee\u0027s Waffle","Whetstone","Red Mask","Gambling Chip"],"potions_floor_usage":[16,18,28,31,33,50,50],"damage_taken":[{"damage":0,"enemies":"Small Slimes","floor":1,"turns":1},{"damage":0,"enemies":"2 Louse","floor":4,"turns":1},{"damage":0,"enemies":"Cultist","floor":5,"turns":1},{"damage":4,"enemies":"2 Fungi Beasts","floor":7,"turns":4},{"damage":0,"enemies":"Large Slime","floor":10,"turns":5},{"damage":0,"enemies":"Exordium Wildlife","floor":13,"turns":2},{"damage":6,"enemies":"3 Louse","floor":14,"turns":2},{"damage":38,"enemies":"Slime Boss","floor":16,"turns":12},{"damage":0,"enemies":"Spheric Guardian","floor":18,"turns":1},{"damage":0,"enemies":"3 Byrds","floor":21,"turns":2},{"damage":19,"enemies":"Snake Plant","floor":22,"turns":6},{"damage":0,"enemies":"Chosen and Byrds","floor":24,"turns":2},{"damage":10,"enemies":"Slavers","floor":25,"turns":2},{"damage":11,"enemies":"Sentry and Sphere","floor":28,"turns":4},{"damage":0,"enemies":"Centurion and Healer","floor":29,"turns":3},{"damage":0,"enemies":"Snecko","floor":31,"turns":3},{"damage":25,"enemies":"Automaton","floor":33,"turns":9},{"damage":14,"enemies":"3 Shapes","floor":35,"turns":1},{"damage":2,"enemies":"Orb Walker","floor":36,"turns":3},{"damage":22,"enemies":"Transient","floor":37,"turns":5},{"damage":5,"enemies":"Writhing Mass","floor":39,"turns":6},{"damage":4,"enemies":"Sphere and 2 Shapes","floor":45,"turns":2},{"damage":10,"enemies":"4 Shapes","floor":48,"turns":4},{"damage":38,"enemies":"Awakened One","floor":50,"turns":19}],"seed_played":"1356330222195495474","potions_obtained":[{"floor":7,"key":"Explosive Potion"},{"floor":13,"key":"GhostInAJar"},{"floor":14,"key":"SpeedPotion"},{"floor":21,"key":"SkillPotion"},{"floor":22,"key":"PowerPotion"},{"floor":25,"key":"Dexterity Potion"},{"floor":28,"key":"Weak Potion"},{"floor":33,"key":"Regen Potion"}],"is_trial":false,"path_per_floor":["M","?","?","M","M","R","M","R","T","M","?","?","M","M","R","B",null,"M","?","$","M","M","R","M","E","T","$","M","M","?","M","R","B",null,"M","M","M","$","M","?","?","?","T","?","M","$","T","M","R","B",null],"character_chosen":"THE_SILENT","items_purchased":["Infinite Blades","Lantern","The Bomb+1","Lee\u0027s Waffle"],"campfire_rested":3,"item_purchase_floors":[20,20,27,38],"current_hp_per_floor":[70,56,56,56,56,56,52,52,52,52,45,45,45,39,60,22,70,70,70,70,70,51,51,51,41,41,41,30,30,30,30,51,26,70,56,54,32,77,72,72,72,72,72,72,68,68,68,58,77,54],"gold":25,"neow_bonus":"THREE_ENEMY_KILL","is_prod":false,"is_daily":false,"chose_seed":false,"campfire_upgraded":3,"win_rate":0,"timestamp":1562572353,"path_taken":["M","?","?","M","M","R","?","R","T","M","?","?","?","M","R","BOSS","M","?","$","M","M","R","M","E","T","?","M","M","?","?","R","BOSS","M","M","M","$","?","?","?","?","T","?","M","$","?","M","R","BOSS"],"build_version":"2019-07-05","purchased_purges":1,"victory":true,"max_hp_per_floor":[70,70,70,70,70,70,70,70,70,70,70,70,70,70,70,70,70,70,70,70,70,70,70,70,70,70,70,70,70,70,70,70,70,70,70,70,70,77,77,77,77,77,77,77,77,77,77,77,77,77],"card_choices":[{"not_picked":["Dagger Spray","Dagger Throw"],"picked":"Deadly Poison","floor":1},{"not_picked":["Slice","Eviscerate"],"picked":"Well Laid Plans","floor":4},{"not_picked":["Slice","Predator","Quick Slash"],"picked":"SKIP","floor":5},{"not_picked":["Cloak And Dagger","Blade Dance"],"picked":"Distraction","floor":7},{"not_picked":["Poisoned Stab","Skewer"],"picked":"Heel Hook","floor":10},{"not_picked":["Blade Dance","Predator"],"picked":"Finisher","floor":13},{"not_picked":["Reflex","Underhanded Strike"],"picked":"Acrobatics","floor":14},{"not_picked":["Doppelganger","Storm of Steel"],"picked":"Corpse Explosion","floor":16},{"not_picked":["Sucker Punch","Dagger Spray+1"],"picked":"Backstab","floor":18},{"not_picked":["Riddle With Holes","Finisher"],"picked":"Leg Sweep","floor":21},{"not_picked":["Poisoned Stab","Slice"],"picked":"Backstab+1","floor":22},{"not_picked":["Dagger Throw","Expertise+1"],"picked":"Outmaneuver","floor":24},{"not_picked":["Sucker Punch","Well Laid Plans","Predator"],"picked":"SKIP","floor":25},{"not_picked":["Underhanded Strike","Distraction+1"],"picked":"Backstab+1","floor":28},{"not_picked":["Dodge and Roll+1","Prepared+1"],"picked":"Blur+1","floor":29},{"not_picked":["Choke","Predator","Backflip+1"],"picked":"SKIP","floor":31},{"not_picked":["Unload","Tools of the Trade"],"picked":"Malaise+1","floor":33},{"not_picked":["Backflip+1","Cloak And Dagger+1","Poisoned Stab+1"],"picked":"SKIP","floor":35},{"not_picked":["Cloak And Dagger+1","Calculated Gamble+1"],"picked":"Expertise+1","floor":36},{"not_picked":["Catalyst+1","Bane+1"],"picked":"Footwork","floor":37},{"not_picked":["Tactician+1","Quick Slash","Adrenaline+1"],"picked":"SKIP","floor":39},{"not_picked":["Finesse+1","PanicButton+1"],"picked":"Transmutation+1","floor":40},{"not_picked":["Endless Agony+1","Masterful Stab+1","Choke"],"picked":"SKIP","floor":45},{"not_picked":["Heel Hook","Backflip+1","Outmaneuver+1"],"picked":"SKIP","floor":48}],"player_experience":113636,"relics_obtained":[{"floor":9,"key":"Ninja Scroll"},{"floor":19,"key":"Kunai"},{"floor":25,"key":"Toxic Egg 2"},{"floor":25,"key":"Anchor"},{"floor":26,"key":"Ice Cream"},{"floor":43,"key":"Whetstone"},{"floor":47,"key":"Gambling Chip"}],"event_choices":[{"damage_healed":0,"gold_gain":0,"player_choice":"Entered Light","damage_taken":14,"max_hp_gain":0,"max_hp_loss":0,"event_name":"Shining Light","floor":2,"gold_loss":0,"cards_upgraded":["Survivor","Strike_G"]},{"damage_healed":0,"gold_gain":100,"player_choice":"Pray","damage_taken":0,"max_hp_gain":0,"max_hp_loss":0,"event_name":"Golden Shrine","floor":3,"gold_loss":0},{"damage_healed":0,"gold_gain":0,"player_choice":"Success","damage_taken":7,"relics_obtained":["Vajra"],"max_hp_gain":0,"max_hp_loss":0,"event_name":"Scrap Ooze","floor":11,"gold_loss":0},{"damage_healed":0,"gold_gain":0,"player_choice":"Ignored","damage_taken":0,"max_hp_gain":0,"max_hp_loss":0,"event_name":"Liars Game","floor":12,"gold_loss":0},{"damage_healed":0,"gold_gain":0,"player_choice":"Relic","damage_taken":0,"max_hp_gain":0,"max_hp_loss":0,"event_name":"Wheel of Change","floor":19,"gold_loss":0},{"damage_healed":0,"gold_gain":0,"player_choice":"Memory 1","damage_taken":0,"max_hp_gain":0,"max_hp_loss":0,"event_name":"SensoryStone","floor":40,"gold_loss":0},{"damage_healed":0,"gold_gain":0,"player_choice":"Ignored","damage_taken":0,"max_hp_gain":0,"max_hp_loss":0,"event_name":"Mysterious Sphere","floor":41,"gold_loss":0},{"cards_removed":["Strike_G"],"damage_healed":0,"gold_gain":0,"player_choice":"Removed Attack","damage_taken":0,"max_hp_gain":0,"max_hp_loss":0,"event_name":"Falling","floor":42,"gold_loss":0},{"damage_healed":0,"gold_gain":0,"player_choice":"Paid","damage_taken":0,"relics_obtained":["Red Mask"],"max_hp_gain":0,"max_hp_loss":0,"event_name":"Tomb of Lord Red Mask","floor":44,"gold_loss":89}],"is_beta":false,"boss_relics":[{"not_picked":["Astrolabe","Runic Pyramid"],"picked":"Black Star"},{"not_picked":["Tiny House","Snecko Eye"],"picked":"Sozu"}],"items_purged_floors":[20],"is_endless":false,"potions_floor_spawned":[7,13,14,21,22,25,28,33,36,39,45],"ascension_level":1}