{"gold_per_floor":[114,129,129,144,159,159,159,174,174,189,189,189,219,234,234,334,334,349,349,364,379,394,424,436,478,490,350,365,115,115,130,130,230,230,245,260,275,275,275],"floor_reached":39,"playtime":3560,"items_purged":[],"score":877,"play_id":"fb168f4a-7946-4f8d-a4f7-0c451fd81a55","local_time":"20190525020542","daily_mods":["Insanity","Hoarder","Terminal"],"is_ascension_mode":false,"campfire_choices":[{"data":"Havoc","floor":6,"key":"SMITH"},{"data":"Disarm","floor":15,"key":"SMITH"},{"data":"Corruption","floor":32,"key":"SMITH"}],"neow_cost":"","seed_source_timestamp":0,"circlet_count":0,"master_deck":["Body Slam","Wild Strike","Iron Wave","Cleave","Thunderclap","Disarm+1","Anger","True Grit","Twin Strike","Flex+1","Twin Strike","Feel No Pain","Carnage","Flex","Armaments","Iron Wave","Inflame","Inflame","Shrug It Off","Intimidate","Heavy Blade","Anger","Bloodletting","Wild Strike","Searing Blow","Metallicize","Anger","Carnage","Cleave","Iron Wave","True Grit","Disarm","Dropkick","Uppercut","Iron Wave","True Grit","Corruption+1","Clash","Iron Wave","Sword Boomerang","Seeing Red+1","Body Slam","Entrench","Sentinel","Armaments","Carnage","True Grit","Pommel Strike","Thunderclap","Pommel Strike","Shrug It Off","Shrug It Off","Shrug It Off","Perfected Strike","Perfected Strike","Perfected Strike","Havoc","Havoc","Havoc+1","Rage","Rage","Rage","Clash","Clash","Clash","Headbutt","Headbutt","Headbutt","Rage","Rage","Rage","Iron Wave","Iron Wave","Iron Wave","Impervious","Impervious","Impervious","Armaments","Armaments","Armaments","Ghostly","Ghostly","Ghostly","Ghostly","Ghostly","Ghostly","Ghostly","Ghostly","Ghostly","Ghostly","Ghostly","Ghostly","Ghostly","Ghostly","Ghostly","Cleave+1","Cleave+1","Cleave+1","Perfected Strike","Perfected Strike","Perfected Strike","Wild Strike","Wild Strike","Wild Strike","Flex","Flex","Flex","Bite","Bite","Bite","Bite","Bite","Bite","Bite","Bite","Bite","Bite","Bite","Bite","Bite","Bite","Bite","Immolate","Immolate","Immolate","Seek","Seek","Seek"],"special_seed":18041,"relics":["Burning Blood","War Paint","Mercury Hourglass","Strawberry","Kunai","Philosopher\u0027s Stone","MawBank","Singing Bowl","Self Forming Clay","PrismaticShard","MutagenicStrength","White Beast Statue"],"potions_floor_usage":[16,23,25,25,33,33,33,36,36,39,39],"damage_taken":[{"damage":0,"enemies":"Cultist","floor":1,"turns":2},{"damage":0,"enemies":"Jaw Worm","floor":2,"turns":3},{"damage":0,"enemies":"Small Slimes","floor":4,"turns":2},{"damage":2,"enemies":"2 Fungi Beasts","floor":5,"turns":3},{"damage":0,"enemies":"Large Slime","floor":8,"turns":4},{"damage":0,"enemies":"Lots of Slimes","floor":10,"turns":3},{"damage":0,"enemies":"Gremlin Nob","floor":13,"turns":3},{"damage":0,"enemies":"Blue Slaver","floor":14,"turns":2},{"damage":0,"enemies":"Slime Boss","floor":16,"turns":8},{"damage":10,"enemies":"3 Byrds","floor":18,"turns":5},{"damage":0,"enemies":"2 Thieves","floor":20,"turns":4},{"damage":0,"enemies":"Centurion and Healer","floor":21,"turns":5},{"damage":0,"enemies":"Cultist and Chosen","floor":22,"turns":5},{"damage":0,"enemies":"Gremlin Leader","floor":23,"turns":6},{"damage":13,"enemies":"Slavers","floor":25,"turns":3},{"damage":0,"enemies":"Snake Plant","floor":28,"turns":3},{"damage":0,"enemies":"Centurion and Healer","floor":31,"turns":4},{"damage":6,"enemies":"Collector","floor":33,"turns":12},{"damage":0,"enemies":"Orb Walker","floor":35,"turns":2},{"damage":8,"enemies":"3 Darklings","floor":36,"turns":4},{"damage":1,"enemies":"Sphere and 2 Shapes","floor":37,"turns":5},{"damage":26,"enemies":"Awakened One","floor":39,"turns":12}],"seed_played":"-2780156957999969430","potions_obtained":[{"floor":4,"key":"SneckoOil"},{"floor":5,"key":"Strength Potion"},{"floor":10,"key":"EssenceOfSteel"},{"floor":14,"key":"Strength Potion"},{"floor":16,"key":"Ancient Potion"},{"floor":22,"key":"PowerPotion"},{"floor":25,"key":"SmokeBomb"},{"floor":28,"key":"Swift Potion"},{"floor":31,"key":"EssenceOfSteel"},{"floor":33,"key":"PowerPotion"},{"floor":35,"key":"PowerPotion"},{"floor":36,"key":"Weak Potion"},{"floor":37,"key":"Block Potion"}],"is_trial":false,"path_per_floor":["M","M","?","M","M","R","$","M","T","M","$","?","E","M","R","B",null,"M","?","M","M","M","E","?","E","T","$","M","$","?","M","R","B",null,"M","M","M","?","B"],"character_chosen":"IRONCLAD","items_purchased":["Immolate","PrismaticShard","Block Potion"],"campfire_rested":0,"item_purchase_floors":[27,29,29],"current_hp_per_floor":[78,77,70,75,74,73,72,71,70,69,68,74,73,72,71,70,69,65,33,32,31,30,29,19,16,16,16,19,18,17,18,17,16,15,16,17,18,17,0],"gold":275,"neow_bonus":"","is_prod":false,"is_daily":true,"chose_seed":false,"campfire_upgraded":3,"win_rate":0,"timestamp":1558746342,"path_taken":["M","M","?","M","M","R","$","M","T","M","$","?","E","?","R","BOSS","M","?","M","M","M","E","?","E","T","$","M","$","?","M","R","BOSS","M","M","M","?","BOSS"],"build_version":"2019-01-23","purchased_purges":0,"victory":false,"max_hp_per_floor":[78,77,76,75,74,73,72,71,70,69,68,74,73,72,71,70,69,68,33,32,31,30,29,19,20,19,18,19,18,17,18,17,16,15,16,17,18,17,17],"card_choices":[{"not_picked":["Flex","Whirlwind"],"picked":"Shrug It Off","floor":1},{"not_picked":["Warcry","Pommel Strike"],"picked":"Perfected Strike","floor":2},{"not_picked":["Wild Strike","Headbutt"],"picked":"Havoc","floor":4},{"not_picked":["Sever Soul","Clash"],"picked":"Rage","floor":5},{"not_picked":["Flame Barrier","Armaments"],"picked":"Clash","floor":8},{"not_picked":["Hemokinesis","Havoc"],"picked":"Headbutt","floor":10},{"not_picked":["Fire Breathing","Warcry"],"picked":"Rage","floor":13},{"not_picked":["True Grit","Flex"],"picked":"Iron Wave","floor":14},{"not_picked":["Fiend Fire","Reaper"],"picked":"Impervious","floor":16},{"not_picked":["Heavy Blade","Blood for Blood+1"],"picked":"Armaments","floor":18},{"not_picked":["Seeing Red","Havoc"],"picked":"Cleave+1","floor":20},{"not_picked":["Clothesline+1","Havoc"],"picked":"Perfected Strike","floor":21},{"not_picked":["True Grit","Seeing Red"],"picked":"Wild Strike","floor":22},{"not_picked":["Brutality","Iron Wave+1"],"picked":"Flex","floor":23},{"not_picked":["Clash","Havoc","Entrench"],"picked":"Singing Bowl","floor":25},{"not_picked":["Armaments+1","Battle Trance+1","Sword Boomerang+1"],"picked":"Singing Bowl","floor":28},{"not_picked":["Rage","Shrug It Off","Flying Knee"],"picked":"Singing Bowl","floor":31},{"not_picked":["Amplify","Machine Learning"],"picked":"Seek","floor":33},{"not_picked":["Slice","Undo+1","Heavy Blade"],"picked":"Singing Bowl","floor":35},{"not_picked":["Deadly Poison+1","Clothesline","Good Instincts"],"picked":"Singing Bowl","floor":36},{"not_picked":["Warcry","Sword Boomerang+1","HandOfGreed"],"picked":"Singing Bowl","floor":37}],"player_experience":256084,"relics_obtained":[{"floor":9,"key":"Mercury Hourglass"},{"floor":13,"key":"Kunai"},{"floor":23,"key":"MawBank"},{"floor":25,"key":"Singing Bowl"},{"floor":26,"key":"Self Forming Clay"}],"event_choices":[{"damage_healed":0,"gold_gain":0,"player_choice":"Success","damage_taken":7,"relics_obtained":["War Paint"],"max_hp_gain":0,"max_hp_loss":0,"event_name":"Scrap Ooze","floor":3,"gold_loss":0},{"damage_healed":0,"gold_gain":0,"player_choice":"Gave Potion","damage_taken":0,"relics_obtained":["Strawberry"],"max_hp_gain":0,"max_hp_loss":0,"event_name":"WeMeetAgain","floor":12,"gold_loss":0},{"damage_healed":0,"gold_gain":0,"player_choice":"Became a Ghost","damage_taken":0,"max_hp_gain":0,"max_hp_loss":34,"event_name":"Ghosts","floor":19,"gold_loss":0,"cards_obtained":["Ghostly","Ghostly","Ghostly","Ghostly","Ghostly"]},{"damage_healed":0,"gold_gain":0,"player_choice":"Became a vampire","damage_taken":0,"max_hp_gain":0,"max_hp_loss":9,"event_name":"Vampires","floor":24,"gold_loss":0,"cards_obtained":["Bite","Bite","Bite","Bite","Bite"]},{"damage_healed":0,"gold_gain":0,"player_choice":"Inject Mutagens","damage_taken":0,"relics_obtained":["MutagenicStrength"],"max_hp_gain":0,"max_hp_loss":0,"event_name":"Drug Dealer","floor":30,"gold_loss":0},{"damage_healed":0,"gold_gain":0,"player_choice":"Took Portal","damage_taken":0,"max_hp_gain":0,"max_hp_loss":0,"event_name":"SecretPortal","floor":38,"gold_loss":0}],"is_beta":false,"boss_relics":[{"not_picked":["Runic Cube","Lizard Tail"],"picked":"Philosopher\u0027s Stone"},{"not_picked":["Sozu","Empty Cage"],"picked":"White Beast Statue"}],"items_purged_floors":[],"is_endless":false,"potions_floor_spawned":[4,5,10,14,16,22,25,28,31,33,35,36,37],"killed_by":"Awakened One","ascension_level":0}