{"gold_per_floor":[113,123,123,47,67,67,84,84,84,84,159,159,178,213,213,213],"floor_reached":16,"playtime":663,"items_purged":[],"score":140,"play_id":"71630014-598e-44ca-8e55-85f92326ed95","local_time":"20190410223022","is_ascension_mode":true,"campfire_choices":[{"data":"Neutralize","floor":6,"key":"SMITH"},{"data":"Dagger Spray","floor":8,"key":"SMITH"},{"floor":10,"key":"RECALL"},{"data":"1","floor":15,"key":"LIFT"}],"neow_cost":"NONE","seed_source_timestamp":101647268112400,"circlet_count":0,"master_deck":["Defend_G","Defend_G","Defend_G","Defend_G","Defend_G","Strike_G","Strike_G","Strike_G","Strike_G","Survivor","Neutralize+1","Dagger Spray+1","Backstab","Well Laid Plans","Acrobatics","Noxious Fumes","Dodge and Roll"],"relics":["Ring of the Snake","Bottled Tornado","Girya"],"potions_floor_usage":[13,14,16],"damage_taken":[{"damage":4,"enemies":"Small Slimes","floor":1,"turns":5},{"damage":1,"enemies":"Cultist","floor":2,"turns":4},{"damage":0,"enemies":"2 Louse","floor":5,"turns":2},{"damage":1,"enemies":"Looter","floor":7,"turns":4},{"damage":1,"enemies":"Lots of Slimes","floor":13,"turns":2},{"damage":13,"enemies":"3 Sentries","floor":14,"turns":6},{"damage":49,"enemies":"Slime Boss","floor":16,"turns":10}],"seed_played":"-5490900726441335665","potions_obtained":[{"floor":2,"key":"GamblersBrew"},{"floor":7,"key":"Fire Potion"},{"floor":13,"key":"PowerPotion"},{"floor":14,"key":"Ancient Potion"}],"is_trial":false,"path_per_floor":["M","M","?","$","M","R","M","R","T","R","?","?","M","E","R","B"],"character_chosen":"THE_SILENT","items_purchased":["Well Laid Plans"],"campfire_rested":0,"item_purchase_floors":[4],"current_hp_per_floor":[66,65,77,77,77,77,76,76,76,76,65,58,57,44,44,0],"gold":213,"neow_bonus":"TEN_PERCENT_HP_BONUS","is_prod":false,"is_daily":false,"chose_seed":false,"campfire_upgraded":2,"win_rate":0,"timestamp":1554960622,"path_taken":["M","M","?","$","?","R","M","R","T","R","?","?","M","E","R","BOSS"],"build_version":"2019-01-23","purchased_purges":0,"victory":false,"max_hp_per_floor":[77,77,77,77,77,77,77,77,77,77,77,77,77,77,77,77],"card_choices":[{"not_picked":["Prepared","Finisher"],"picked":"Dagger Spray","floor":1},{"not_picked":["Masterful Stab","Prepared"],"picked":"Backstab","floor":2},{"not_picked":["Sucker Punch","Predator"],"picked":"Acrobatics","floor":5},{"not_picked":["Acrobatics","Flechettes","Slice"],"picked":"SKIP","floor":7},{"not_picked":["Predator","Deflect"],"picked":"Noxious Fumes","floor":13},{"not_picked":["Adrenaline","Prepared"],"picked":"Dodge and Roll","floor":14}],"player_experience":1291035,"relics_obtained":[{"floor":9,"key":"Bottled Tornado"},{"floor":14,"key":"Girya"}],"event_choices":[{"damage_healed":12,"gold_gain":0,"player_choice":"Full Heal","damage_taken":0,"max_hp_gain":0,"max_hp_loss":0,"event_name":"Wheel of Change","floor":3,"gold_loss":0},{"damage_healed":0,"gold_gain":75,"player_choice":"Gather Gold","damage_taken":11,"max_hp_gain":0,"max_hp_loss":0,"event_name":"World of Goop","floor":11,"gold_loss":0},{"cards_removed":["Strike_G"],"damage_healed":0,"gold_gain":0,"player_choice":"Card Removal","damage_taken":7,"max_hp_gain":0,"max_hp_loss":0,"event_name":"Golden Wing","floor":12,"gold_loss":0}],"is_beta":false,"boss_relics":[],"items_purged_floors":[],"is_endless":false,"potions_floor_spawned":[2,7,13,14],"killed_by":"Slime Boss","ascension_level":8}