{"gold_per_floor":[115,115,125,141,154,179,26,26,26,26,61,110,110,128,128,225,225,235,255,255,180,80,80],"floor_reached":23,"playtime":965,"items_purged":["Strike_G","Strike_G"],"score":299,"play_id":"1a86bbcd-a1da-44ee-82d5-83a557650c68","local_time":"20190512111212","is_ascension_mode":true,"campfire_choices":[{"data":"Noxious Fumes","floor":13,"key":"SMITH"},{"data":"Burst","floor":15,"key":"SMITH"}],"neow_cost":"NONE","seed_source_timestamp":746004932011400,"circlet_count":0,"master_deck":["AscendersBane","Defend_G","Defend_G","Defend_G","Defend_G","Defend_G","Strike_G","Strike_G","Survivor","Neutralize+1","Prepared","Panacea","Burst+1","Skewer","Deadly Poison","Deadly Poison","Crippling Poison","Parasite","Noxious Fumes+1","Outmaneuver+1"],"relics":["Ring of the Snake","Meat on the Bone","Kunai","Orichalcum","Philosopher\u0027s Stone"],"potions_floor_usage":[6,14,16],"damage_taken":[{"damage":0,"enemies":"Small Slimes","floor":1,"turns":5},{"damage":0,"enemies":"Cultist","floor":3,"turns":5},{"damage":0,"enemies":"2 Louse","floor":4,"turns":3},{"damage":1,"enemies":"Blue Slaver","floor":5,"turns":6},{"damage":34,"enemies":"Gremlin Nob","floor":6,"turns":5},{"damage":40,"enemies":"3 Sentries","floor":11,"turns":12},{"damage":9,"enemies":"Exordium Wildlife","floor":14,"turns":4},{"damage":12,"enemies":"Hexaghost","floor":16,"turns":8},{"damage":14,"enemies":"Spheric Guardian","floor":18,"turns":4},{"damage":18,"enemies":"Shell Parasite","floor":19,"turns":5},{"damage":64,"enemies":"Slavers","floor":23,"turns":4}],"seed_played":"-3771372751150894898","potions_obtained":[{"floor":3,"key":"Poison Potion"},{"floor":6,"key":"AttackPotion"},{"floor":11,"key":"Block Potion"},{"floor":14,"key":"Dexterity Potion"},{"floor":16,"key":"FairyPotion"}],"is_trial":false,"path_per_floor":["M","?","M","M","M","E","$","?","T","?","E","T","R","M","R","B",null,"M","M","?","?","$","E"],"character_chosen":"THE_SILENT","items_purchased":["Crippling Poison"],"campfire_rested":0,"item_purchase_floors":[7],"current_hp_per_floor":[63,63,63,63,62,28,28,51,51,68,40,40,40,43,43,43,63,49,43,43,43,43,0],"gold":80,"neow_bonus":"UPGRADE_CARD","is_prod":false,"is_daily":false,"chose_seed":false,"campfire_upgraded":2,"win_rate":0,"timestamp":1557684732,"path_taken":["M","?","?","M","M","E","$","?","T","?","E","?","R","M","R","BOSS","M","M","?","?","$","E"],"build_version":"2019-01-23","purchased_purges":2,"victory":false,"max_hp_per_floor":[70,70,70,70,70,70,70,70,70,70,70,70,70,70,70,70,70,70,70,70,70,70,70],"card_choices":[{"not_picked":["Acrobatics","Concentrate"],"picked":"Prepared","floor":1},{"not_picked":["Dagger Throw","Blade Dance"],"picked":"Burst","floor":3},{"not_picked":["Masterful Stab","Choke"],"picked":"Skewer","floor":4},{"not_picked":["Dagger Spray","Sucker Punch"],"picked":"Deadly Poison","floor":5},{"not_picked":["Acrobatics","Caltrops"],"picked":"Deadly Poison","floor":6},{"not_picked":["Outmaneuver","Cloak And Dagger"],"picked":"Noxious Fumes","floor":11},{"not_picked":["Deadly Poison","Doppelganger","Blade Dance"],"picked":"SKIP","floor":14},{"not_picked":["Flying Knee","Deflect"],"picked":"Outmaneuver+1","floor":18},{"not_picked":["Bouncing Flask","Flying Knee","Endless Agony"],"picked":"SKIP","floor":19}],"player_experience":1348401,"relics_obtained":[{"floor":6,"key":"Meat on the Bone"},{"floor":11,"key":"Kunai"},{"floor":12,"key":"Orichalcum"}],"event_choices":[{"damage_healed":0,"gold_gain":0,"player_choice":"1 cards matched","damage_taken":0,"max_hp_gain":0,"max_hp_loss":0,"event_name":"Match and Keep!","floor":2,"gold_loss":0,"cards_obtained":["Panacea"]},{"damage_healed":23,"gold_gain":0,"player_choice":"Banana","damage_taken":0,"max_hp_gain":0,"max_hp_loss":0,"event_name":"Big Fish","floor":8,"gold_loss":0},{"damage_healed":17,"gold_gain":0,"player_choice":"Healed and dodged fight","damage_taken":0,"max_hp_gain":0,"max_hp_loss":0,"event_name":"Mushrooms","floor":10,"gold_loss":0,"cards_obtained":["Parasite"]},{"damage_healed":0,"gold_gain":0,"player_choice":"Ignored","damage_taken":0,"max_hp_gain":0,"max_hp_loss":0,"event_name":"Vampires","floor":20,"gold_loss":0},{"cards_removed":["Strike_G"],"damage_healed":0,"gold_gain":0,"player_choice":"Gave Gold","damage_taken":0,"max_hp_gain":0,"max_hp_loss":0,"event_name":"Beggar","floor":21,"gold_loss":75}],"is_beta":false,"boss_relics":[{"not_picked":["Ring of the Serpent","Coffee Dripper"],"picked":"Philosopher\u0027s Stone"}],"items_purged_floors":[7,22],"is_endless":false,"potions_floor_spawned":[3,6,11,14,16],"killed_by":"Slavers","ascension_level":10}