{"gold_per_floor":[115,115,161,66,36,68,87,105,105,123,73,93,18,32,32,127,127,138,138,152,177,193,193],"floor_reached":23,"playtime":1309,"items_purged":["Defend_B"],"score":193,"play_id":"a2ab4b8e-7880-4c55-8d73-c4f023b57c59","local_time":"20190317193743","is_ascension_mode":false,"campfire_choices":[{"data":"Meteor Strike","floor":15,"key":"SMITH"}],"neow_cost":"NONE","seed_source_timestamp":522254794535051,"circlet_count":0,"master_deck":["Strike_B+1","Strike_B+1","Defend_B","Defend_B","Defend_B","Zap","Dualcast","Echo Form","Conserve Battery","Fusion","Cold Snap","Rip and Tear","Glacier","Meteor Strike+1","Gash","Defragment+1","Machine Learning+1","Gash","Chill","Capacitor+1"],"relics":["Cracked Core","Whetstone","Vajra","Frozen Egg 2","Cursed Key","Red Mask"],"potions_floor_usage":[6,12,16],"damage_taken":[{"damage":3,"enemies":"Jaw Worm","floor":1,"turns":3},{"damage":6,"enemies":"Lagavulin","floor":6,"turns":5},{"damage":0,"enemies":"Cultist","floor":7,"turns":4},{"damage":0,"enemies":"Small Slimes","floor":8,"turns":3},{"damage":2,"enemies":"Exordium Wildlife","floor":10,"turns":4},{"damage":12,"enemies":"Exordium Thugs","floor":12,"turns":5},{"damage":0,"enemies":"Large Slime","floor":14,"turns":6},{"damage":12,"enemies":"Hexaghost","floor":16,"turns":9},{"damage":8,"enemies":"Chosen","floor":18,"turns":4},{"damage":3,"enemies":"Spheric Guardian","floor":20,"turns":3},{"damage":36,"enemies":"Masked Bandits","floor":21,"turns":4},{"damage":15,"enemies":"Shelled Parasite and Fungi","floor":22,"turns":4},{"damage":14,"enemies":"Slavers","floor":23,"turns":1}],"seed_played":"-8262650681703137533","potions_obtained":[{"floor":5,"key":"Block Potion"},{"floor":5,"key":"Explosive Potion"},{"floor":8,"key":"SteroidPotion"},{"floor":10,"key":"Ancient Potion"},{"floor":12,"key":"Regen Potion"}],"is_trial":false,"path_per_floor":["M","?","T","$","?","E","M","M","T","M","?","M","$","M","R","B",null,"M","$","M","?","M","E"],"character_chosen":"DEFECT","items_purchased":["Cold Snap","Rip and Tear"],"campfire_rested":0,"item_purchase_floors":[4,4],"current_hp_per_floor":[72,72,72,72,72,66,66,66,66,64,64,52,52,52,52,55,75,67,67,64,28,13,0],"gold":193,"neow_bonus":"ONE_RANDOM_RARE_CARD","is_prod":false,"is_daily":false,"chose_seed":false,"campfire_upgraded":1,"win_rate":0,"timestamp":1552851463,"path_taken":["M","?","?","$","?","E","?","M","T","M","?","M","$","M","R","BOSS","M","$","M","?","M","E"],"build_version":"2019-01-23","purchased_purges":1,"victory":false,"max_hp_per_floor":[75,75,75,75,75,75,75,75,75,75,75,75,75,75,75,75,75,75,75,75,75,75,75],"card_choices":[{"not_picked":["Doom and Gloom","Blizzard"],"picked":"Conserve Battery","floor":1},{"not_picked":["Beam Cell","Barrage"],"picked":"Glacier","floor":6},{"not_picked":["Stack","Compile Driver","Auto Shields"],"picked":"SKIP","floor":7},{"not_picked":["Conserve Battery","Compile Driver"],"picked":"Meteor Strike","floor":8},{"not_picked":["Beam Cell","Turbo","Go for the Eyes"],"picked":"SKIP","floor":10},{"not_picked":["Reprogram","Hologram"],"picked":"Gash","floor":12},{"not_picked":["Heatsinks+1","Rebound"],"picked":"Defragment+1","floor":14},{"not_picked":["Rainbow","Hyperbeam"],"picked":"Machine Learning+1","floor":16},{"not_picked":["Go for the Eyes","Lockon","Ball Lightning"],"picked":"SKIP","floor":18},{"not_picked":["Stack","Conserve Battery"],"picked":"Gash","floor":20},{"not_picked":["Barrage","Leap"],"picked":"Chill","floor":21},{"not_picked":["Static Discharge+1","Double Energy"],"picked":"Capacitor+1","floor":22}],"player_experience":1590688,"relics_obtained":[{"floor":3,"key":"Whetstone"},{"floor":6,"key":"Vajra"},{"floor":9,"key":"Frozen Egg 2"},{"floor":21,"key":"Red Mask"}],"event_choices":[{"damage_healed":0,"gold_gain":0,"cards_transformed":["Strike_B"],"player_choice":"Change","damage_taken":0,"max_hp_gain":0,"max_hp_loss":0,"event_name":"Living Wall","floor":2,"gold_loss":0,"cards_obtained":["Fusion"]},{"damage_healed":0,"gold_gain":0,"player_choice":"Bought 2 Potions","damage_taken":0,"max_hp_gain":0,"max_hp_loss":0,"event_name":"The Woman in Blue","floor":5,"gold_loss":0},{"cards_removed":["Strike_B"],"damage_healed":0,"gold_gain":0,"player_choice":"Card Removal","damage_taken":0,"max_hp_gain":0,"max_hp_loss":0,"event_name":"The Cleric","floor":11,"gold_loss":50},{"damage_healed":0,"gold_gain":0,"player_choice":"Fought Bandits","damage_taken":0,"max_hp_gain":0,"max_hp_loss":0,"event_name":"Masked Bandits","floor":21,"gold_loss":0}],"is_beta":false,"boss_relics":[{"not_picked":["Pandora\u0027s Box","Orrery"],"picked":"Cursed Key"}],"items_purged_floors":[13],"is_endless":false,"potions_floor_spawned":[8,10,12,14],"killed_by":"Slavers","ascension_level":0}