{"gold_per_floor":[114,189,189,154,25,56,56,81,104,120,120,134,134,146,146,249,249,263,278,181,193,209,209,241,241,241,241,268,193,208,225,225,322,322,340,364,364,64,64,64,90,102,102,102,116,116,17,17,17,17],"floor_reached":51,"playtime":4267,"items_purged":["Strike_G","Terror"],"score":1041,"play_id":"ec29c6cf-2577-4561-b9a1-74760aaafad6","local_time":"20180729234225","is_ascension_mode":true,"campfire_choices":[{"data":"Neutralize","floor":11.0,"key":"SMITH"},{"data":"Noxious Fumes","floor":13.0,"key":"SMITH"},{"data":"Catalyst","floor":15.0,"key":"SMITH"},{"data":"Envenom","floor":23.0,"key":"SMITH"},{"floor":25.0,"key":"REST"},{"data":"Backflip","floor":27,"key":"SMITH"},{"floor":32,"key":"REST"}],"neow_cost":"NONE","seed_source_timestamp":0,"circlet_count":0,"master_deck":["Defend_G+1","Defend_G+1","Defend_G+1","Defend_G+1","Defend_G+1","Strike_G+1","Strike_G+1","Neutralize+1","Poisoned Stab+1","Backflip+1","Flying Knee+1","Noxious Fumes+1","Catalyst+1","Deadly Poison+1","Envenom+1","Calculated Gamble+1","Backflip+1","Footwork+1","Backflip+1","Leg Sweep+1","Venomology+1","Dodge and Roll+1","Night Terror+1","Deadly Poison+1","Apotheosis+1","Bane+1"],"special_seed":0,"relics":["Velvet Choker","Snake Skull","Bottled Flame","Happy Flower","Runic Pyramid","Juzu Bracelet","Pen Nib","Whetstone","Coffee Dripper","Potion Belt","Mark of the Bloom","Blue Candle","Gambling Chip","Tough Bandages"],"potions_floor_usage":[30,35,35,45,50,50,50,50],"damage_taken":[{"damage":1.0,"enemies":"Small Slimes","floor":1.0,"turns":5.0},{"damage":15.0,"enemies":"Lagavulin","floor":6.0,"turns":8.0},{"damage":5.0,"enemies":"3 Sentries","floor":8.0,"turns":7.0},{"damage":3.0,"enemies":"Jaw Worm","floor":10.0,"turns":4.0},{"damage":2.0,"enemies":"2 Louse","floor":12.0,"turns":2.0},{"damage":22.0,"enemies":"Exordium Thugs","floor":14.0,"turns":6.0},{"damage":2.0,"enemies":"The Guardian","floor":16.0,"turns":5.0},{"damage":23.0,"enemies":"2 Thieves","floor":18.0,"turns":4.0},{"damage":0.0,"enemies":"Chosen","floor":19.0,"turns":3.0},{"damage":0.0,"enemies":"3 Cultists","floor":21.0,"turns":5.0},{"damage":3.0,"enemies":"Cultist and Chosen","floor":22.0,"turns":6.0},{"damage":25.0,"enemies":"Slavers","floor":24.0,"turns":5.0},{"damage":11,"enemies":"Gremlin Leader","floor":28,"turns":6},{"damage":0,"enemies":"Snake Plant","floor":30,"turns":4},{"damage":0,"enemies":"Snecko","floor":31,"turns":8},{"damage":0,"enemies":"Automaton","floor":33,"turns":7},{"damage":10,"enemies":"3 Shapes","floor":35,"turns":6},{"damage":0,"enemies":"Giant Head","floor":41,"turns":4},{"damage":1,"enemies":"Flame Bruiser 1 Orb","floor":42,"turns":4},{"damage":0,"enemies":"Sphere and 2 Shapes","floor":45,"turns":5},{"damage":1,"enemies":"Time Eater","floor":50,"turns":3}],"seed_played":"3776089246308894475","potions_obtained":[{"floor":6.0,"key":"Weak Potion"},{"floor":8.0,"key":"FearPotion"},{"floor":10.0,"key":"Poison Potion"},{"floor":18.0,"key":"Poison Potion"},{"floor":21.0,"key":"FearPotion"},{"floor":24.0,"key":"Block Potion"},{"floor":33,"key":"Block Potion"},{"floor":41,"key":"FearPotion"},{"floor":48,"key":"FairyPotion"},{"floor":48,"key":"Energy Potion"}],"is_trial":false,"path_per_floor":["M","?","?","?","$","E","$","E","T","M","R","M","R","M","R","B",null,"M","M","$","M","M","R","E","R","T","R","E","?","M","M","R","B",null,"M","T","?","$","?","R","E","M","T","?","M","$","?","?","R","B"],"character_chosen":"THE_SILENT","items_purchased":["Backflip","Flying Knee","Weak Potion","Backflip","Apotheosis"],"campfire_rested":2,"item_purchase_floors":[5,5,5,20,38],"current_hp_per_floor":[62,51,44,61,61,46,46,41,41,38,38,36,36,14,14,12,56,33,33,33,33,30,30,5,26,26,26,15,15,15,15,36,36,62,52,52,52,52,52,52,52,51,51,51,51,51,51,51,51,50],"gold":17,"neow_bonus":"BOSS_RELIC","is_prod":false,"is_daily":false,"chose_seed":false,"campfire_upgraded":5,"win_rate":0,"timestamp":1532932945,"path_taken":["M","?","?","?","?","E","$","E","T","M","R","M","R","?","R","BOSS","M","?","$","M","M","R","E","R","T","R","E","?","M","M","R","BOSS","M","?","?","$","?","R","E","M","T","?","M","?","?","?","R","BOSS"],"build_version":"2018-07-26","purchased_purges":2,"victory":true,"max_hp_per_floor":[70,70,70,70,70,70,70,70,70,70,70,70,70,70,70,70,70,70,70,70,70,70,70,70,70,70,70,70,70,70,70,70,70,70,70,70,70,70,70,70,70,70,70,70,70,70,70,70,70,70],"card_choices":[{"not_picked":["Outmaneuver","Flying Knee"],"picked":"Poisoned Stab","floor":1.0},{"not_picked":["Terror","Flying Knee"],"picked":"Noxious Fumes","floor":6.0},{"not_picked":["Prepared","Riddle With Holes"],"picked":"Catalyst","floor":8.0},{"not_picked":["Prepared","Cloak And Dagger","Eviscerate"],"picked":"SKIP","floor":10.0},{"not_picked":["Distraction","Underhanded Strike"],"picked":"Terror","floor":12.0},{"not_picked":["Slice","Reflex"],"picked":"Deadly Poison","floor":14.0},{"not_picked":["Phantasmal Killer","Glass Knife"],"picked":"Envenom","floor":16.0},{"not_picked":["All Out Attack","Underhanded Strike"],"picked":"Calculated Gamble","floor":18.0},{"not_picked":["Sucker Punch","Bane","Blade Dance"],"picked":"SKIP","floor":19.0},{"not_picked":["Deflect+1","Quick Slash+1"],"picked":"Footwork+1","floor":21.0},{"not_picked":["Deadly Poison+1","Quick Slash+1"],"picked":"Backflip+1","floor":22.0},{"not_picked":["Skewer","Slice"],"picked":"Leg Sweep+1","floor":24.0},{"not_picked":["PiercingWail","Endless Agony"],"picked":"Venomology","floor":28},{"not_picked":["Dagger Throw","Quick Slash"],"picked":"Dodge and Roll","floor":30},{"not_picked":["Leg Sweep+1","Outmaneuver","Noxious Fumes"],"picked":"SKIP","floor":31},{"not_picked":["Storm of Steel","Malaise"],"picked":"Night Terror","floor":33},{"not_picked":["Acrobatics","Backflip"],"picked":"Deadly Poison","floor":35},{"not_picked":["Infinite Blades","Calculated Gamble+1","Crippling Poison+1"],"picked":"SKIP","floor":41},{"not_picked":["Deadly Poison","PiercingWail"],"picked":"Bane+1","floor":42},{"not_picked":["Outmaneuver","Sucker Punch","PiercingWail"],"picked":"SKIP","floor":45}],"player_experience":178622,"relics_obtained":[{"floor":6.0,"key":"Snake Skull"},{"floor":8.0,"key":"Bottled Flame"},{"floor":9.0,"key":"Happy Flower"},{"floor":24.0,"key":"Juzu Bracelet"},{"floor":26,"key":"Pen Nib"},{"floor":28,"key":"Whetstone"},{"floor":36,"key":"Potion Belt"},{"floor":41,"key":"Blue Candle"},{"floor":43,"key":"Gambling Chip"}],"event_choices":[{"event_name":"World of Goop","player_choice":"Gather Gold","floor":2.0,"damage_taken":0.0},{"event_name":"Golden Wing","player_choice":"Card Removal","floor":3.0,"damage_taken":0.0},{"event_name":"The Cleric","player_choice":"Healed","floor":4.0,"damage_taken":0.0},{"event_name":"Beggar","player_choice":"Gave Gold","floor":29,"damage_taken":0},{"event_name":"Tomb of Lord Red Mask","player_choice":"Ignored","floor":37,"damage_taken":0},{"event_name":"MindBloom","player_choice":"Upgrade","floor":39,"damage_taken":0},{"event_name":"Falling","player_choice":"Removed Skill","floor":44,"damage_taken":0},{"event_name":"WeMeetAgain","player_choice":"Gold","floor":47,"damage_taken":0},{"event_name":"The Lab","player_choice":"Got Potions","floor":48,"damage_taken":0}],"is_beta":false,"boss_relics":[{"not_picked":["Fusion Hammer","Ectoplasm"],"picked":"Runic Pyramid"},{"not_picked":["Black Star","WristBlade"],"picked":"Coffee Dripper"}],"items_purged_floors":[20,38],"is_endless":false,"potions_floor_spawned":[6,8,10,18,21,24,33,41,42],"ascension_level":7}