{"gold_per_floor":[119,119,194,205,219,252,252,278,278,278,352,365,150,160,160,231,231,251,263,282,297,0,0],"floor_reached":23,"playtime":1085,"items_purged":["Regret"],"score":413,"play_id":"5b5ae9b6-ebb7-4445-bc8b-7e4a3600bd8f","local_time":"20190707202000","is_ascension_mode":true,"campfire_choices":[{"data":"Heavy Blade","floor":10.0,"key":"SMITH"},{"data":"Demon Form","floor":15.0,"key":"SMITH"}],"neow_cost":"NONE","seed_source_timestamp":0,"circlet_count":0,"master_deck":["AscendersBane","Strike_R","Strike_R","Strike_R","Strike_R","Strike_R","Defend_R","Defend_R","Defend_R","Defend_R","Bash","Spot Weakness","Heavy Blade+1","Shrug It Off","Ghostly Armor","Parasite","Seeing Red","Demon Form+1","Offering","Body Slam","Shrug It Off+1","Entrench"],"special_seed":0,"relics":["Burning Blood","Potion Belt","Torii","Unceasing Top","Pear","Shuriken","Fusion Hammer"],"potions_floor_usage":[16,23],"damage_taken":[{"damage":1.0,"enemies":"Cultist","floor":1.0,"turns":3.0},{"damage":2.0,"enemies":"Jaw Worm","floor":4.0,"turns":3.0},{"damage":3.0,"enemies":"2 Louse","floor":5.0,"turns":3.0},{"damage":35.0,"enemies":"Lagavulin","floor":6.0,"turns":5.0},{"damage":30.0,"enemies":"3 Sentries","floor":8.0,"turns":10.0},{"damage":3.0,"enemies":"Looter","floor":12.0,"turns":4.0},{"damage":14.0,"enemies":"Red Slaver","floor":14.0,"turns":5.0},{"damage":30,"enemies":"The Guardian","floor":16,"turns":9},{"damage":20,"enemies":"Shell Parasite","floor":18,"turns":5},{"damage":41,"enemies":"3 Byrds","floor":19,"turns":7},{"damage":9,"enemies":"Snake Plant","floor":20,"turns":3},{"damage":25,"enemies":"Chosen and Byrds","floor":21,"turns":6},{"damage":21,"enemies":"Gremlin Leader","floor":23,"turns":3}],"seed_played":"7718869790681656474","potions_obtained":[{"floor":1.0,"key":"FearPotion"},{"floor":8.0,"key":"PowerPotion"},{"floor":12.0,"key":"BloodPotion"},{"floor":16,"key":"FearPotion"},{"floor":19,"key":"Ancient Potion"},{"floor":21,"key":"Fruit Juice"}],"is_trial":false,"path_per_floor":["M","?","?","M","M","E","?","E","T","R","T","M","$","M","R","B",null,"M","M","M","M","?","E"],"character_chosen":"IRONCLAD","items_purchased":["Demon Form"],"campfire_rested":0,"item_purchase_floors":[13],"current_hp_per_floor":[80,80,69,73,76,47,67,43,53,53,53,56,56,71,71,47,81,67,32,29,10,10,0],"gold":0,"neow_bonus":"TEN_PERCENT_HP_BONUS","is_prod":false,"is_daily":false,"chose_seed":false,"campfire_upgraded":2,"win_rate":0,"timestamp":1562556000,"path_taken":["M","?","?","M","M","E","?","E","T","R","?","?","$","?","R","BOSS","M","M","?","?","?","E"],"build_version":"2019-07-05","purchased_purges":1,"victory":false,"max_hp_per_floor":[82,82,82,82,82,82,82,82,92,92,92,92,92,92,92,92,92,92,92,92,92,92,97],"card_choices":[{"not_picked":["Dropkick","Warcry"],"picked":"Spot Weakness","floor":1.0},{"not_picked":["Flex","Body Slam"],"picked":"Heavy Blade","floor":4.0},{"not_picked":["Headbutt","Sword Boomerang"],"picked":"Shrug It Off","floor":5.0},{"not_picked":["Pommel Strike","Evolve"],"picked":"Ghostly Armor","floor":6.0},{"not_picked":["Thunderclap","Bloodletting"],"picked":"Seeing Red","floor":8.0},{"not_picked":["Rampage","Headbutt","Carnage"],"picked":"SKIP","floor":12.0},{"not_picked":["Thunderclap","Flex","Sword Boomerang"],"picked":"SKIP","floor":14.0},{"not_picked":["Dark Embrace","Feed"],"picked":"Offering","floor":16},{"not_picked":["Heavy Blade","Corruption"],"picked":"Body Slam","floor":18},{"not_picked":["Rage","Clash","Corruption"],"picked":"SKIP","floor":19},{"not_picked":["Power Through+1","Body Slam"],"picked":"Shrug It Off+1","floor":20},{"not_picked":["Flex+1","Shrug It Off"],"picked":"Entrench","floor":21}],"player_experience":1375543,"relics_obtained":[{"floor":6.0,"key":"Torii"},{"floor":8.0,"key":"Unceasing Top"},{"floor":9.0,"key":"Pear"},{"floor":11.0,"key":"Shuriken"}],"event_choices":[{"damage_healed":0.0,"max_hp_gain":0.0,"max_hp_loss":0.0,"gold_gain":0.0,"event_name":"Big Fish","player_choice":"Box","floor":2.0,"gold_loss":0.0,"damage_taken":0.0,"relics_obtained":["Potion Belt"],"cards_obtained":["Regret"]},{"damage_healed":0.0,"max_hp_gain":0.0,"max_hp_loss":0.0,"gold_gain":75.0,"event_name":"World of Goop","player_choice":"Gather Gold","floor":3.0,"gold_loss":0.0,"damage_taken":11.0},{"damage_healed":20.0,"max_hp_gain":0.0,"max_hp_loss":0.0,"gold_gain":0.0,"event_name":"Mushrooms","player_choice":"Healed and dodged fight","floor":7.0,"gold_loss":0.0,"damage_taken":0.0,"cards_obtained":["Parasite"]},{"damage_healed":0,"gold_gain":0,"player_choice":"Paid Fearfully","damage_taken":0,"max_hp_gain":0,"max_hp_loss":0,"event_name":"Masked Bandits","floor":22,"gold_loss":297}],"is_beta":false,"boss_relics":[{"not_picked":["Runic Cube","Sozu"],"picked":"Fusion Hammer"}],"items_purged_floors":[13],"is_endless":false,"potions_floor_spawned":[1,8,12,16,19,21],"killed_by":"Gremlin Leader","ascension_level":14}