{"gold_per_floor":[118,138,148,159,178,205,205,239,290,309,343,343,372,372,372,474,474,492,508,135,151,12,37,51,79,105,121,121,40,40,40,40,140,140,160,175,50,50,70,99,118,118,144,0,28,28,86,96,96,96],"floor_reached":51,"playtime":4189,"items_purged":["Strike_G","Strike_G","Strike_G"],"score":1153,"play_id":"0dbbac5f-c4bc-4f1c-a91f-451fb62ba6b3","local_time":"20180726181223","is_ascension_mode":true,"campfire_choices":[{"data":"Wraith Form v2","floor":7,"key":"SMITH"},{"data":"Finisher","floor":15,"key":"SMITH"},{"data":"Well Laid Plans","floor":28,"key":"SMITH"},{"data":"Blade Dance","floor":30,"key":"SMITH"},{"data":"Phantasmal Killer","floor":32,"key":"SMITH"},{"data":"Footwork","floor":46,"key":"SMITH"},{"floor":49,"key":"REST"}],"neow_cost":"NONE","seed_source_timestamp":1000466408848664,"circlet_count":0,"master_deck":["Defend_G+1","Defend_G+1","Defend_G+1","Defend_G+1","Defend_G+1","Strike_G+1","Strike_G+1","Survivor+1","Neutralize+1","Dagger Spray+1","Endless Agony+1","Predator+1","Backflip+1","Wraith Form v2+1","Well Laid Plans+1","Poisoned Stab+1","Quick Slash+1","Finisher+1","Phantasmal Killer+1","Footwork+1","Blade Dance+1","Cloak And Dagger+1","Infinite Blades+1","Backflip+1","Purity+1","Accuracy+1","Footwork+1"],"relics":["Ring of the Snake","Bag of Preparation","Happy Flower","Lantern","Bronze Scales","Shuriken","Odd Mushroom","Busted Crown","Thread and Needle","Juzu Bracelet","Snake Skull","War Paint","Enchiridion","White Beast Statue","Bird Faced Urn","Mark of the Bloom","Omamori","Red Mask","Nunchaku","Tiny Chest"],"potions_floor_usage":[8,16,16,19,19,27,33,33,50],"damage_taken":[{"damage":0,"enemies":"Small Slimes","floor":1,"turns":4},{"damage":0,"enemies":"Jaw Worm","floor":2,"turns":4},{"damage":0,"enemies":"2 Louse","floor":3,"turns":1},{"damage":4,"enemies":"Blue Slaver","floor":4,"turns":4},{"damage":6,"enemies":"3 Louse","floor":5,"turns":2},{"damage":4,"enemies":"Gremlin Nob","floor":6,"turns":5},{"damage":2,"enemies":"Lagavulin","floor":8,"turns":6},{"damage":1,"enemies":"Looter","floor":10,"turns":3},{"damage":9,"enemies":"Gremlin Nob","floor":11,"turns":4},{"damage":0,"floor":13,"turns":2},{"damage":23,"enemies":"Hexaghost","floor":16,"turns":7},{"damage":3,"enemies":"Chosen","floor":18,"turns":2},{"damage":0,"enemies":"Shell Parasite","floor":19,"turns":2},{"damage":0,"enemies":"Snake Plant","floor":21,"turns":1},{"damage":0,"enemies":"Book of Stabbing","floor":23,"turns":4},{"damage":0,"enemies":"Cultist and Chosen","floor":24,"turns":4},{"damage":0,"enemies":"Gremlin Leader","floor":25,"turns":4},{"damage":0,"enemies":"Slaver and Parasite","floor":27,"turns":3},{"damage":0,"enemies":"Automaton","floor":33,"turns":7},{"damage":0,"enemies":"Flame Bruiser 1 Orb","floor":35,"turns":2},{"damage":2,"enemies":"3 Shapes","floor":36,"turns":5},{"damage":0,"enemies":"Sphere and 2 Shapes","floor":39,"turns":5},{"damage":0,"enemies":"Nemesis","floor":40,"turns":3},{"damage":2,"enemies":"Maw","floor":41,"turns":5},{"damage":0,"enemies":"Giant Head","floor":45,"turns":5},{"damage":0,"enemies":"Nemesis","floor":47,"turns":3},{"damage":1,"enemies":"Spire Growth","floor":48,"turns":4},{"damage":2,"enemies":"Time Eater","floor":50,"turns":7}],"seed_played":"-8485740383186571631","potions_obtained":[{"floor":4,"key":"LiquidBronze"},{"floor":5,"key":"SkillPotion"},{"floor":6,"key":"Fire Potion"},{"floor":13,"key":"FearPotion"},{"floor":16,"key":"SkillPotion"},{"floor":21,"key":"Strength Potion"},{"floor":24,"key":"Dexterity Potion"},{"floor":25,"key":"Fire Potion"},{"floor":27,"key":"SkillPotion"},{"floor":35,"key":"Energy Potion"},{"floor":36,"key":"Fire Potion"},{"floor":40,"key":"GhostInAJar"},{"floor":45,"key":"FearPotion"},{"floor":47,"key":"GhostInAJar"}],"is_trial":false,"path_per_floor":["M","M","M","M","M","E","R","E","T","M","E","?","?","?","R","B",null,"M","M","$","M","$","E","M","E","T","M","R","$","R","?","R","B",null,"M","M","$","?","M","E","M","?","T","?","E","R","E","M","R","B"],"character_chosen":"THE_SILENT","items_purchased":["Thread and Needle","Blade Dance","Infinite Blades"],"campfire_rested":1,"item_purchase_floors":[20,22,29],"current_hp_per_floor":[70,70,70,66,60,56,56,54,54,53,44,67,67,53,53,30,60,57,57,57,57,57,57,57,57,57,57,57,57,57,41,41,41,63,63,61,61,56,56,56,64,64,64,64,64,64,64,63,63,61],"gold":96,"neow_bonus":"RANDOM_COMMON_RELIC","is_prod":false,"is_daily":false,"chose_seed":false,"campfire_upgraded":6,"win_rate":0,"timestamp":1532653943,"path_taken":["M","M","M","M","M","E","R","E","T","M","E","?","?","?","R","BOSS","M","M","$","?","$","E","M","E","T","M","R","$","R","?","R","BOSS","M","M","$","?","M","E","M","?","T","?","E","R","E","M","R","BOSS"],"build_version":"2018-07-19v2","purchased_purges":3,"victory":true,"max_hp_per_floor":[70,70,70,70,70,70,70,70,70,70,70,70,70,70,70,70,70,70,70,70,70,70,70,70,70,70,70,70,70,70,70,70,70,70,70,70,70,70,70,70,70,70,70,70,70,70,70,70,70,70],"card_choices":[{"not_picked":["Flying Knee","Acrobatics"],"picked":"Dagger Spray","floor":1},{"not_picked":["Riddle With Holes","Backflip"],"picked":"Endless Agony","floor":2},{"not_picked":["Prepared","Dagger Spray"],"picked":"Predator","floor":3},{"not_picked":["Accuracy","Dodge and Roll"],"picked":"Backflip","floor":4},{"not_picked":["Setup","Flying Knee"],"picked":"Wraith Form v2","floor":5},{"not_picked":["Deadly Poison","Underhanded Strike"],"picked":"Well Laid Plans","floor":6},{"not_picked":["Deadly Poison","Flying Knee"],"picked":"Poisoned Stab","floor":8},{"not_picked":["Reflex","Outmaneuver"],"picked":"Quick Slash","floor":10},{"not_picked":["Reflex","Dash"],"picked":"Finisher","floor":11},{"not_picked":["A Thousand Cuts","Tools of the Trade"],"picked":"Phantasmal Killer","floor":16},{"not_picked":["Flying Knee"],"picked":"SKIP","floor":18},{"not_picked":[],"picked":"Footwork","floor":19},{"not_picked":["Underhanded Strike"],"picked":"SKIP","floor":21},{"not_picked":[],"picked":"Cloak And Dagger","floor":23},{"not_picked":["Bane+1"],"picked":"SKIP","floor":24},{"not_picked":["Heel Hook"],"picked":"SKIP","floor":25},{"not_picked":["Deadly Poison+1"],"picked":"SKIP","floor":27},{"not_picked":["Distraction+1"],"picked":"SKIP","floor":35},{"not_picked":[],"picked":"Backflip+1","floor":36},{"not_picked":[],"picked":"Purity","floor":38},{"not_picked":["Cloak And Dagger"],"picked":"SKIP","floor":39},{"not_picked":["Calculated Gamble"],"picked":"SKIP","floor":40},{"not_picked":[],"picked":"Accuracy","floor":41},{"not_picked":[],"picked":"Footwork","floor":45},{"not_picked":["Deadly Poison+1"],"picked":"SKIP","floor":47},{"not_picked":["Flying Knee"],"picked":"SKIP","floor":48}],"player_experience":162439,"relics_obtained":[{"floor":6,"key":"Happy Flower"},{"floor":8,"key":"Lantern"},{"floor":9,"key":"Bronze Scales"},{"floor":11,"key":"Shuriken"},{"floor":13,"key":"Odd Mushroom"},{"floor":23,"key":"Juzu Bracelet"},{"floor":25,"key":"Snake Skull"},{"floor":26,"key":"War Paint"},{"floor":31,"key":"Enchiridion"},{"floor":40,"key":"Bird Faced Urn"},{"floor":43,"key":"Omamori"},{"floor":45,"key":"Nunchaku"},{"floor":47,"key":"Tiny Chest"}],"event_choices":[{"event_name":"Big Fish","player_choice":"Banana","floor":12,"damage_taken":0},{"event_name":"Mushrooms","player_choice":"Fought Mushrooms","floor":13,"damage_taken":0},{"event_name":"Shining Light","player_choice":"Entered Light","floor":14,"damage_taken":0},{"event_name":"Cursed Tome","player_choice":"Obtained Book","floor":31,"damage_taken":0},{"event_name":"SensoryStone","player_choice":"Memory 2","floor":38,"damage_taken":0},{"event_name":"MindBloom","player_choice":"Upgrade","floor":42,"damage_taken":0},{"event_name":"Tomb of Lord Red Mask","player_choice":"Paid","floor":44,"damage_taken":0}],"is_beta":false,"boss_relics":[{"not_picked":["Runic Dome","Ring of the Serpent"],"picked":"Busted Crown"},{"not_picked":["Eternal Feather","Orrery"],"picked":"White Beast Statue"}],"items_purged_floors":[20,22,37],"is_endless":false,"potions_floor_spawned":[4,5,6,13,16,21,24,25,27,35,36,39,40,41,45,47,48],"ascension_level":5}