{"gold_per_floor":[111,121,121,139,64,97,108,141,141,157,3,19,38,3,3,108,108,126,126,143,143,163,194,194,227,304,304,122,122,122,47,47,146,146,157,157,157,170,4,4,37,55,107,138,138,53,84,102,102,102],"floor_reached":50,"playtime":3477,"items_purged":["Pain"],"score":763,"play_id":"70998479-9d00-4417-b5c0-88d29f27c382","local_time":"20190411194226","is_ascension_mode":true,"campfire_choices":[{"data":"Zap","floor":15,"key":"SMITH"},{"data":"Loop","floor":24,"key":"SMITH"},{"data":"Meteor Strike","floor":27,"key":"SMITH"},{"floor":29,"key":"REST"},{"data":"Transmutation","floor":32,"key":"SMITH"},{"data":"Panache","floor":40,"key":"SMITH"},{"floor":45,"key":"REST"},{"floor":49,"key":"REST"}],"neow_cost":"TEN_PERCENT_HP_LOSS","seed_source_timestamp":2676933733222152,"circlet_count":0,"master_deck":["Strike_B","Strike_B","Strike_B","Defend_B","Defend_B","Defend_B","Defend_B","Zap+1","Dualcast","Go for the Eyes","Coolheaded","Seek","Gash","Doom and Gloom","Loop+1","Meteor Strike+1","Fusion+1","Gash","Transmutation+1","Meteor Strike","Hologram+1","Double Energy+1","White Noise","BootSequence","Panache+1","Steam+1","Dark Shackles","Gash+1","Go for the Eyes+1","Gash+1"],"relics":["Cracked Core","Thread and Needle","WarpedTongs","Symbiotic Virus","Emotion Chip","Ice Cream","Art of War","Black Star","Calipers","Vajra","Omamori","Ancient Tea Set","Boot","Tiny Chest","Orrery","Prayer Wheel","Frozen Egg 2","Happy Flower","Lantern","Turnip","Question Card","DataDisk"],"potions_floor_usage":[18,23,23,25,33,44,47,50,50,50],"damage_taken":[{"damage":0,"enemies":"2 Louse","floor":1,"turns":2},{"damage":0,"enemies":"Cultist","floor":2,"turns":3},{"damage":1,"enemies":"Small Slimes","floor":4,"turns":3},{"damage":19,"enemies":"Gremlin Nob","floor":6,"turns":5},{"damage":0,"enemies":"Blue Slaver","floor":7,"turns":3},{"damage":0,"enemies":"Lagavulin","floor":8,"turns":7},{"damage":0,"enemies":"Large Slime","floor":10,"turns":2},{"damage":0,"enemies":"2 Fungi Beasts","floor":12,"turns":3},{"damage":0,"enemies":"Looter","floor":13,"turns":3},{"damage":0,"enemies":"Slime Boss","floor":16,"turns":6},{"damage":0,"enemies":"Spheric Guardian","floor":18,"turns":3},{"damage":1,"enemies":"Chosen","floor":20,"turns":4},{"damage":3,"enemies":"Snecko","floor":22,"turns":4},{"damage":18,"enemies":"Gremlin Leader","floor":23,"turns":7},{"damage":9,"enemies":"Book of Stabbing","floor":25,"turns":5},{"damage":32,"enemies":"Collector","floor":33,"turns":10},{"damage":4,"enemies":"Orb Walker","floor":35,"turns":3},{"damage":5,"enemies":"3 Darklings","floor":38,"turns":3},{"damage":18,"enemies":"Reptomancer","floor":41,"turns":5},{"damage":0,"enemies":"4 Shapes","floor":42,"turns":3},{"damage":21,"enemies":"Giant Head","floor":44,"turns":6},{"damage":0,"enemies":"Nemesis","floor":47,"turns":3},{"damage":0,"enemies":"Maw","floor":48,"turns":5},{"damage":71,"enemies":"Awakened One","floor":50,"turns":11}],"seed_played":"2300387466957766105","potions_obtained":[{"floor":4,"key":"SteroidPotion"},{"floor":7,"key":"GamblersBrew"},{"floor":8,"key":"Poison Potion"},{"floor":13,"key":"Regen Potion"},{"floor":23,"key":"Weak Potion"},{"floor":25,"key":"Swift Potion"},{"floor":33,"key":"Dexterity Potion"},{"floor":38,"key":"Energy Potion"},{"floor":42,"key":"GamblersBrew"},{"floor":44,"key":"Block Potion"},{"floor":48,"key":"FocusPotion"}],"is_trial":false,"path_per_floor":["M","M","?","M","$","E","M","E","T","M","$","M","M","?","R","B",null,"M","?","M","?","M","E","R","E","T","R","$","R","?","?","R","B",null,"M","?","?","M","$","R","E","M","T","E","R","$","E","M","R","B"],"character_chosen":"DEFECT","items_purchased":["Art of War","Transmutation","Panache","Dark Shackles"],"campfire_rested":3,"item_purchase_floors":[11,28,39,46],"current_hp_per_floor":[68,68,68,67,67,48,48,48,48,48,48,48,48,65,65,65,68,68,68,67,67,64,58,58,49,49,49,49,68,68,68,68,36,68,64,64,68,63,63,63,45,45,45,24,44,44,44,44,64,0],"gold":102,"neow_bonus":"ONE_RARE_RELIC","is_prod":false,"is_daily":false,"chose_seed":false,"campfire_upgraded":5,"win_rate":0,"timestamp":1555008146,"path_taken":["M","M","?","M","?","E","M","E","T","M","$","M","M","?","R","BOSS","M","?","M","?","M","E","R","E","T","R","$","R","?","?","R","BOSS","M","?","?","M","$","R","E","?","T","E","R","$","E","M","R","BOSS"],"build_version":"2019-01-23","purchased_purges":1,"victory":false,"max_hp_per_floor":[68,68,68,68,68,68,68,68,68,68,68,68,68,68,68,68,68,68,68,68,68,68,68,68,68,68,68,68,68,68,68,68,68,68,68,68,68,68,68,68,68,68,68,68,68,68,68,68,68,68],"card_choices":[{"not_picked":["Rebound","Rip and Tear"],"picked":"Go for the Eyes","floor":1},{"not_picked":["Force Field","Lockon"],"picked":"Coolheaded","floor":2},{"not_picked":["Hologram","Go for the Eyes","Barrage"],"picked":"SKIP","floor":4},{"not_picked":["Barrage","Amplify"],"picked":"Seek","floor":6},{"not_picked":["Rebound","Beam Cell"],"picked":"Gash","floor":7},{"not_picked":["Stack","Barrage"],"picked":"Doom and Gloom","floor":8},{"not_picked":["Redo","Barrage","Doom and Gloom"],"picked":"SKIP","floor":10},{"not_picked":["Rebound","Consume","Stack"],"picked":"SKIP","floor":12},{"not_picked":["Undo","Barrage"],"picked":"Loop","floor":13},{"not_picked":["Machine Learning","Creative AI"],"picked":"Meteor Strike","floor":16},{"not_picked":["Glacier+1","Leap"],"picked":"Fusion+1","floor":18},{"not_picked":["Rebound","Reprogram","Hello World"],"picked":"SKIP","floor":20},{"not_picked":["Fusion","Stack+1","Streamline"],"picked":"SKIP","floor":22},{"not_picked":["Melter","FTL","Barrage"],"picked":"SKIP","floor":23},{"not_picked":["Cold Snap+1","Defragment"],"picked":"Gash","floor":25},{"not_picked":["Hyperbeam","Reboot"],"picked":"Meteor Strike","floor":33},{"not_picked":["Hello World+1","Undo"],"picked":"Hologram+1","floor":34},{"not_picked":["Sunder+1","Glacier+1"],"picked":"Double Energy+1","floor":34},{"not_picked":["Coolheaded","Force Field"],"picked":"White Noise","floor":34},{"not_picked":["Compile Driver","FTL","Rip and Tear+1"],"picked":"SKIP","floor":35},{"not_picked":["Ball Lightning+1","Consume+1"],"picked":"BootSequence","floor":38},{"not_picked":["Rebound+1","Ball Lightning","Skim"],"picked":"SKIP","floor":41},{"not_picked":["Steam","Leap+1","Conserve Battery+1"],"picked":"SKIP","floor":42},{"not_picked":["Conserve Battery+1","Melter","Beam Cell+1"],"picked":"SKIP","floor":42},{"not_picked":["Hyperbeam","Cold Snap"],"picked":"Steam+1","floor":44},{"not_picked":["Lockon","Redo"],"picked":"Gash+1","floor":47},{"not_picked":["Undo+1","Genetic Algorithm+1","Defragment+1"],"picked":"Go for the Eyes+1","floor":48},{"not_picked":["Leap","Hologram+1","Melter"],"picked":"Gash+1","floor":48}],"player_experience":1746658,"relics_obtained":[{"floor":6,"key":"Symbiotic Virus"},{"floor":8,"key":"Emotion Chip"},{"floor":9,"key":"Ice Cream"},{"floor":23,"key":"Vajra"},{"floor":23,"key":"Omamori"},{"floor":25,"key":"Ancient Tea Set"},{"floor":25,"key":"Boot"},{"floor":26,"key":"Tiny Chest"},{"floor":41,"key":"Prayer Wheel"},{"floor":41,"key":"Frozen Egg 2"},{"floor":43,"key":"Happy Flower"},{"floor":44,"key":"Lantern"},{"floor":44,"key":"Turnip"},{"floor":47,"key":"Question Card"},{"floor":47,"key":"DataDisk"}],"event_choices":[{"damage_healed":0,"gold_gain":0,"player_choice":"Rummage","damage_taken":0,"relics_obtained":["WarpedTongs"],"max_hp_gain":0,"max_hp_loss":0,"event_name":"Accursed Blacksmith","floor":3,"gold_loss":0,"cards_obtained":["Pain"]},{"damage_healed":17,"gold_gain":0,"player_choice":"Healed","damage_taken":0,"max_hp_gain":0,"max_hp_loss":0,"event_name":"The Cleric","floor":14,"gold_loss":35},{"damage_healed":0,"gold_gain":0,"player_choice":"Ignored","damage_taken":0,"max_hp_gain":0,"max_hp_loss":0,"event_name":"Vampires","floor":19,"gold_loss":0},{"damage_healed":0,"gold_gain":0,"player_choice":"Opened","damage_taken":0,"relics_obtained":["Calipers"],"max_hp_gain":0,"max_hp_loss":0,"event_name":"The Mausoleum","floor":21,"gold_loss":0},{"damage_healed":0,"gold_gain":0,"player_choice":"Ignored","damage_taken":0,"max_hp_gain":0,"max_hp_loss":0,"event_name":"Ghosts","floor":30,"gold_loss":0},{"cards_removed":["Strike_B"],"damage_healed":0,"gold_gain":0,"player_choice":"Gave Gold","damage_taken":0,"max_hp_gain":0,"max_hp_loss":0,"event_name":"Beggar","floor":31,"gold_loss":75},{"damage_healed":0,"gold_gain":0,"player_choice":"Ignored","damage_taken":0,"max_hp_gain":0,"max_hp_loss":0,"event_name":"Tomb of Lord Red Mask","floor":36,"gold_loss":0},{"damage_healed":17,"gold_gain":0,"player_choice":"Writhe","damage_taken":0,"max_hp_gain":0,"max_hp_loss":0,"event_name":"Winding Halls","floor":37,"gold_loss":0,"cards_obtained":["Writhe"]}],"is_beta":false,"boss_relics":[{"not_picked":["White Beast Statue","Philosopher\u0027s Stone"],"picked":"Black Star"},{"not_picked":["FrozenCore","Inserter"],"picked":"Orrery"}],"items_purged_floors":[5],"is_endless":false,"potions_floor_spawned":[4,7,8,10,13,16,23,25,33,38,42,44,48],"killed_by":"Awakened One","ascension_level":1}