{"gold_per_floor":[10,10,10,23,34,59,59,70,115,145,160,85,104,133,133,237,237,250,261,41,54,54,54,67,67,67,67,92,103,138,151,151,249,249,260,260,70,88,188,188,93,93,93,111,127,158,158,3,3,3],"floor_reached":51,"playtime":4824,"items_purged":["Strike_B"],"score":786,"play_id":"09562350-3b38-4d6e-bc48-e21f0b94122b","local_time":"20190418195559","is_ascension_mode":true,"campfire_choices":[{"data":"Zap","floor":7,"key":"SMITH"},{"floor":15,"key":"REST"},{"data":"Fission","floor":23,"key":"SMITH"},{"floor":25,"key":"REST"},{"floor":27,"key":"REST"},{"floor":32,"key":"REST"},{"floor":40,"key":"REST"},{"data":"Strike_B+1","floor":42,"key":"PURGE"},{"data":"Strike_B+1","floor":49,"key":"PURGE"}],"neow_cost":"NO_GOLD","seed_source_timestamp":329684677459927,"circlet_count":0,"master_deck":["Strike_B+1","Defend_B","Defend_B","Defend_B","Defend_B+1","Zap+1","Dualcast","Gash","Ball Lightning","Gash","Beam Cell","Reinforced Body+1","Creative AI+1","BootSequence","Coolheaded+1","Fission+1","Streamline","Capacitor","Hologram","Cold Snap","Redo+1","All For One","Core Surge","White Noise+1","Chill","Steam","Gash","Gash","FTL","Gash","Go for the Eyes+1","Beam Cell","Gash","Go for the Eyes","Beam Cell"],"relics":["Cracked Core","Symbiotic Virus","Whetstone","Omamori","Odd Mushroom","Peace Pipe","Nuclear Battery","DataDisk","War Paint","The Courier","Question Card","Fusion Hammer","Ancient Tea Set","Bird Faced Urn","Oddly Smooth Stone","Boot"],"potions_floor_usage":[6,11,14,28,30,39,39],"damage_taken":[{"damage":6,"enemies":"Jaw Worm","floor":1,"turns":3},{"damage":0,"enemies":"2 Louse","floor":4,"turns":3},{"damage":0,"enemies":"Cultist","floor":5,"turns":2},{"damage":12,"enemies":"3 Sentries","floor":6,"turns":6},{"damage":9,"enemies":"Blue Slaver","floor":8,"turns":3},{"damage":5,"enemies":"The Mushroom Lair","floor":10,"turns":3},{"damage":5,"enemies":"Gremlin Gang","floor":11,"turns":3},{"damage":0,"enemies":"Looter","floor":13,"turns":2},{"damage":23,"enemies":"Gremlin Nob","floor":14,"turns":5},{"damage":22,"enemies":"Slime Boss","floor":16,"turns":9},{"damage":0,"enemies":"Chosen","floor":18,"turns":7},{"damage":3,"enemies":"3 Byrds","floor":19,"turns":5},{"damage":11,"enemies":"Centurion and Healer","floor":21,"turns":7},{"damage":14,"enemies":"Shelled Parasite and Fungi","floor":24,"turns":4},{"damage":37,"enemies":"Book of Stabbing","floor":28,"turns":6},{"damage":3,"enemies":"Cultist and Chosen","floor":29,"turns":7},{"damage":27,"enemies":"Gremlin Leader","floor":30,"turns":4},{"damage":8,"enemies":"Centurion and Healer","floor":31,"turns":7},{"damage":24,"enemies":"Champ","floor":33,"turns":10},{"damage":8,"enemies":"3 Darklings","floor":35,"turns":5},{"damage":1,"enemies":"Orb Walker","floor":38,"turns":4},{"damage":15,"enemies":"Mind Bloom Boss Battle","floor":39,"turns":5},{"damage":2,"enemies":"3 Darklings","floor":44,"turns":5},{"damage":9,"enemies":"Spire Growth","floor":45,"turns":4},{"damage":4,"enemies":"Giant Head","floor":46,"turns":7},{"damage":40,"enemies":"Awakened One","floor":50,"turns":13}],"seed_played":"-297283990971890961","potions_obtained":[{"floor":4,"key":"SkillPotion"},{"floor":8,"key":"EssenceOfSteel"},{"floor":13,"key":"Regen Potion"},{"floor":14,"key":"LiquidBronze"},{"floor":18,"key":"Swift Potion"},{"floor":21,"key":"Ancient Potion"},{"floor":24,"key":"FocusPotion"},{"floor":29,"key":"Regen Potion"},{"floor":35,"key":"Weak Potion"}],"is_trial":false,"path_per_floor":["M","?","?","M","M","E","R","M","T","?","M","$","M","E","R","B",null,"M","M","$","M","?","R","M","R","T","R","E","M","E","M","R","B",null,"M","?","$","M","?","R","$","R","T","M","M","E","?","$","R","B",null],"character_chosen":"DEFECT","items_purchased":["DataDisk","Capacitor","Chill","Ancient Tea Set","Steam","Gash","FTL","Beam Cell","Gash","Go for the Eyes","Beam Cell"],"campfire_rested":5,"item_purchase_floors":[20,20,37,37,37,41,41,48,48,48,48],"current_hp_per_floor":[83,71,53,53,53,41,41,32,32,27,22,22,22,13,39,17,89,89,86,86,75,58,58,44,72,72,94,57,54,39,31,59,35,94,86,86,86,85,70,94,94,94,94,94,87,91,91,91,91,71],"gold":3,"neow_bonus":"TWENTY_PERCENT_HP_BONUS","is_prod":false,"is_daily":false,"chose_seed":false,"campfire_upgraded":2,"win_rate":0,"timestamp":1555613759,"path_taken":["M","?","?","M","M","E","R","M","T","?","M","?","?","E","R","BOSS","M","M","$","M","?","R","M","R","T","R","E","M","E","M","R","BOSS","M","?","$","?","?","R","?","R","T","?","?","E","?","?","R","BOSS"],"build_version":"2019-01-23","purchased_purges":1,"victory":true,"max_hp_per_floor":[89,89,89,89,89,89,89,89,89,89,89,89,89,89,89,89,89,89,89,89,89,94,94,94,94,94,94,94,94,94,94,94,94,94,94,94,94,94,94,94,94,94,94,94,94,94,94,94,94,94],"card_choices":[{"not_picked":["Redo","Steam"],"picked":"Gash","floor":1},{"not_picked":["Force Field","Stack"],"picked":"Ball Lightning","floor":4},{"not_picked":["Beam Cell","Stack"],"picked":"Gash","floor":5},{"not_picked":["Recycle","Stack","Sweeping Beam"],"picked":"SKIP","floor":6},{"not_picked":["Loop","Hologram"],"picked":"Beam Cell","floor":8},{"not_picked":["Storm","Force Field"],"picked":"Reinforced Body","floor":10},{"not_picked":["Barrage","Hello World"],"picked":"Creative AI","floor":11},{"not_picked":["Stack","Barrage"],"picked":"BootSequence","floor":13},{"not_picked":["Rebound","Rip and Tear"],"picked":"Coolheaded","floor":14},{"not_picked":["Meteor Strike","Creative AI"],"picked":"Fission","floor":16},{"not_picked":["BootSequence","Steam"],"picked":"Streamline","floor":18},{"not_picked":["Storm","Leap","Steam Power"],"picked":"SKIP","floor":19},{"not_picked":["Tempest","Ball Lightning"],"picked":"Hologram","floor":21},{"not_picked":["Redo","Steam","Stack"],"picked":"SKIP","floor":24},{"not_picked":["Chaos","Barrage"],"picked":"Cold Snap","floor":28},{"not_picked":["Ball Lightning","Capacitor","Compile Driver"],"picked":"SKIP","floor":29},{"not_picked":["Storm","Heatsinks"],"picked":"Redo+1","floor":30},{"not_picked":["White Noise+1","Hello World","Reinforced Body"],"picked":"All For One","floor":31},{"not_picked":["Fission","All For One","Machine Learning"],"picked":"Core Surge","floor":33},{"not_picked":["Compile Driver+1","Fusion","Sunder+1"],"picked":"White Noise+1","floor":35},{"not_picked":["Cold Snap","Loop+1","BootSequence+1"],"picked":"Gash","floor":38},{"not_picked":["Darkness+1","Melter","Cold Snap+1","Undo+1"],"picked":"SKIP","floor":44},{"not_picked":["Stack","Reinforced Body","Beam Cell+1"],"picked":"Gash","floor":45},{"not_picked":["Genetic Algorithm","Undo+1","Steam+1"],"picked":"Go for the Eyes+1","floor":46}],"player_experience":1777706,"relics_obtained":[{"floor":6,"key":"Whetstone"},{"floor":9,"key":"Omamori"},{"floor":10,"key":"Odd Mushroom"},{"floor":14,"key":"Peace Pipe"},{"floor":26,"key":"War Paint"},{"floor":28,"key":"The Courier"},{"floor":30,"key":"Question Card"},{"floor":39,"key":"Bird Faced Urn"},{"floor":43,"key":"Oddly Smooth Stone"},{"floor":46,"key":"Boot"}],"event_choices":[{"damage_healed":0,"gold_gain":0,"player_choice":"Success","damage_taken":12,"relics_obtained":["Symbiotic Virus"],"max_hp_gain":0,"max_hp_loss":0,"event_name":"Scrap Ooze","floor":2,"gold_loss":0},{"damage_healed":0,"gold_gain":0,"player_choice":"Entered Light","damage_taken":18,"max_hp_gain":0,"max_hp_loss":0,"event_name":"Shining Light","floor":3,"gold_loss":0,"cards_upgraded":["Defend_B","Strike_B"]},{"damage_healed":0,"gold_gain":0,"player_choice":"Fought Mushrooms","damage_taken":0,"max_hp_gain":0,"max_hp_loss":0,"event_name":"Mushrooms","floor":10,"gold_loss":0},{"damage_healed":0,"gold_gain":0,"player_choice":"Shed Blood","damage_taken":22,"max_hp_gain":5,"max_hp_loss":0,"event_name":"Forgotten Altar","floor":22,"gold_loss":0},{"damage_healed":0,"gold_gain":0,"player_choice":"Upgraded","damage_taken":0,"max_hp_gain":0,"max_hp_loss":0,"event_name":"Upgrade Shrine","floor":36,"gold_loss":0,"cards_upgraded":["Creative AI"]},{"damage_healed":0,"gold_gain":0,"player_choice":"Fight","damage_taken":0,"max_hp_gain":0,"max_hp_loss":0,"event_name":"MindBloom","floor":39,"gold_loss":0},{"damage_healed":0,"gold_gain":0,"player_choice":"Ignored","damage_taken":0,"max_hp_gain":0,"max_hp_loss":0,"event_name":"Transmorgrifier","floor":47,"gold_loss":0}],"is_beta":false,"boss_relics":[{"not_picked":["Coffee Dripper","Pandora\u0027s Box"],"picked":"Nuclear Battery"},{"not_picked":["Lizard Tail","Runic Pyramid"],"picked":"Fusion Hammer"}],"items_purged_floors":[12],"is_endless":false,"potions_floor_spawned":[4,8,13,14,18,21,24,29,35],"ascension_level":1}