{"gold_per_floor":[144,196,196,241,241,331,331,376,376,376,466,431,8,53,53,353,353,398,398,443,287,287,377,422,467,492,537,582,582,192,237,237,537,537,582,627,281,326,26,26,116,116,166,223,0,12,69,171,183,195],"floor_reached":51,"playtime":4894,"items_purged":[],"score":812,"play_id":"cbd6708c-5284-41b6-a5d0-c8c7f823a22a","local_time":"20180809132709","daily_mods":["Insanity","Midas","Lethality"],"is_ascension_mode":false,"campfire_choices":[{"floor":7,"key":"REST"},{"floor":15,"key":"REST"},{"floor":32,"key":"REST"},{"floor":40,"key":"REST"},{"floor":46,"key":"REST"},{"floor":49,"key":"REST"}],"neow_cost":"","seed_source_timestamp":0,"circlet_count":0,"master_deck":["Compile Driver","White Noise","Dualcast","Recycle","Loop","Cold Snap","Chill","Turbo","Cold Snap+1","Glacier","Rainbow+1","Chill","Steam Power","Self Repair","Barrage","Static Discharge","Force Field","Consume","Steam","Redo","Blizzard","Amplify","Sunder","Recycle","Defend_B","Strike_B","Reinforced Body","Fission","Steam","Go for the Eyes","Stack","Skim","Heatsinks","Melter","Hyperbeam","Undo","White Noise","Aggregate","Creative AI","Barrage","Lockon","Doom and Gloom","Turbo","Coolheaded","Leap","Scrape","Ball Lightning","Doom and Gloom","Steam Power","FTL","Hologram","Gash","Hyperbeam","Stack","Bandage Up","Thinking Ahead","Double Energy","Core Surge","FTL","Conserve Battery+1","All For One","Melter+1","Barrage","Beam Cell","Double Energy+1","Conserve Battery+1","Buffer","Finesse+1","Redo+1","Buffer","Scrape+1","Capacitor","Enlightenment+1","Chill+1","Self Repair+1","Steam Power+1","Echo Form","Ball Lightning"],"special_seed":17752,"relics":["FrozenCore","Regal Pillow","DataDisk","Pantograph","Bronze Scales","Orichalcum","Fusion Hammer","Toxic Egg 2","Lantern","Enchiridion","Strawberry","Bag of Preparation","Ice Cream","Omamori","MawBank","Red Mask","Cables"],"potions_floor_usage":[11,16,16,18,23,23,35,48,50],"damage_taken":[{"damage":10,"enemies":"Jaw Worm","floor":1,"turns":2},{"damage":9,"enemies":"Small Slimes","floor":4,"turns":2},{"damage":15,"enemies":"Gremlin Nob","floor":6,"turns":3},{"damage":0,"enemies":"Cultist","floor":8,"turns":2},{"damage":4,"enemies":"3 Sentries","floor":11,"turns":4},{"damage":0,"enemies":"Lots of Slimes","floor":14,"turns":1},{"damage":30,"enemies":"Hexaghost","floor":16,"turns":7},{"damage":22,"enemies":"3 Byrds","floor":18,"turns":3},{"damage":7,"enemies":"2 Thieves","floor":20,"turns":2},{"damage":0,"enemies":"Gremlin Leader","floor":23,"turns":6},{"damage":0,"enemies":"3 Cultists","floor":24,"turns":5},{"damage":24,"enemies":"Snake Plant","floor":25,"turns":4},{"damage":12,"enemies":"Slaver and Parasite","floor":27,"turns":2},{"damage":4,"enemies":"Centurion and Healer","floor":28,"turns":3},{"damage":7,"enemies":"Cultist and Chosen","floor":31,"turns":5},{"damage":18,"enemies":"Automaton","floor":33,"turns":9},{"damage":14,"enemies":"Flame Bruiser 1 Orb","floor":35,"turns":7},{"damage":0,"enemies":"Orb Walker","floor":36,"turns":5},{"damage":3,"enemies":"4 Shapes","floor":38,"turns":3},{"damage":21,"enemies":"2 Orb Walkers","floor":41,"turns":3},{"damage":21,"enemies":"Maw","floor":44,"turns":7},{"damage":0,"enemies":"Spire Growth","floor":47,"turns":3},{"damage":5,"enemies":"Giant Head","floor":48,"turns":7},{"damage":35,"enemies":"Donu and Deca","floor":50,"turns":9}],"seed_played":"-5890948259059833138","potions_obtained":[{"floor":3,"key":"Explosive Potion"},{"floor":3,"key":"EssenceOfSteel"},{"floor":3,"key":"Fire Potion"},{"floor":6,"key":"Swift Potion"},{"floor":11,"key":"Regen Potion"},{"floor":14,"key":"Block Potion"},{"floor":16,"key":"SteroidPotion"},{"floor":20,"key":"FocusPotion"},{"floor":23,"key":"Fire Potion"},{"floor":31,"key":"FearPotion"},{"floor":33,"key":"Swift Potion"},{"floor":35,"key":"LiquidBronze"},{"floor":36,"key":"Strength Potion"}],"is_trial":false,"path_per_floor":["M","?","?","M","?","E","R","M","T","?","E","?","$","M","R","B",null,"M","?","M","$","?","E","M","M","T","M","M","?","$","M","R","B",null,"M","M","$","M","$","R","E","?","T","M","?","R","M","E","R","B"],"character_chosen":"DEFECT","items_purchased":["Bandage Up","Thinking Ahead","Orichalcum","All For One","Buffer","Strawberry","Finesse+1","Bag of Preparation","Enlightenment+1","Ice Cream"],"campfire_rested":6,"item_purchase_floors":[13,13,13,21,30,30,30,37,37,39],"current_hp_per_floor":[65,65,65,56,56,41,75,75,75,60,56,74,74,74,75,56,75,60,60,60,60,60,71,71,54,54,42,38,22,29,26,65,71,82,79,82,82,82,82,82,61,61,61,57,57,82,82,82,82,58],"gold":207,"neow_bonus":"","is_prod":false,"is_daily":true,"chose_seed":false,"campfire_upgraded":0,"win_rate":0,"timestamp":1533817629,"path_taken":["M","?","?","M","?","E","R","M","T","?","E","?","$","M","R","BOSS","M","?","M","$","?","E","M","M","T","M","M","?","$","M","R","BOSS","M","M","$","M","$","R","E","?","T","M","?","R","M","E","R","BOSS"],"build_version":"2018-08-02","purchased_purges":0,"victory":true,"max_hp_per_floor":[75,75,75,75,75,75,75,75,75,75,75,75,75,75,75,75,75,75,75,75,75,75,75,75,75,75,75,75,75,82,82,82,82,82,82,82,82,82,82,82,82,82,82,82,82,82,82,82,82,82],"card_choices":[{"not_picked":["Gash","Hologram"],"picked":"FTL","floor":1},{"not_picked":["Loop","Tempest"],"picked":"Hologram","floor":4},{"not_picked":["Consume","Undo"],"picked":"Gash","floor":6},{"not_picked":["Coolheaded","Beam Cell"],"picked":"Hyperbeam","floor":8},{"not_picked":["Compile Driver","Steam Power"],"picked":"Stack","floor":11},{"not_picked":["Streamline","Steam"],"picked":"Double Energy","floor":14},{"not_picked":["Amplify","Machine Learning"],"picked":"Core Surge","floor":16},{"not_picked":["Stack","Self Repair+1"],"picked":"FTL","floor":18},{"not_picked":["Chill","Consume"],"picked":"Conserve Battery+1","floor":20},{"not_picked":["Fusion","Coolheaded"],"picked":"Melter+1","floor":23},{"not_picked":["Steam+1","Compile Driver+1"],"picked":"Barrage","floor":24},{"not_picked":["Coolheaded+1","Blizzard+1"],"picked":"Beam Cell","floor":25},{"not_picked":["Heatsinks+1","Conserve Battery+1"],"picked":"Double Energy+1","floor":27},{"not_picked":["Double Energy+1","Ball Lightning"],"picked":"Conserve Battery+1","floor":28},{"not_picked":["Creative AI","Streamline"],"picked":"Redo+1","floor":31},{"not_picked":["Fission+1","Amplify+1"],"picked":"Buffer","floor":33},{"not_picked":["Rip and Tear+1","Hologram+1"],"picked":"Scrape+1","floor":35},{"not_picked":["Rebound+1","Force Field+1"],"picked":"Capacitor","floor":36},{"not_picked":["Sweeping Beam+1","Melter+1"],"picked":"Chill+1","floor":38},{"not_picked":["Static Discharge","Cold Snap"],"picked":"Self Repair+1","floor":41},{"not_picked":["Consume+1","Go for the Eyes"],"picked":"Steam Power+1","floor":44},{"not_picked":["Go for the Eyes","Leap+1"],"picked":"Echo Form","floor":47},{"not_picked":["Go for the Eyes","Scrape"],"picked":"Ball Lightning","floor":48}],"player_experience":136354,"relics_obtained":[{"floor":6,"key":"DataDisk"},{"floor":9,"key":"Pantograph"},{"floor":11,"key":"Bronze Scales"},{"floor":23,"key":"Toxic Egg 2"},{"floor":26,"key":"Lantern"},{"floor":29,"key":"Enchiridion"},{"floor":41,"key":"Omamori"},{"floor":43,"key":"MawBank"},{"floor":48,"key":"Cables"}],"event_choices":[{"event_name":"Golden Wing","player_choice":"Gained Gold","floor":2,"damage_taken":0},{"event_name":"The Lab","player_choice":"Got Potions","floor":3,"damage_taken":0},{"event_name":"Accursed Blacksmith","player_choice":"Rummage","floor":5,"damage_taken":0},{"event_name":"Shining Light","player_choice":"Entered Light","floor":10,"damage_taken":0},{"event_name":"The Cleric","player_choice":"Healed","floor":12,"damage_taken":0},{"event_name":"Purifier","player_choice":"Skipped","floor":19,"damage_taken":0},{"event_name":"Ghosts","player_choice":"Ignored","floor":22,"damage_taken":0},{"event_name":"Cursed Tome","player_choice":"Obtained Book","floor":29,"damage_taken":0},{"event_name":"Falling","player_choice":"Removed Skill","floor":42,"damage_taken":0},{"event_name":"Tomb of Lord Red Mask","player_choice":"Paid","floor":45,"damage_taken":0}],"is_beta":false,"boss_relics":[{"not_picked":["Runic Dome","Cursed Key"],"picked":"Fusion Hammer"},{"not_picked":["Snecko Eye","Orrery"],"picked":"FrozenCore"}],"items_purged_floors":[],"is_endless":false,"potions_floor_spawned":[6,11,14,16,20,23,31,33,35,36,44,47],"ascension_level":0}