{"gold_per_floor":[114,129,304,319,319,349,349,379,404,419,434,434,464,479,479,579,579,594,594,594,609,624,654,681,155,205,205,235,235,250,265,265,365,415,430,445,460,475,490,490,490,490,515,615,630,660,675,690,690,690],"floor_reached":50,"playtime":4691,"items_purged":[],"score":715,"play_id":"0d23b444-8927-4f31-a2db-80372e221a4b","local_time":"20190504193615","daily_mods":["Shiny","Time Dilation","Terminal"],"is_ascension_mode":false,"campfire_choices":[{"data":"Bludgeon","floor":15,"key":"SMITH"},{"data":"Jack Of All Trades","floor":27,"key":"SMITH"},{"data":"Feed","floor":29,"key":"SMITH"},{"data":"Double Tap","floor":32,"key":"SMITH"},{"floor":40,"key":"REST"},{"floor":49,"key":"REST"}],"neow_cost":"","seed_source_timestamp":0,"circlet_count":0,"master_deck":["Double Tap+1","Demon Form","Bludgeon+1","Feed+1","Fiend Fire","Berserk","Impervious+1","Brutality","Reaper","Exhume+1","Offering","Immolate","Shrug It Off+1","Shrug It Off","Infernal Blade","Whirlwind","Flame Barrier","Shrug It Off","Headbutt","Headbutt","Feed","Burning Pact+1","Armaments+1","Reckless Charge+1","Cleave","Disarm","Disarm+1","Pommel Strike","Panache","Jack Of All Trades+1","Bloodletting","Sweeping Beam+1","Dramatic Entrance+1","Secret Technique","Predator+1","Sunder","Conserve Battery+1","Disarm+1","Cleave+1","Mind Blast","Mind Blast","Panacea","Steam+1","Good Instincts+1","Bandage Up"],"special_seed":18020,"relics":["Burning Blood","Centennial Puzzle","Blood Vial","Orichalcum","Lantern","Astrolabe","Champion Belt","MawBank","PrismaticShard","Bag of Preparation","Meat on the Bone","Tiny House","Art of War","StoneCalendar","Self Forming Clay"],"potions_floor_usage":[8,8,23,24,33,33,33,36,38,38,50,50,50],"damage_taken":[{"damage":0,"enemies":"Jaw Worm","floor":1,"turns":1},{"damage":6,"enemies":"Small Slimes","floor":2,"turns":1},{"damage":6,"enemies":"2 Louse","floor":4,"turns":2},{"damage":6,"enemies":"Gremlin Nob","floor":6,"turns":1},{"damage":6,"enemies":"3 Sentries","floor":8,"turns":3},{"damage":6,"enemies":"Exordium Wildlife","floor":10,"turns":2},{"damage":6,"enemies":"Looter","floor":11,"turns":2},{"damage":10,"enemies":"Lagavulin","floor":13,"turns":5},{"damage":0,"enemies":"Exordium Thugs","floor":14,"turns":2},{"damage":15,"enemies":"Slime Boss","floor":16,"turns":4},{"damage":0,"enemies":"Shell Parasite","floor":18,"turns":3},{"damage":6,"enemies":"2 Thieves","floor":21,"turns":1},{"damage":12,"enemies":"Snake Plant","floor":22,"turns":2},{"damage":6,"enemies":"Gremlin Leader","floor":23,"turns":5},{"damage":12,"enemies":"Centurion and Healer","floor":24,"turns":3},{"damage":10,"enemies":"Book of Stabbing","floor":28,"turns":4},{"damage":6,"enemies":"Cultist and Chosen","floor":30,"turns":4},{"damage":7,"enemies":"Snecko","floor":31,"turns":2},{"damage":60,"enemies":"Automaton","floor":33,"turns":8},{"damage":3,"enemies":"Orb Walker","floor":35,"turns":3},{"damage":12,"enemies":"3 Darklings","floor":36,"turns":6},{"damage":9,"enemies":"Sphere and 2 Shapes","floor":37,"turns":2},{"damage":26,"enemies":"Writhing Mass","floor":38,"turns":4},{"damage":19,"enemies":"Spire Growth","floor":39,"turns":4},{"damage":7,"enemies":"Mind Bloom Boss Battle","floor":44,"turns":5},{"damage":0,"enemies":"3 Darklings","floor":45,"turns":2},{"damage":26,"enemies":"Reptomancer","floor":46,"turns":6},{"damage":28,"enemies":"Transient","floor":47,"turns":5},{"damage":5,"enemies":"Spire Growth","floor":48,"turns":3},{"damage":95,"enemies":"Time Eater","floor":50,"turns":10}],"seed_played":"-8048916062082781119","potions_obtained":[{"floor":1,"key":"Fire Potion"},{"floor":2,"key":"SkillPotion"},{"floor":8,"key":"Dexterity Potion"},{"floor":13,"key":"SteroidPotion"},{"floor":16,"key":"Explosive Potion"},{"floor":20,"key":"SkillPotion"},{"floor":21,"key":"AttackPotion"},{"floor":24,"key":"SteroidPotion"},{"floor":31,"key":"Dexterity Potion"},{"floor":33,"key":"Poison Potion"},{"floor":34,"key":"SkillPotion"},{"floor":35,"key":"BloodPotion"},{"floor":39,"key":"FearPotion"},{"floor":44,"key":"Poison Potion"},{"floor":45,"key":"SpeedPotion"},{"floor":46,"key":"SteroidPotion"}],"is_trial":false,"path_per_floor":["M","M","?","M","?","E","?","E","T","M","M","?","E","M","R","B",null,"M","?","?","M","M","E","M","$","T","R","E","R","M","M","R","B",null,"M","M","M","M","M","R","?","?","T","?","M","E","M","M","R","B"],"character_chosen":"IRONCLAD","items_purchased":["Panache","Jack Of All Trades","PrismaticShard","Bloodletting"],"campfire_rested":2,"item_purchase_floors":[25,25,25,25],"current_hp_per_floor":[78,77,76,78,62,62,67,82,81,80,79,78,80,79,78,69,76,75,74,73,75,69,71,72,71,70,69,68,67,66,65,64,26,71,70,64,71,58,47,67,67,57,57,65,66,46,38,45,62,0],"gold":690,"neow_bonus":"","is_prod":false,"is_daily":true,"chose_seed":false,"campfire_upgraded":4,"win_rate":0,"timestamp":1556994975,"path_taken":["M","M","?","M","?","E","?","E","T","M","M","?","E","M","R","BOSS","M","?","?","M","M","E","M","$","T","R","E","R","?","M","R","BOSS","M","M","M","M","M","R","?","?","T","?","M","E","M","M","R","BOSS"],"build_version":"2019-01-23","purchased_purges":0,"victory":false,"max_hp_per_floor":[78,77,76,78,77,76,80,82,81,80,79,78,80,79,78,77,76,75,74,73,75,74,73,72,71,70,69,68,67,66,65,64,67,71,70,69,71,70,69,68,67,66,65,67,66,65,64,63,62,62],"card_choices":[{"not_picked":["Second Wind","Shockwave"],"picked":"Shrug It Off","floor":1},{"not_picked":["Dual Wield","Wild Strike"],"picked":"Shrug It Off","floor":2},{"not_picked":["Havoc","Clash"],"picked":"Infernal Blade","floor":4},{"not_picked":["Dual Wield","Reaper"],"picked":"Whirlwind","floor":6},{"not_picked":["Clothesline","Iron Wave"],"picked":"Flame Barrier","floor":8},{"not_picked":["Rupture","Flex"],"picked":"Shrug It Off","floor":10},{"not_picked":["Havoc","Flame Barrier"],"picked":"Headbutt","floor":11},{"not_picked":["True Grit","Armaments","Limit Break"],"picked":"SKIP","floor":13},{"not_picked":["Pommel Strike","Perfected Strike"],"picked":"Headbutt","floor":14},{"not_picked":["Immolate","Berserk"],"picked":"Feed","floor":16},{"not_picked":["Clothesline","Metallicize"],"picked":"Cleave","floor":18},{"not_picked":["Armaments","Rampage","Searing Blow"],"picked":"SKIP","floor":21},{"not_picked":["Blood for Blood","Spot Weakness"],"picked":"Disarm","floor":22},{"not_picked":["Pommel Strike","Exhume"],"picked":"Disarm+1","floor":23},{"not_picked":["Armaments","Headbutt"],"picked":"Pommel Strike","floor":24},{"not_picked":["Defragment+1","Go for the Eyes"],"picked":"Sweeping Beam+1","floor":28},{"not_picked":["Inflame+1","Deadly Poison"],"picked":"Dramatic Entrance+1","floor":30},{"not_picked":["Reckless Charge","Capacitor","Concentrate"],"picked":"SKIP","floor":31},{"not_picked":["Juggernaut","All For One"],"picked":"Secret Technique","floor":33},{"not_picked":["Thunderclap+1","Anger+1"],"picked":"Predator+1","floor":34},{"not_picked":["Second Wind+1","Bane","Skim"],"picked":"SKIP","floor":35},{"not_picked":["Choke","Havoc+1"],"picked":"Sunder","floor":36},{"not_picked":["Pommel Strike","Beam Cell"],"picked":"Conserve Battery+1","floor":37},{"not_picked":["Havoc","Feel No Pain+1"],"picked":"Disarm+1","floor":38},{"not_picked":["Perfected Strike+1","Whirlwind+1"],"picked":"Cleave+1","floor":39},{"not_picked":["Madness","Panache"],"picked":"Mind Blast","floor":42},{"not_picked":["PanicButton","Swift Strike"],"picked":"Mind Blast","floor":42},{"not_picked":["HandOfGreed","Discovery"],"picked":"Panacea","floor":42},{"not_picked":["Pummel+1","Body Slam+1"],"picked":"Steam+1","floor":45},{"not_picked":["Backflip+1","Armaments+1"],"picked":"Good Instincts+1","floor":46},{"not_picked":["Thunderclap+1","Deflect+1"],"picked":"Bandage Up","floor":47},{"not_picked":["Chaos+1","Compile Driver+1","Hologram"],"picked":"SKIP","floor":48}],"player_experience":169438,"relics_obtained":[{"floor":6,"key":"Centennial Puzzle"},{"floor":8,"key":"Blood Vial"},{"floor":9,"key":"Orichalcum"},{"floor":13,"key":"Lantern"},{"floor":23,"key":"MawBank"},{"floor":26,"key":"Bag of Preparation"},{"floor":28,"key":"Meat on the Bone"},{"floor":43,"key":"Art of War"},{"floor":44,"key":"StoneCalendar"},{"floor":46,"key":"Self Forming Clay"}],"event_choices":[{"damage_healed":0,"gold_gain":175,"player_choice":"AGREE","damage_taken":0,"max_hp_gain":0,"max_hp_loss":0,"event_name":"Liars Game","floor":3,"gold_loss":0,"cards_obtained":["Doubt"]},{"damage_healed":0,"gold_gain":0,"player_choice":"Entered Light","damage_taken":16,"max_hp_gain":0,"max_hp_loss":0,"event_name":"Shining Light","floor":5,"gold_loss":0,"cards_upgraded":["Shrug It Off","Exhume"]},{"damage_healed":0,"gold_gain":0,"player_choice":"Donut","damage_taken":0,"max_hp_gain":5,"max_hp_loss":0,"event_name":"Big Fish","floor":7,"gold_loss":0},{"cards_removed":["Doubt"],"damage_healed":0,"gold_gain":0,"player_choice":"Forget","damage_taken":0,"max_hp_gain":0,"max_hp_loss":0,"event_name":"Living Wall","floor":12,"gold_loss":0},{"damage_healed":0,"gold_gain":0,"player_choice":"Opened","damage_taken":0,"relics_obtained":["Champion Belt"],"max_hp_gain":0,"max_hp_loss":0,"event_name":"The Mausoleum","floor":19,"gold_loss":0},{"damage_healed":0,"gold_gain":0,"player_choice":"Got Potions","damage_taken":0,"max_hp_gain":0,"max_hp_loss":0,"event_name":"Lab","floor":20,"gold_loss":0},{"cards_removed":["Juggernaut"],"damage_healed":0,"gold_gain":0,"player_choice":"Removed Power","damage_taken":0,"max_hp_gain":0,"max_hp_loss":0,"event_name":"Falling","floor":41,"gold_loss":0},{"damage_healed":0,"gold_gain":0,"player_choice":"Memory 3","damage_taken":10,"max_hp_gain":0,"max_hp_loss":0,"event_name":"SensoryStone","floor":42,"gold_loss":0},{"damage_healed":0,"gold_gain":0,"player_choice":"Fight","damage_taken":0,"max_hp_gain":0,"max_hp_loss":0,"event_name":"MindBloom","floor":44,"gold_loss":0}],"is_beta":false,"boss_relics":[{"not_picked":["Empty Cage","Ectoplasm"],"picked":"Astrolabe"},{"not_picked":["White Beast Statue","Eternal Feather"],"picked":"Tiny House"}],"items_purged_floors":[],"is_endless":false,"potions_floor_spawned":[1,2,8,13,16,21,24,31,33,35,39,44,45,46],"killed_by":"Time Eater","ascension_level":0}