{"gold_per_floor":[115,126,139,152,167,197,197,230,253,0,10,10,36,48,48,148,148,158,175,186,186,111,144,160,220,220,232,266,266,266,266,266,362,362,379,379,393,143,160,210,210,210,233,233,265,265,280,296,296,296],"floor_reached":51,"playtime":2811,"items_purged":["Strike_G","Strike_G"],"score":809,"play_id":"e89f71dd-7cab-449c-8775-e1c798c78c2d","local_time":"20190707204207","is_ascension_mode":false,"campfire_choices":[{"data":"Neutralize","floor":7,"key":"SMITH"},{"data":"Footwork","floor":12,"key":"SMITH"},{"floor":15,"key":"REST"},{"floor":30,"key":"REST"},{"floor":32,"key":"REST"},{"data":"Dash","floor":42,"key":"SMITH"},{"data":"After Image","floor":44,"key":"SMITH"},{"data":"Adrenaline","floor":46,"key":"SMITH"},{"floor":49,"key":"REST"}],"neow_cost":"NONE","seed_source_timestamp":123160766070800,"circlet_count":0,"master_deck":["Strike_G","Strike_G","Strike_G","Defend_G","Defend_G","Defend_G","Defend_G","Defend_G","Survivor","Neutralize+1","Poisoned Stab","Flying Knee","Blade Dance","Bane","Bane","Footwork+1","Flying Knee","Flying Knee","Deadly Poison","Envenom+1","Poisoned Stab","Leg Sweep","Backflip","After Image+1","Dash+1","Backstab","Quick Slash+1","Adrenaline+1","Catalyst+1","Noxious Fumes","Deadly Poison+1"],"relics":["Velvet Choker","Happy Flower","Ornamental Fan","Bronze Scales","Kunai","Omamori","Sozu","NlothsMask","Centennial Puzzle","Tiny Chest","Mummified Hand","Nunchaku","Runic Pyramid","Vajra","Torii","Boot","Pear"],"potions_floor_usage":[11,14,16,27,50],"damage_taken":[{"damage":0,"enemies":"Cultist","floor":1,"turns":4},{"damage":5,"enemies":"Jaw Worm","floor":2,"turns":5},{"damage":5,"enemies":"Small Slimes","floor":3,"turns":4},{"damage":0,"enemies":"2 Fungi Beasts","floor":4,"turns":4},{"damage":0,"enemies":"Looter","floor":5,"turns":2},{"damage":10,"enemies":"Lagavulin","floor":6,"turns":7},{"damage":14,"enemies":"Gremlin Nob","floor":8,"turns":3},{"damage":0,"enemies":"Large Slime","floor":11,"turns":5},{"damage":7,"enemies":"3 Sentries","floor":13,"turns":6},{"damage":0,"enemies":"Gremlin Gang","floor":14,"turns":2},{"damage":0,"enemies":"Slime Boss","floor":16,"turns":12},{"damage":17,"enemies":"2 Thieves","floor":18,"turns":4},{"damage":0,"enemies":"Shell Parasite","floor":19,"turns":4},{"damage":3,"enemies":"Snake Plant","floor":20,"turns":4},{"damage":3,"enemies":"Gremlin Leader","floor":23,"turns":10},{"damage":5,"enemies":"Centurion and Healer","floor":24,"turns":6},{"damage":20,"enemies":"Slavers","floor":25,"turns":6},{"damage":2,"enemies":"Snecko","floor":27,"turns":4},{"damage":11,"enemies":"Book of Stabbing","floor":28,"turns":4},{"damage":35,"enemies":"Collector","floor":33,"turns":16},{"damage":12,"enemies":"3 Shapes","floor":35,"turns":5},{"damage":0,"enemies":"Orb Walker","floor":37,"turns":3},{"damage":7,"enemies":"3 Darklings","floor":39,"turns":5},{"damage":16,"enemies":"2 Orb Walkers","floor":40,"turns":4},{"damage":15,"enemies":"Nemesis","floor":45,"turns":5},{"damage":0,"enemies":"Maw","floor":47,"turns":7},{"damage":0,"enemies":"Transient","floor":48,"turns":5},{"damage":21,"enemies":"Time Eater","floor":50,"turns":12}],"seed_played":"8242481414438774056","potions_obtained":[{"floor":1,"key":"Energy Potion"},{"floor":2,"key":"AttackPotion"},{"floor":3,"key":"Swift Potion"},{"floor":11,"key":"FearPotion"},{"floor":14,"key":"SkillPotion"},{"floor":16,"key":"GamblersBrew"}],"is_trial":false,"path_per_floor":["M","M","M","M","M","E","R","E","T","$","M","R","E","M","R","B",null,"M","M","M","?","$","E","M","E","T","M","E","?","R","?","R","B",null,"M","?","M","$","M","?","?","R","T","R","E","R","M","M","R","B",null],"character_chosen":"THE_SILENT","items_purchased":["Kunai","Vajra"],"campfire_rested":4,"item_purchase_floors":[10,38],"current_hp_per_floor":[70,65,60,60,60,50,50,36,36,36,36,36,29,29,50,50,70,53,53,50,50,50,47,42,22,22,20,9,9,30,30,51,16,70,58,70,70,70,63,47,47,47,47,47,42,42,42,42,66,45],"gold":296,"neow_bonus":"BOSS_RELIC","is_prod":false,"is_daily":false,"chose_seed":false,"campfire_upgraded":5,"win_rate":0,"timestamp":1562550127,"path_taken":["M","M","M","M","M","E","R","E","T","$","M","R","E","M","R","BOSS","M","?","M","?","?","E","M","E","T","?","E","?","R","?","R","BOSS","M","?","M","$","M","?","?","R","T","R","E","R","M","?","R","BOSS"],"build_version":"2019-07-05","purchased_purges":2,"victory":true,"max_hp_per_floor":[70,70,70,70,70,70,70,70,70,70,70,70,70,70,70,70,70,70,70,70,70,70,70,70,70,70,70,70,70,70,70,70,70,70,70,70,70,70,70,70,70,70,70,70,80,80,80,80,80,80],"card_choices":[{"not_picked":["Concentrate","Cloak And Dagger"],"picked":"Poisoned Stab","floor":1},{"not_picked":["Skewer","Deflect"],"picked":"Flying Knee","floor":2},{"not_picked":["Slice","Dagger Throw"],"picked":"Blade Dance","floor":3},{"not_picked":["Reflex","Terror"],"picked":"Bane","floor":4},{"not_picked":["Predator","Eviscerate"],"picked":"Bane","floor":5},{"not_picked":["Night Terror","Slice","Blade Dance"],"picked":"SKIP","floor":6},{"not_picked":["Outmaneuver","Quick Slash"],"picked":"Footwork","floor":8},{"not_picked":["Quick Slash","Blur"],"picked":"Flying Knee","floor":11},{"not_picked":["Riddle With Holes","Reflex"],"picked":"Flying Knee","floor":13},{"not_picked":["Backflip","Underhanded Strike"],"picked":"Deadly Poison","floor":14},{"not_picked":["Malaise","Venomology"],"picked":"Envenom","floor":16},{"not_picked":["Dodge and Roll","Backstab"],"picked":"Poisoned Stab","floor":18},{"not_picked":["Tactician+1","Concentrate"],"picked":"Leg Sweep","floor":19},{"not_picked":["Quick Slash+1","Slice+1"],"picked":"Backflip","floor":20},{"not_picked":["Dagger Throw+1","Blade Dance"],"picked":"After Image","floor":23},{"not_picked":["Dagger Throw","Accuracy"],"picked":"Dash","floor":24},{"not_picked":["Underhanded Strike","All Out Attack+1","Caltrops"],"picked":"SKIP","floor":25},{"not_picked":["Prepared","PiercingWail"],"picked":"Backstab","floor":27},{"not_picked":["Underhanded Strike+1","Deadly Poison"],"picked":"Quick Slash+1","floor":28},{"not_picked":["Tools of the Trade","After Image"],"picked":"Adrenaline","floor":33},{"not_picked":["Infinite Blades","Outmaneuver+1"],"picked":"Catalyst+1","floor":35},{"not_picked":["Deadly Poison","Underhanded Strike","Quick Slash+1"],"picked":"SKIP","floor":37},{"not_picked":["Bane+1","Poisoned Stab","Setup+1"],"picked":"SKIP","floor":39},{"not_picked":["Poisoned Stab+1","Backflip"],"picked":"Noxious Fumes","floor":40},{"not_picked":["Terror","Outmaneuver+1","Dodge and Roll"],"picked":"SKIP","floor":45},{"not_picked":["Prepared+1","Infinite Blades"],"picked":"Deadly Poison+1","floor":47},{"not_picked":["Eviscerate","Sucker Punch","Deflect"],"picked":"SKIP","floor":48}],"player_experience":296754,"relics_obtained":[{"floor":6,"key":"Happy Flower"},{"floor":8,"key":"Ornamental Fan"},{"floor":9,"key":"Bronze Scales"},{"floor":13,"key":"Omamori"},{"floor":23,"key":"Centennial Puzzle"},{"floor":25,"key":"Tiny Chest"},{"floor":28,"key":"Mummified Hand"},{"floor":40,"key":"Torii"},{"floor":43,"key":"Boot"},{"floor":45,"key":"Pear"}],"event_choices":[{"damage_healed":0,"gold_gain":0,"player_choice":"Trade","damage_taken":0,"relics_obtained":["NlothsMask"],"max_hp_gain":0,"max_hp_loss":0,"event_name":"FaceTrader","floor":21,"gold_loss":0},{"damage_healed":0,"gold_gain":0,"player_choice":"Ignored","damage_taken":0,"max_hp_gain":0,"max_hp_loss":0,"event_name":"Cursed Tome","floor":29,"gold_loss":0},{"damage_healed":0,"gold_gain":0,"player_choice":"Opened","damage_taken":0,"relics_obtained":["Nunchaku"],"max_hp_gain":0,"max_hp_loss":0,"event_name":"The Mausoleum","floor":31,"gold_loss":0,"cards_obtained":["Writhe"]},{"damage_healed":18,"gold_gain":0,"player_choice":"Writhe","damage_taken":0,"max_hp_gain":0,"max_hp_loss":0,"event_name":"Winding Halls","floor":36,"gold_loss":0,"cards_obtained":["Writhe"]},{"damage_healed":0,"gold_gain":0,"player_choice":"Fight","damage_taken":0,"max_hp_gain":0,"max_hp_loss":0,"event_name":"Mysterious Sphere","floor":40,"gold_loss":0},{"damage_healed":0,"gold_gain":0,"player_choice":"Upgraded","damage_taken":0,"max_hp_gain":0,"max_hp_loss":0,"event_name":"Upgrade Shrine","floor":41,"gold_loss":0,"cards_upgraded":["Envenom"]}],"is_beta":false,"boss_relics":[{"not_picked":["Astrolabe","Busted Crown"],"picked":"Sozu"},{"not_picked":["WristBlade","Cursed Key"],"picked":"Runic Pyramid"}],"items_purged_floors":[22,38],"is_endless":false,"potions_floor_spawned":[1,2,3,11,14,16,20,24,27,28,33,37,40,47],"ascension_level":0}