{"gold_per_floor":[117,117,117,42,61,61,78,108,108,138,138,156,169,183,183,279,279,299,299,73,86,11,11,27,27,27,38,55,89,89,0,0,105,105,117,128,139,139,152,152,152,52,52,83,95,127,146,0,0,0],"floor_reached":51,"playtime":4689,"items_purged":["Defend_B","Strike_B"],"score":802,"play_id":"3585297b-8c36-40a7-ae3c-4e5603c8056c","local_time":"20190406185124","is_ascension_mode":true,"campfire_choices":[{"data":"Dualcast","floor":6,"key":"SMITH"},{"data":"Defragment","floor":15,"key":"SMITH"},{"data":"Genetic Algorithm","floor":23,"key":"SMITH"},{"data":"Streamline","floor":25,"key":"SMITH"},{"floor":32,"key":"REST"},{"data":"Redo","floor":40,"key":"SMITH"},{"data":"Biased Cognition","floor":49,"key":"SMITH"}],"neow_cost":"PERCENT_DAMAGE","seed_source_timestamp":2240605098750099,"circlet_count":0,"master_deck":["Defend_B","Zap+1","Dualcast+1","Sweeping Beam","Cold Snap","Go for the Eyes","Defragment+1","Glacier","Core Surge","Hologram","Genetic Algorithm+1","Ball Lightning","Streamline+1","White Noise","Turbo","Core Surge","Redo+1","Conserve Battery+1","Biased Cognition+1","Fusion+1"],"relics":["Cracked Core","Happy Flower","Ornamental Fan","Letter Opener","Blood Vial","Runic Pyramid","Enchiridion","PreservedInsect","Meat on the Bone","Du-Vu Doll","Nuclear Battery","Orichalcum","Art of War","Torii","Red Mask"],"potions_floor_usage":[10,16,16,16,29,29,50,50,50],"damage_taken":[{"damage":0,"enemies":"2 Louse","floor":1,"turns":2},{"damage":0,"enemies":"Small Slimes","floor":5,"turns":2},{"damage":0,"enemies":"Cultist","floor":7,"turns":2},{"damage":7,"enemies":"3 Sentries","floor":8,"turns":6},{"damage":0,"enemies":"Lagavulin","floor":10,"turns":6},{"damage":0,"enemies":"Large Slime","floor":12,"turns":5},{"damage":0,"enemies":"Exordium Thugs","floor":13,"turns":3},{"damage":0,"enemies":"2 Fungi Beasts","floor":14,"turns":2},{"damage":10,"enemies":"Slime Boss","floor":16,"turns":7},{"damage":0,"enemies":"3 Byrds","floor":18,"turns":4},{"damage":0,"enemies":"Spheric Guardian","floor":21,"turns":4},{"damage":14,"enemies":"Snake Plant","floor":24,"turns":3},{"damage":6,"enemies":"Centurion and Healer","floor":27,"turns":6},{"damage":9,"enemies":"Shelled Parasite and Fungi","floor":28,"turns":4},{"damage":21,"enemies":"Slavers","floor":29,"turns":5},{"damage":12,"enemies":"Automaton","floor":33,"turns":10},{"damage":0,"enemies":"3 Shapes","floor":35,"turns":2},{"damage":0,"enemies":"Orb Walker","floor":36,"turns":3},{"damage":12,"enemies":"3 Darklings","floor":37,"turns":4},{"damage":3,"enemies":"Spire Growth","floor":39,"turns":4},{"damage":0,"enemies":"Reptomancer","floor":44,"turns":4},{"damage":0,"enemies":"Transient","floor":45,"turns":5},{"damage":0,"enemies":"Nemesis","floor":46,"turns":5},{"damage":9,"enemies":"Maw","floor":47,"turns":6},{"damage":34,"enemies":"Time Eater","floor":50,"turns":12}],"seed_played":"-4256415412971453662","potions_obtained":[{"floor":1,"key":"Block Potion"},{"floor":10,"key":"Ancient Potion"},{"floor":14,"key":"EntropicBrew"},{"floor":16,"key":"Poison Potion"},{"floor":28,"key":"Ancient Potion"},{"floor":33,"key":"Ancient Potion"},{"floor":37,"key":"Poison Potion"},{"floor":47,"key":"Explosive Potion"}],"is_trial":false,"path_per_floor":["M","?","?","$","M","R","M","E","T","E","?","M","M","M","R","B",null,"M","?","$","M","?","R","M","R","T","M","M","E","?","?","R","B",null,"M","M","M","?","M","R","?","$","T","E","M","E","M","?","R","B",null],"character_chosen":"DEFECT","items_purchased":["PreservedInsect","Genetic Algorithm"],"campfire_rested":1,"item_purchase_floors":[20,20],"current_hp_per_floor":[54,54,51,51,51,51,51,44,44,44,44,46,48,50,50,42,75,75,59,59,61,61,61,49,49,49,45,38,45,31,31,55,45,80,80,80,68,68,67,67,67,67,67,69,71,73,66,66,66,46],"gold":0,"neow_bonus":"REMOVE_TWO","is_prod":false,"is_daily":false,"chose_seed":false,"campfire_upgraded":6,"win_rate":0,"timestamp":1554573084,"path_taken":["M","?","?","$","M","R","M","E","T","E","?","M","M","?","R","BOSS","M","?","$","M","?","R","M","R","T","?","M","E","?","?","R","BOSS","M","M","M","?","M","R","?","$","T","E","M","E","?","?","R","BOSS"],"build_version":"2019-01-23","purchased_purges":2,"victory":true,"max_hp_per_floor":[75,75,75,75,75,75,75,75,75,75,75,75,75,75,75,75,75,75,75,75,75,75,75,75,75,75,75,75,75,80,80,80,80,80,80,80,80,80,80,80,76,76,76,76,76,76,76,76,76,76],"card_choices":[{"not_picked":["Aggregate","Recycle","Turbo"],"picked":"SKIP","floor":1},{"not_picked":["Steam","Skim"],"picked":"Sweeping Beam","floor":5},{"not_picked":["Auto Shields","Go for the Eyes"],"picked":"Cold Snap","floor":7},{"not_picked":["Stack","Biased Cognition"],"picked":"Go for the Eyes","floor":8},{"not_picked":["Skim","Redo"],"picked":"Defragment","floor":10},{"not_picked":["Storm","Barrage","Leap"],"picked":"SKIP","floor":12},{"not_picked":["Compile Driver","Undo","Leap"],"picked":"SKIP","floor":13},{"not_picked":["Sweeping Beam","Recycle","Glacier"],"picked":"SKIP","floor":14},{"not_picked":["Creative AI","All For One"],"picked":"Core Surge","floor":16},{"not_picked":["Turbo","Go for the Eyes+1"],"picked":"Hologram","floor":18},{"not_picked":["Capacitor","Glacier"],"picked":"Ball Lightning","floor":21},{"not_picked":["Rebound+1","Auto Shields"],"picked":"Streamline","floor":24},{"not_picked":["Hologram","Rebound","Steam"],"picked":"SKIP","floor":27},{"not_picked":["Streamline","Skim+1"],"picked":"White Noise","floor":28},{"not_picked":["Cold Snap","Genetic Algorithm"],"picked":"Turbo","floor":29},{"not_picked":["Machine Learning","Multi-Cast"],"picked":"Core Surge","floor":33},{"not_picked":["Reinforced Body+1","Sweeping Beam"],"picked":"Redo","floor":35},{"not_picked":["Coolheaded","Hologram","Recycle+1"],"picked":"SKIP","floor":36},{"not_picked":["Beam Cell","Darkness+1","Ball Lightning+1"],"picked":"SKIP","floor":37},{"not_picked":["Turbo+1","Stack+1"],"picked":"Conserve Battery+1","floor":39},{"not_picked":["Streamline","Coolheaded"],"picked":"Biased Cognition","floor":44},{"not_picked":["Compile Driver+1","Barrage+1","Storm"],"picked":"SKIP","floor":45},{"not_picked":["Gash+1","Redo","Compile Driver+1"],"picked":"SKIP","floor":46},{"not_picked":["Beam Cell+1","Cold Snap+1"],"picked":"Fusion+1","floor":47}],"player_experience":1717504,"relics_obtained":[{"floor":8,"key":"Ornamental Fan"},{"floor":9,"key":"Letter Opener"},{"floor":10,"key":"Blood Vial"},{"floor":19,"key":"Enchiridion"},{"floor":26,"key":"Meat on the Bone"},{"floor":29,"key":"Du-Vu Doll"},{"floor":43,"key":"Orichalcum"},{"floor":44,"key":"Art of War"},{"floor":46,"key":"Torii"}],"event_choices":[{"damage_healed":0,"gold_gain":0,"player_choice":"Grow","damage_taken":0,"max_hp_gain":0,"max_hp_loss":0,"event_name":"Living Wall","floor":2,"gold_loss":0,"cards_upgraded":["Zap"]},{"damage_healed":0,"gold_gain":0,"player_choice":"Success","damage_taken":3,"relics_obtained":["Happy Flower"],"max_hp_gain":0,"max_hp_loss":0,"event_name":"Scrap Ooze","floor":3,"gold_loss":0},{"damage_healed":0,"gold_gain":0,"cards_transformed":["Strike_B"],"player_choice":"Transformed","damage_taken":0,"max_hp_gain":0,"max_hp_loss":0,"event_name":"Transmorgrifier","floor":11,"gold_loss":0,"cards_obtained":["Glacier"]},{"damage_healed":0,"gold_gain":0,"player_choice":"Obtained Book","damage_taken":16,"max_hp_gain":0,"max_hp_loss":0,"event_name":"Cursed Tome","floor":19,"gold_loss":0},{"cards_removed":["Defend_B"],"damage_healed":0,"gold_gain":0,"player_choice":"Gave Gold","damage_taken":0,"max_hp_gain":0,"max_hp_loss":0,"event_name":"Beggar","floor":22,"gold_loss":75},{"damage_healed":0,"gold_gain":0,"player_choice":"Shed Blood","damage_taken":19,"max_hp_gain":5,"max_hp_loss":0,"event_name":"Forgotten Altar","floor":30,"gold_loss":0},{"damage_healed":0,"gold_gain":0,"player_choice":"Paid Fearfully","damage_taken":0,"max_hp_gain":0,"max_hp_loss":0,"event_name":"Masked Bandits","floor":31,"gold_loss":89},{"cards_removed":["Defend_B"],"damage_healed":0,"gold_gain":0,"player_choice":"Removed Skill","damage_taken":0,"max_hp_gain":0,"max_hp_loss":0,"event_name":"Falling","floor":38,"gold_loss":0},{"damage_healed":0,"gold_gain":0,"player_choice":"Max HP","damage_taken":0,"max_hp_gain":0,"max_hp_loss":4,"event_name":"Winding Halls","floor":41,"gold_loss":0},{"damage_healed":0,"gold_gain":0,"player_choice":"Paid","damage_taken":0,"relics_obtained":["Red Mask"],"max_hp_gain":0,"max_hp_loss":0,"event_name":"Tomb of Lord Red Mask","floor":48,"gold_loss":146}],"is_beta":false,"boss_relics":[{"not_picked":["Snecko Eye","Runic Dome"],"picked":"Runic Pyramid"},{"not_picked":["Lizard Tail","Inserter"],"picked":"Nuclear Battery"}],"items_purged_floors":[4,42],"is_endless":false,"potions_floor_spawned":[1,10,14,16,24,28,33,37,39,44,47],"ascension_level":1}