{"gold_per_floor":[114,128,128,50,50,84,84,103,133,167,167,181,181,197,197,272,272,291,320,334,345,45,45,59,59,86,86,86,86,99,111,111,111],"floor_reached":33,"playtime":2940,"items_purged":[],"score":450,"play_id":"bddbf285-9018-44ee-ae5a-971fc35c7b4b","local_time":"20190303140937","is_ascension_mode":true,"campfire_choices":[{"floor":7,"key":"REST"},{"floor":11,"key":"REST"},{"floor":15,"key":"REST"},{"floor":23,"key":"REST"},{"floor":25,"key":"REST"},{"data":"Defragment","floor":28,"key":"SMITH"},{"floor":32,"key":"REST"}],"neow_cost":"NONE","seed_source_timestamp":756933621081219,"circlet_count":0,"master_deck":["AscendersBane","Strike_B","Strike_B","Strike_B","Defend_B","Defend_B","Defend_B","Defend_B","Zap","Dualcast","Redo","Leap","Defragment+1","Core Surge","Storm+1","Glacier","Steam","Gash","Electrodynamics+1","Coolheaded","Cold Snap","Streamline+1","Panacea","Dash"],"relics":["Cracked Core","Question Card","Frozen Egg 2","Tiny Chest","Bag of Preparation","Busted Crown","Red Mask","PrismaticShard","Strawberry"],"potions_floor_usage":[12,16,19,19,33,33],"damage_taken":[{"damage":3,"enemies":"2 Louse","floor":1,"turns":3},{"damage":6,"enemies":"Cultist","floor":2,"turns":3},{"damage":42,"enemies":"3 Sentries","floor":6,"turns":9},{"damage":0,"enemies":"Jaw Worm","floor":8,"turns":3},{"damage":26,"enemies":"Lagavulin","floor":10,"turns":7},{"damage":2,"enemies":"Large Slime","floor":12,"turns":8},{"damage":11,"enemies":"2 Fungi Beasts","floor":14,"turns":4},{"damage":19,"enemies":"The Guardian","floor":16,"turns":19},{"damage":0,"enemies":"Chosen","floor":18,"turns":4},{"damage":38,"enemies":"Masked Bandits","floor":19,"turns":4},{"damage":2,"enemies":"Shell Parasite","floor":20,"turns":7},{"damage":8,"enemies":"Centurion and Healer","floor":21,"turns":5},{"damage":26,"enemies":"Snake Plant","floor":24,"turns":4},{"damage":0,"enemies":"Snecko","floor":30,"turns":4},{"damage":8,"enemies":"Shelled Parasite and Fungi","floor":31,"turns":8},{"damage":74,"enemies":"Champ","floor":33,"turns":15}],"seed_played":"2061289012758506664","potions_obtained":[{"floor":1,"key":"Energy Potion"},{"floor":2,"key":"Poison Potion"},{"floor":8,"key":"Block Potion"},{"floor":16,"key":"Regen Potion"},{"floor":18,"key":"PowerPotion"},{"floor":24,"key":"Fire Potion"},{"floor":31,"key":"GamblersBrew"}],"is_trial":false,"path_per_floor":["M","M","?","$","T","E","R","M","T","E","R","M","?","M","R","B",null,"M","?","M","M","$","R","M","R","T","?","R","?","M","M","R","B"],"character_chosen":"DEFECT","items_purchased":["Defragment","Panacea","PrismaticShard"],"campfire_rested":6,"item_purchase_floors":[4,22,22],"current_hp_per_floor":[68,62,62,62,62,20,43,43,43,17,40,38,33,22,45,26,65,65,32,30,22,22,45,19,42,49,49,49,49,49,41,66,0],"gold":111,"neow_bonus":"TEN_PERCENT_HP_BONUS","is_prod":false,"is_daily":false,"chose_seed":false,"campfire_upgraded":1,"win_rate":0,"timestamp":1551622177,"path_taken":["M","M","?","$","?","E","R","M","T","E","R","?","?","M","R","BOSS","M","?","M","M","$","R","M","R","T","?","R","?","M","M","R","BOSS"],"build_version":"2019-01-23","purchased_purges":0,"victory":false,"max_hp_per_floor":[78,78,78,78,78,78,78,78,78,78,78,78,78,78,78,78,78,78,78,78,78,78,78,78,78,85,85,85,85,85,85,85,85],"card_choices":[{"not_picked":["Force Field","Reinforced Body"],"picked":"Redo","floor":1},{"not_picked":["Heatsinks","Turbo"],"picked":"Leap","floor":2},{"not_picked":["Redo","Steam Power","BootSequence"],"picked":"Core Surge","floor":6},{"not_picked":["Compile Driver","Lockon","Reprogram"],"picked":"Storm+1","floor":8},{"not_picked":["Conserve Battery","Rebound","Hologram"],"picked":"Glacier","floor":10},{"not_picked":["Rip and Tear","Recycle","Compile Driver"],"picked":"Steam","floor":12},{"not_picked":["Go for the Eyes","Reprogram","Stack"],"picked":"Gash","floor":14},{"not_picked":["Buffer+1","Seek","Biased Cognition+1"],"picked":"Electrodynamics+1","floor":16},{"not_picked":["Barrage"],"picked":"Coolheaded","floor":18},{"not_picked":["Storm+1"],"picked":"Cold Snap","floor":19},{"not_picked":["Double Energy"],"picked":"Streamline","floor":20},{"not_picked":["Rip and Tear","Steam+1"],"picked":"SKIP","floor":21},{"not_picked":["Beam Cell","Warcry"],"picked":"SKIP","floor":24},{"not_picked":["Go for the Eyes"],"picked":"Dash","floor":30},{"not_picked":["Thunderclap","Barrage"],"picked":"SKIP","floor":31}],"player_experience":1503374,"relics_obtained":[{"floor":5,"key":"Question Card"},{"floor":6,"key":"Frozen Egg 2"},{"floor":9,"key":"Tiny Chest"},{"floor":10,"key":"Bag of Preparation"},{"floor":19,"key":"Red Mask"},{"floor":26,"key":"Strawberry"}],"event_choices":[{"cards_removed":["Strike_B"],"damage_healed":0,"gold_gain":0,"player_choice":"Purged","damage_taken":0,"max_hp_gain":0,"max_hp_loss":0,"event_name":"Purifier","floor":3,"gold_loss":0},{"damage_healed":0,"gold_gain":0,"player_choice":"Fled","damage_taken":5,"max_hp_gain":0,"max_hp_loss":0,"event_name":"Scrap Ooze","floor":13,"gold_loss":0},{"damage_healed":0,"gold_gain":0,"player_choice":"Fought Bandits","damage_taken":0,"max_hp_gain":0,"max_hp_loss":0,"event_name":"Masked Bandits","floor":19,"gold_loss":0},{"damage_healed":0,"gold_gain":0,"player_choice":"Ignored","damage_taken":0,"max_hp_gain":0,"max_hp_loss":0,"event_name":"Ghosts","floor":27,"gold_loss":0},{"damage_healed":0,"gold_gain":0,"player_choice":"Forge","damage_taken":0,"max_hp_gain":0,"max_hp_loss":0,"event_name":"Accursed Blacksmith","floor":29,"gold_loss":0,"cards_upgraded":["Streamline"]}],"is_beta":false,"boss_relics":[{"not_picked":["Inserter","Velvet Choker"],"picked":"Busted Crown"}],"items_purged_floors":[],"is_endless":false,"potions_floor_spawned":[1,2,8,16,18,24,31],"killed_by":"Champ","ascension_level":15}