{"gold_per_floor":[118,293,123,83,101,101,127,127,157,187,201,221,246,246,246,246],"floor_reached":16,"playtime":682,"items_purged":["Doubt"],"score":162,"play_id":"5805383a-8dfb-44c8-8f8b-9cdd51aa1322","local_time":"20190601111523","is_ascension_mode":true,"campfire_choices":[{"data":"Skewer","floor":6,"key":"SMITH"},{"data":"Neutralize","floor":8,"key":"SMITH"},{"data":"Strike_G","floor":15,"key":"PURGE"}],"neow_cost":"NONE","seed_source_timestamp":38650356038800,"circlet_count":0,"master_deck":["AscendersBane","Defend_G","Defend_G","Defend_G","Defend_G","Defend_G","Strike_G","Strike_G","Strike_G","Strike_G","Survivor","Neutralize+1","Skewer+1","Dagger Spray","Deflect","Footwork+1","Caltrops","Well Laid Plans","Leg Sweep"],"relics":["Ring of the Snake","Blood Vial","Tiny Chest","Peace Pipe","Odd Mushroom"],"potions_floor_usage":[7,7,7,13,13,16,16],"damage_taken":[{"damage":4,"enemies":"Jaw Worm","floor":1,"turns":7},{"damage":4,"enemies":"Cultist","floor":5,"turns":3},{"damage":15,"enemies":"3 Sentries","floor":7,"turns":6},{"damage":20,"enemies":"Gremlin Nob","floor":10,"turns":4},{"damage":2,"enemies":"Small Slimes","floor":11,"turns":4},{"damage":6,"enemies":"2 Fungi Beasts","floor":12,"turns":4},{"damage":0,"enemies":"The Mushroom Lair","floor":13,"turns":5},{"damage":50,"enemies":"Hexaghost","floor":16,"turns":16}],"seed_played":"9008688550766622637","potions_obtained":[{"floor":4,"key":"Regen Potion"},{"floor":4,"key":"AttackPotion"},{"floor":4,"key":"Fire Potion"},{"floor":10,"key":"EssenceOfSteel"},{"floor":11,"key":"Fire Potion"},{"floor":12,"key":"SkillPotion"},{"floor":13,"key":"Fruit Juice"}],"is_trial":false,"path_per_floor":["M","?","$","?","M","R","E","R","T","E","M","M","?","?","R","B"],"character_chosen":"THE_SILENT","items_purchased":["Dagger Spray","Deflect"],"campfire_rested":0,"item_purchase_floors":[3,3],"current_hp_per_floor":[66,66,66,66,62,62,62,62,62,44,44,40,42,42,42,0],"gold":246,"neow_bonus":"TEN_PERCENT_HP_BONUS","is_prod":false,"is_daily":false,"chose_seed":false,"campfire_upgraded":2,"win_rate":0,"timestamp":1559412923,"path_taken":["M","?","$","?","M","R","E","R","T","E","M","?","?","?","R","BOSS"],"build_version":"2019-01-23","purchased_purges":1,"victory":false,"max_hp_per_floor":[77,77,77,77,77,77,77,77,77,77,77,77,77,77,77,82],"card_choices":[{"not_picked":["PiercingWail","Blade Dance"],"picked":"Skewer","floor":1},{"not_picked":["Flying Knee","Expertise"],"picked":"Footwork","floor":5},{"not_picked":["Finisher","Prepared"],"picked":"Caltrops","floor":7},{"not_picked":["Flechettes","Unload"],"picked":"Well Laid Plans","floor":10},{"not_picked":["Poisoned Stab","Predator"],"picked":"Leg Sweep","floor":11},{"not_picked":["Slice","Bouncing Flask","Well Laid Plans"],"picked":"SKIP","floor":12}],"player_experience":1354643,"relics_obtained":[{"floor":7,"key":"Blood Vial"},{"floor":9,"key":"Tiny Chest"},{"floor":10,"key":"Peace Pipe"},{"floor":13,"key":"Odd Mushroom"}],"event_choices":[{"damage_healed":0,"gold_gain":175,"player_choice":"AGREE","damage_taken":0,"max_hp_gain":0,"max_hp_loss":0,"event_name":"Liars Game","floor":2,"gold_loss":0,"cards_obtained":["Doubt"]},{"damage_healed":0,"gold_gain":0,"player_choice":"Bought 3 Potions","damage_taken":0,"max_hp_gain":0,"max_hp_loss":0,"event_name":"The Woman in Blue","floor":4,"gold_loss":0},{"damage_healed":0,"gold_gain":0,"player_choice":"Fought Mushrooms","damage_taken":0,"max_hp_gain":0,"max_hp_loss":0,"event_name":"Mushrooms","floor":13,"gold_loss":0},{"damage_healed":0,"gold_gain":0,"player_choice":"Upgraded","damage_taken":0,"max_hp_gain":0,"max_hp_loss":0,"event_name":"Upgrade Shrine","floor":14,"gold_loss":0,"cards_upgraded":["Footwork"]}],"is_beta":false,"boss_relics":[],"items_purged_floors":[3],"is_endless":false,"potions_floor_spawned":[10,11,12,13],"killed_by":"Hexaghost","ascension_level":10}