{"gold_per_floor":[118,118,36,49,67,67,92,92,92,105,105,133,148,166,166,245,245,259,309,56,56,56,82,82],"floor_reached":24,"playtime":1300,"items_purged":[],"score":436,"play_id":"c685f61f-2642-4fbc-b88d-5c8fb5b3ccb2","local_time":"20190323194403","is_ascension_mode":true,"campfire_choices":[{"data":"Zap","floor":6,"key":"SMITH"},{"data":"Dualcast","floor":8,"key":"SMITH"},{"data":"Lockon","floor":11,"key":"SMITH"},{"data":"Tempest","floor":15,"key":"SMITH"}],"neow_cost":"NONE","seed_source_timestamp":1041080292389893,"circlet_count":0,"master_deck":["AscendersBane","Strike_B","Strike_B","Defend_B","Defend_B","Defend_B","Defend_B","Zap+1","Dualcast+1","Leap","Coolheaded","Cold Snap","Tempest+1","Conserve Battery","Lockon+1","Rip and Tear","Ball Lightning","Darkness","Seek","Meteor Strike"],"relics":["Coffee Dripper","Pear","Cables","PreservedInsect","Black Star","Bottled Lightning","Ancient Tea Set","Question Card"],"potions_floor_usage":[12,12,16,24],"damage_taken":[{"damage":0,"enemies":"Cultist","floor":1,"turns":4},{"damage":0,"enemies":"Jaw Worm","floor":4,"turns":4},{"damage":0,"enemies":"2 Louse","floor":5,"turns":3},{"damage":32,"enemies":"Gremlin Nob","floor":7,"turns":5},{"damage":1,"enemies":"Exordium Wildlife","floor":10,"turns":4},{"damage":0,"enemies":"Lagavulin","floor":12,"turns":3},{"damage":0,"enemies":"2 Fungi Beasts","floor":13,"turns":3},{"damage":0,"enemies":"Large Slime","floor":14,"turns":3},{"damage":21,"enemies":"Hexaghost","floor":16,"turns":8},{"damage":0,"enemies":"Chosen","floor":18,"turns":3},{"damage":44,"enemies":"Slavers","floor":23,"turns":4},{"damage":22,"enemies":"3 Byrds","floor":24,"turns":2}],"seed_played":"-2139435488931077452","potions_obtained":[{"floor":4,"key":"Strength Potion"},{"floor":7,"key":"Poison Potion"},{"floor":10,"key":"Explosive Potion"},{"floor":14,"key":"Poison Potion"},{"floor":23,"key":"Weak Potion"}],"is_trial":false,"path_per_floor":["M","?","$","M","M","R","E","R","T","M","R","E","M","M","R","B",null,"M","?","$","?","$","E","M"],"character_chosen":"DEFECT","items_purchased":["Cold Snap","Tempest","Bottled Lightning"],"campfire_rested":0,"item_purchase_floors":[3,3,20],"current_hp_per_floor":[64,64,64,64,64,64,42,42,42,41,41,41,41,41,41,20,66,66,66,66,66,66,22,0],"gold":82,"neow_bonus":"BOSS_RELIC","is_prod":false,"is_daily":false,"chose_seed":false,"campfire_upgraded":4,"win_rate":0,"timestamp":1553370243,"path_taken":["M","?","?","M","M","R","E","R","T","M","R","E","?","M","R","BOSS","M","?","$","?","?","E","M"],"build_version":"2019-01-23","purchased_purges":0,"victory":false,"max_hp_per_floor":[71,71,71,71,71,71,81,81,81,81,81,81,81,81,81,81,81,81,81,81,81,81,81,81],"card_choices":[{"not_picked":["Capacitor","Stack"],"picked":"Leap","floor":1},{"not_picked":["Streamline","Barrage"],"picked":"Conserve Battery","floor":4},{"not_picked":["Gash","Turbo"],"picked":"Lockon","floor":5},{"not_picked":["Blizzard","Aggregate","Steam Power"],"picked":"SKIP","floor":7},{"not_picked":["Sweeping Beam","Leap"],"picked":"Rip and Tear","floor":10},{"not_picked":["Melter","Leap","All For One"],"picked":"SKIP","floor":12},{"not_picked":["Go for the Eyes","Hologram"],"picked":"Ball Lightning","floor":13},{"not_picked":["Stack","Scrape"],"picked":"Darkness","floor":14},{"not_picked":["Creative AI","Rainbow"],"picked":"Seek","floor":16},{"not_picked":["Stack+1","Leap","Conserve Battery"],"picked":"SKIP","floor":18},{"not_picked":["Melter","Rebound"],"picked":"Meteor Strike","floor":23}],"player_experience":1613465,"relics_obtained":[{"floor":7,"key":"Pear"},{"floor":9,"key":"Cables"},{"floor":12,"key":"PreservedInsect"},{"floor":23,"key":"Ancient Tea Set"},{"floor":23,"key":"Question Card"}],"event_choices":[{"damage_healed":0,"gold_gain":0,"cards_transformed":["Strike_B"],"player_choice":"Transformed","damage_taken":0,"max_hp_gain":0,"max_hp_loss":0,"event_name":"Transmorgrifier","floor":2,"gold_loss":0,"cards_obtained":["Coolheaded"]},{"damage_healed":0,"gold_gain":50,"player_choice":"Stole From Cult","damage_taken":0,"max_hp_gain":0,"max_hp_loss":0,"event_name":"Nest","floor":19,"gold_loss":0},{"cards_removed":["Strike_B"],"damage_healed":0,"gold_gain":0,"player_choice":"Elegance","damage_taken":0,"max_hp_gain":0,"max_hp_loss":0,"event_name":"Back to Basics","floor":21,"gold_loss":0}],"is_beta":false,"boss_relics":[{"not_picked":["Runic Pyramid","Empty Cage"],"picked":"Black Star"}],"items_purged_floors":[],"is_endless":false,"potions_floor_spawned":[4,7,10,14,23],"killed_by":"3 Byrds","ascension_level":15}