{"gold_per_floor":[214,17,17,17,31,31,63,63,63,91,91,91,111,122,122,227,227,237,247,78,90,110,110,120,131,131,131,39,54,54],"floor_reached":30,"playtime":3240,"items_purged":["Strike_B","Strike_B"],"score":242,"play_id":"ac669921-0caf-42f8-8ded-1ea39c39b4c8","local_time":"20190621234809","is_ascension_mode":false,"campfire_choices":[{"data":"Zap","floor":6,"key":"SMITH"},{"data":"Sunder","floor":8,"key":"SMITH"},{"floor":11,"key":"REST"},{"data":"Steam Power","floor":15,"key":"SMITH"},{"floor":23,"key":"REST"},{"floor":27,"key":"REST"}],"neow_cost":"NONE","seed_source_timestamp":287181672981400,"circlet_count":0,"master_deck":["Strike_B","Strike_B","Defend_B","Defend_B","Defend_B","Defend_B","Zap+1","Dualcast+1","Sunder+1","Chill","Steam","Go for the Eyes","Gash","Steam Power+1","Echo Form+1","Gash+1","Stack","Hologram","Go for the Eyes+1","Turbo","Beam Cell","Sweeping Beam+1"],"relics":["Cracked Core","Question Card","Ancient Tea Set","Bottled Flame","Frozen Egg 2","Sozu","Ginger"],"potions_floor_usage":[16,16,29],"damage_taken":[{"damage":0,"enemies":"Small Slimes","floor":1,"turns":3},{"damage":1,"enemies":"2 Louse","floor":5,"turns":2},{"damage":11,"enemies":"3 Sentries","floor":7,"turns":11},{"damage":20,"enemies":"Lagavulin","floor":10,"turns":4},{"damage":0,"enemies":"Cultist","floor":13,"turns":2},{"damage":10,"enemies":"Exordium Thugs","floor":14,"turns":3},{"damage":15,"enemies":"Hexaghost","floor":16,"turns":8},{"damage":11,"enemies":"Spheric Guardian","floor":18,"turns":4},{"damage":12,"enemies":"Shell Parasite","floor":19,"turns":5},{"damage":34,"enemies":"Sentry and Sphere","floor":21,"turns":6},{"damage":5,"enemies":"Snecko","floor":22,"turns":5},{"damage":3,"enemies":"Snake Plant","floor":24,"turns":4},{"damage":26,"enemies":"Sentry and Sphere","floor":25,"turns":6},{"damage":13,"enemies":"Snecko","floor":29,"turns":5},{"damage":25,"enemies":"Colosseum Slavers","floor":30,"turns":1}],"seed_played":"1256508514469771038","potions_obtained":[{"floor":1,"key":"Energy Potion"},{"floor":10,"key":"Fire Potion"},{"floor":13,"key":"Poison Potion"},{"floor":16,"key":"Poison Potion"}],"is_trial":false,"path_per_floor":["M","$","?","?","M","R","E","R","T","E","R","?","M","M","R","B",null,"M","M","$","M","M","R","M","M","T","R","$","M","?"],"character_chosen":"DEFECT","items_purchased":["Chill","Steam","Stack","Hologram","Turbo","Beam Cell"],"campfire_rested":3,"item_purchase_floors":[2,2,20,20,28,28],"current_hp_per_floor":[75,75,50,75,74,74,63,63,63,43,65,65,65,55,55,40,75,64,52,52,18,13,35,32,6,6,28,28,15,0],"gold":54,"neow_bonus":"HUNDRED_GOLD","is_prod":false,"is_daily":false,"chose_seed":false,"campfire_upgraded":3,"win_rate":0.0,"timestamp":1561186089,"path_taken":["M","$","?","?","M","R","E","R","T","E","R","?","?","M","R","BOSS","M","M","$","M","M","R","M","M","T","R","$","M","?"],"build_version":"2019-01-23","purchased_purges":2,"victory":false,"max_hp_per_floor":[75,75,75,75,75,75,75,75,75,75,75,75,75,75,75,75,75,75,75,75,75,75,75,75,75,75,75,75,75,75],"card_choices":[{"not_picked":["Streamline","Sweeping Beam"],"picked":"Sunder","floor":1},{"not_picked":["Hologram","Loop","Melter"],"picked":"Go for the Eyes","floor":5},{"not_picked":["Barrage","Storm","Double Energy"],"picked":"Gash","floor":7},{"not_picked":["White Noise","Buffer","Chaos","Static Discharge"],"picked":"SKIP","floor":10},{"not_picked":["Undo","Chaos","Redo"],"picked":"Steam Power","floor":13},{"not_picked":["Chill","Static Discharge+1","Steam Power","Sunder"],"picked":"SKIP","floor":14},{"not_picked":["All For One","Reboot","Buffer+1"],"picked":"Echo Form+1","floor":16},{"not_picked":["Go for the Eyes+1","Cold Snap","Compile Driver"],"picked":"Gash+1","floor":18},{"not_picked":["Rebound","Reinforced Body","FTL","Lockon+1"],"picked":"SKIP","floor":19},{"not_picked":["FTL","Steam","Machine Learning+1"],"picked":"Go for the Eyes+1","floor":21},{"not_picked":["Streamline","Coolheaded","Darkness+1","Lockon+1"],"picked":"SKIP","floor":22},{"not_picked":["Redo","Rainbow","Coolheaded+1","Consume+1"],"picked":"SKIP","floor":24},{"not_picked":["Coolheaded","Barrage","Sweeping Beam","Go for the Eyes"],"picked":"SKIP","floor":25},{"not_picked":["Glacier","Rip and Tear","Sunder"],"picked":"Sweeping Beam+1","floor":29}],"player_experience":49004,"relics_obtained":[{"floor":7,"key":"Ancient Tea Set"},{"floor":9,"key":"Bottled Flame"},{"floor":10,"key":"Frozen Egg 2"},{"floor":26,"key":"Ginger"}],"event_choices":[{"damage_healed":0,"gold_gain":0,"player_choice":"Success","damage_taken":25,"relics_obtained":["Question Card"],"max_hp_gain":0,"max_hp_loss":0,"event_name":"Scrap Ooze","floor":3,"gold_loss":0},{"damage_healed":25,"gold_gain":0,"player_choice":"Banana","damage_taken":0,"max_hp_gain":0,"max_hp_loss":0,"event_name":"Big Fish","floor":4,"gold_loss":0},{"damage_healed":0,"gold_gain":0,"player_choice":"Forge","damage_taken":0,"max_hp_gain":0,"max_hp_loss":0,"event_name":"Accursed Blacksmith","floor":12,"gold_loss":0,"cards_upgraded":["Dualcast"]},{"damage_healed":0,"gold_gain":0,"player_choice":"Fight","damage_taken":0,"max_hp_gain":0,"max_hp_loss":0,"event_name":"Colosseum","floor":30,"gold_loss":0}],"is_beta":false,"boss_relics":[{"not_picked":["Inserter","Runic Pyramid"],"picked":"Sozu"}],"items_purged_floors":[2,20],"is_endless":false,"potions_floor_spawned":[1,10,13,16,18,21,25],"killed_by":"Colosseum Slavers","ascension_level":0}