{"gold_per_floor":[110,129,149,149,159,193,193,203,203,203,278,278,243,270,270,365,365,378,364,364],"floor_reached":20,"playtime":948,"items_purged":[],"score":276,"play_id":"1f6f49cb-ae22-4658-9744-7406fbedfd22","local_time":"20190509235128","is_ascension_mode":true,"campfire_choices":[{"floor":7,"key":"REST"},{"floor":15,"key":"REST"}],"neow_cost":"NONE","seed_source_timestamp":532375484843499,"circlet_count":0,"master_deck":["AscendersBane","Defend_G","Defend_G","Defend_G","Defend_G","Defend_G","Strike_G","Strike_G","Strike_G","Strike_G","Survivor","Neutralize","Crippling Poison","PiercingWail","Backflip","Bouncing Flask","Parasite","Adrenaline","Envenom","Acrobatics+1"],"relics":["Ring of the Snake","Bag of Preparation","Paper Crane","Mercury Hourglass","Shuriken","Black Star"],"potions_floor_usage":[6,6,20],"damage_taken":[{"damage":2,"enemies":"2 Louse","floor":1,"turns":4},{"damage":6,"enemies":"Small Slimes","floor":2,"turns":3},{"damage":3,"enemies":"Jaw Worm","floor":3,"turns":7},{"damage":4,"enemies":"Large Slime","floor":5,"turns":11},{"damage":43,"enemies":"Gremlin Nob","floor":6,"turns":6},{"damage":22,"enemies":"2 Fungi Beasts","floor":8,"turns":5},{"damage":15,"enemies":"Lagavulin","floor":14,"turns":7},{"damage":9,"enemies":"The Guardian","floor":16,"turns":11},{"damage":3,"enemies":"Chosen","floor":18,"turns":5},{"damage":27,"enemies":"2 Thieves","floor":19,"turns":4},{"damage":41,"enemies":"Masked Bandits","floor":20,"turns":5}],"seed_played":"-4655622004508620369","potions_obtained":[{"floor":3,"key":"FearPotion"},{"floor":5,"key":"SteroidPotion"},{"floor":19,"key":"Dexterity Potion"}],"is_trial":false,"path_per_floor":["M","M","M","?","M","E","R","M","T","?","?","?","?","E","R","B",null,"M","M","?"],"character_chosen":"THE_SILENT","items_purchased":[],"campfire_rested":2,"item_purchase_floors":[],"current_hp_per_floor":[68,62,59,52,48,5,28,6,6,25,14,7,26,11,34,25,64,61,34,0],"gold":364,"neow_bonus":"TEN_PERCENT_HP_BONUS","is_prod":false,"is_daily":false,"chose_seed":false,"campfire_upgraded":0,"win_rate":0,"timestamp":1557471088,"path_taken":["M","M","M","?","M","E","R","M","T","?","?","?","?","E","R","BOSS","M","M","?"],"build_version":"2019-01-23","purchased_purges":0,"victory":false,"max_hp_per_floor":[77,77,77,77,77,77,77,77,77,77,77,77,77,77,77,77,77,77,77,77],"card_choices":[{"not_picked":["Blade Dance","Prepared"],"picked":"Crippling Poison","floor":1},{"not_picked":["Caltrops","Slice"],"picked":"PiercingWail","floor":2},{"not_picked":["Underhanded Strike","Prepared"],"picked":"Backflip","floor":3},{"not_picked":["Cloak And Dagger","Outmaneuver","Prepared"],"picked":"SKIP","floor":5},{"not_picked":["Blade Dance","Slice","Underhanded Strike"],"picked":"SKIP","floor":6},{"not_picked":["Caltrops","Cloak And Dagger"],"picked":"Bouncing Flask","floor":8},{"not_picked":["Unload","Dodge and Roll"],"picked":"Adrenaline","floor":14},{"not_picked":["Glass Knife","Doppelganger"],"picked":"Envenom","floor":16},{"not_picked":["Quick Slash","Dash"],"picked":"Acrobatics+1","floor":18},{"not_picked":["Acrobatics","Dodge and Roll","Choke"],"picked":"SKIP","floor":19}],"player_experience":1338855,"relics_obtained":[{"floor":6,"key":"Bag of Preparation"},{"floor":9,"key":"Paper Crane"},{"floor":14,"key":"Shuriken"}],"event_choices":[{"cards_removed":["Strike_G"],"damage_healed":0,"gold_gain":0,"player_choice":"Card Removal","damage_taken":7,"max_hp_gain":0,"max_hp_loss":0,"event_name":"Golden Wing","floor":4,"gold_loss":0},{"damage_healed":19,"gold_gain":0,"player_choice":"Healed and dodged fight","damage_taken":0,"max_hp_gain":0,"max_hp_loss":0,"event_name":"Mushrooms","floor":10,"gold_loss":0,"cards_obtained":["Parasite"]},{"damage_healed":0,"gold_gain":75,"player_choice":"Gather Gold","damage_taken":11,"max_hp_gain":0,"max_hp_loss":0,"event_name":"World of Goop","floor":11,"gold_loss":0},{"damage_healed":0,"gold_gain":0,"player_choice":"Success","damage_taken":7,"relics_obtained":["Mercury Hourglass"],"max_hp_gain":0,"max_hp_loss":0,"event_name":"Scrap Ooze","floor":12,"gold_loss":0},{"damage_healed":19,"gold_gain":0,"player_choice":"Healed","damage_taken":0,"max_hp_gain":0,"max_hp_loss":0,"event_name":"The Cleric","floor":13,"gold_loss":35},{"damage_healed":0,"gold_gain":0,"player_choice":"Fought Bandits","damage_taken":0,"max_hp_gain":0,"max_hp_loss":0,"event_name":"Masked Bandits","floor":20,"gold_loss":0}],"is_beta":false,"boss_relics":[{"not_picked":["Fusion Hammer","Snecko Eye"],"picked":"Black Star"}],"items_purged_floors":[],"is_endless":false,"potions_floor_spawned":[3,5,19],"killed_by":"Masked Bandits","ascension_level":10}