{"gold_per_floor":[116,133,149,149,161,186,237,247,247,247,20,20,36,336,336,432,432,452,462,480,498,498,498,337,337,337,337,437,457,471,471],"floor_reached":31,"playtime":2175,"items_purged":["Defend_R"],"score":239,"play_id":"4585622d-1225-4477-a9d4-aeecb4444103","local_time":"20190524141440","is_ascension_mode":false,"campfire_choices":[{"floor":10,"key":"REST"},{"floor":15,"key":"REST"},{"floor":23,"key":"REST"},{"floor":25,"key":"REST"},{"floor":27,"key":"REST"}],"neow_cost":"PERCENT_DAMAGE","seed_source_timestamp":306199735777000,"circlet_count":0,"master_deck":["Strike_R","Strike_R+1","Strike_R","Strike_R","Strike_R","Defend_R+1","Defend_R","Defend_R","Bash","Double Tap","Clothesline","Pommel Strike","Perfected Strike","Anger","Sever Soul","Infernal Blade","Seeing Red","Offering","Anger","Double Tap","Heavy Blade","Iron Wave","Seeing Red","Feel No Pain","Seeing Red","Headbutt+1","Iron Wave+1","Iron Wave","Pommel Strike","Enlightenment","Rage","Dual Wield","Perfected Strike"],"relics":["Burning Blood","Oddly Smooth Stone","Mercury Hourglass","Old Coin","Orrery","Kunai","WingedGreaves","Bottled Tornado"],"potions_floor_usage":[30,31,31],"damage_taken":[{"damage":6,"enemies":"Cultist","floor":1,"turns":3},{"damage":0,"enemies":"Small Slimes","floor":2,"turns":3},{"damage":5,"enemies":"2 Louse","floor":3,"turns":3},{"damage":10,"enemies":"Looter","floor":5,"turns":2},{"damage":13,"enemies":"Gremlin Nob","floor":6,"turns":4},{"damage":7,"enemies":"Large Slime","floor":8,"turns":4},{"damage":14,"enemies":"3 Louse","floor":13,"turns":2},{"damage":22,"enemies":"Slime Boss","floor":16,"turns":4},{"damage":37,"enemies":"2 Thieves","floor":18,"turns":3},{"damage":13,"enemies":"3 Byrds","floor":19,"turns":3},{"damage":33,"enemies":"Cultist and Chosen","floor":20,"turns":5},{"damage":3,"enemies":"Snecko","floor":21,"turns":4},{"damage":19,"enemies":"Colosseum Slavers","floor":28,"turns":4},{"damage":33,"enemies":"Colosseum Nobs","floor":28,"turns":4},{"damage":17,"enemies":"Chosen and Byrds","floor":29,"turns":6},{"damage":34,"enemies":"Centurion and Healer","floor":30,"turns":5},{"damage":12,"enemies":"Snake Plant","floor":31,"turns":1}],"seed_played":"2648574789412502498","potions_obtained":[{"floor":5,"key":"Dexterity Potion"},{"floor":6,"key":"GamblersBrew"},{"floor":16,"key":"PowerPotion"},{"floor":28,"key":"BloodPotion"},{"floor":30,"key":"PowerPotion"}],"is_trial":false,"path_per_floor":["M","M","M","?","M","E","?","M","T","R","$","?","M","T","R","B",null,"M","M","M","M","?","R","$","R","T","R","?","M","M","M"],"character_chosen":"IRONCLAD","items_purchased":["Seeing Red","Offering","Enlightenment"],"campfire_rested":5,"item_purchase_floors":[11,11,24],"current_hp_per_floor":[56,62,63,47,43,36,36,35,35,59,59,59,51,51,75,59,80,49,42,15,18,18,42,42,66,66,80,40,29,9,0],"gold":471,"neow_bonus":"THREE_RARE_CARDS","is_prod":false,"is_daily":false,"chose_seed":false,"campfire_upgraded":0,"win_rate":0,"timestamp":1558703680,"path_taken":["M","M","M","?","M","E","?","M","T","R","$","?","M","?","R","BOSS","M","M","M","M","?","R","$","R","T","R","?","?","M","M"],"build_version":"2019-01-23","purchased_purges":1,"victory":false,"max_hp_per_floor":[80,80,80,80,80,80,80,80,80,80,80,80,80,80,80,80,80,80,80,80,80,80,80,80,80,80,80,80,80,80,80],"card_choices":[{"not_picked":["Juggernaut","Barricade"],"picked":"Double Tap","floor":0},{"not_picked":["Iron Wave","Shrug It Off"],"picked":"Clothesline","floor":1},{"not_picked":["Clash","Perfected Strike"],"picked":"Pommel Strike","floor":2},{"not_picked":["Sword Boomerang","Flex"],"picked":"Perfected Strike","floor":3},{"not_picked":["Havoc","Twin Strike"],"picked":"Anger","floor":5},{"not_picked":["Rupture","Inflame"],"picked":"Sever Soul","floor":6},{"not_picked":["Iron Wave","Carnage"],"picked":"Infernal Blade","floor":8},{"not_picked":["Wild Strike","Fire Breathing"],"picked":"Anger","floor":13},{"not_picked":["Barricade","Juggernaut"],"picked":"Double Tap","floor":16},{"not_picked":["Hemokinesis","Armaments"],"picked":"Heavy Blade","floor":17},{"not_picked":["Wild Strike","Shockwave"],"picked":"Iron Wave","floor":17},{"not_picked":["Sever Soul","Clothesline"],"picked":"Seeing Red","floor":17},{"not_picked":["Power Through","Shrug It Off"],"picked":"Feel No Pain","floor":17},{"not_picked":["Juggernaut","Body Slam"],"picked":"Seeing Red","floor":17},{"not_picked":["Disarm","Thunderclap"],"picked":"Headbutt+1","floor":18},{"not_picked":["Shockwave","Havoc"],"picked":"Iron Wave+1","floor":19},{"not_picked":["Rupture","Metallicize+1"],"picked":"Iron Wave","floor":20},{"not_picked":["Reaper","Heavy Blade"],"picked":"Pommel Strike","floor":21},{"not_picked":["Uppercut","Havoc"],"picked":"Rage","floor":28},{"not_picked":["Searing Blow+1","Pommel Strike"],"picked":"Dual Wield","floor":29},{"not_picked":["Armaments","Feel No Pain"],"picked":"Perfected Strike","floor":30}],"player_experience":253909,"relics_obtained":[{"floor":6,"key":"Oddly Smooth Stone"},{"floor":9,"key":"Mercury Hourglass"},{"floor":14,"key":"Old Coin"},{"floor":26,"key":"Kunai"},{"floor":28,"key":"WingedGreaves"},{"floor":28,"key":"Bottled Tornado"}],"event_choices":[{"damage_healed":0,"gold_gain":0,"player_choice":"Entered Light","damage_taken":16,"max_hp_gain":0,"max_hp_loss":0,"event_name":"Shining Light","floor":4,"gold_loss":0,"cards_upgraded":["Strike_R","Defend_R"]},{"damage_healed":0,"gold_gain":51,"player_choice":"Gained Gold","damage_taken":0,"max_hp_gain":0,"max_hp_loss":0,"event_name":"Golden Wing","floor":7,"gold_loss":0},{"damage_healed":0,"gold_gain":0,"player_choice":"Leave","damage_taken":0,"max_hp_gain":0,"max_hp_loss":0,"event_name":"The Cleric","floor":12,"gold_loss":0},{"damage_healed":0,"gold_gain":0,"player_choice":"Ignored","damage_taken":0,"max_hp_gain":0,"max_hp_loss":0,"event_name":"Cursed Tome","floor":22,"gold_loss":0},{"damage_healed":0,"gold_gain":0,"player_choice":"Fight","damage_taken":0,"max_hp_gain":0,"max_hp_loss":0,"event_name":"Colosseum","floor":28,"gold_loss":0},{"damage_healed":0,"gold_gain":0,"player_choice":"Fought Nobs","damage_taken":0,"max_hp_gain":0,"max_hp_loss":0,"event_name":"Colosseum","floor":28,"gold_loss":0}],"is_beta":false,"boss_relics":[{"not_picked":["Runic Cube","Velvet Choker"],"picked":"Orrery"}],"items_purged_floors":[24],"is_endless":false,"potions_floor_spawned":[5,6,16,28,28,29,30],"killed_by":"Snake Plant","ascension_level":0}