{"gold_per_floor":[110,120,120,120,132,158,174,198,223,223,274,274,300,58,58,160,160,172,172,172,186,204,204,231,250,276,276,309,309],"floor_reached":29,"playtime":4828,"items_purged":[],"score":314,"play_id":"129f9952-c628-4045-ac88-601f6b496aa4","local_time":"20190708142620","is_ascension_mode":true,"campfire_choices":[{"floor":10,"key":"REST"},{"floor":15,"key":"REST"},{"floor":23,"key":"REST"},{"floor":27,"key":"REST"}],"neow_cost":"NONE","seed_source_timestamp":1992493935686600,"circlet_count":0,"master_deck":["Strike_G","Strike_G","Strike_G","Strike_G","Strike_G","Defend_G","Defend_G","Defend_G","Defend_G","Survivor","Neutralize+1","Dash","Escape Plan","Caltrops+1","Noxious Fumes","Quick Slash","Backflip","Die Die Die","Envenom","Backflip+1","PiercingWail+1","Infinite Blades+1","Prepared"],"relics":["Ring of the Snake","Strawberry","Blood Vial","Odd Mushroom","Orichalcum","MawBank","Mercury Hourglass","White Beast Statue","Bronze Scales","Red Mask"],"potions_floor_usage":[6,6,7,8,22,24,25,25,28,28,28],"damage_taken":[{"damage":4,"enemies":"Jaw Worm","floor":1,"turns":6},{"damage":2,"enemies":"Small Slimes","floor":2,"turns":3},{"damage":0,"enemies":"Cultist","floor":5,"turns":4},{"damage":8,"enemies":"Lagavulin","floor":6,"turns":8},{"damage":6,"enemies":"Large Slime","floor":7,"turns":6},{"damage":6,"enemies":"The Mushroom Lair","floor":8,"turns":5},{"damage":24,"enemies":"Gremlin Nob","floor":13,"turns":5},{"damage":28,"enemies":"Hexaghost","floor":16,"turns":10},{"damage":16,"enemies":"3 Byrds","floor":18,"turns":3},{"damage":11,"enemies":"Chosen","floor":21,"turns":6},{"damage":20,"enemies":"Snake Plant","floor":22,"turns":5},{"damage":51,"enemies":"Book of Stabbing","floor":24,"turns":7},{"damage":4,"enemies":"Cultist and Chosen","floor":25,"turns":6},{"damage":15,"enemies":"Masked Bandits","floor":28,"turns":4},{"damage":13,"enemies":"3 Cultists","floor":29,"turns":3}],"seed_played":"8724251085249225951","potions_obtained":[{"floor":1,"key":"SteroidPotion"},{"floor":2,"key":"Dexterity Potion"},{"floor":6,"key":"Explosive Potion"},{"floor":7,"key":"Block Potion"},{"floor":18,"key":"SteroidPotion"},{"floor":21,"key":"PowerPotion"},{"floor":22,"key":"PowerPotion"},{"floor":24,"key":"EntropicBrew"},{"floor":25,"key":"LiquidBronze"},{"floor":28,"key":"Ancient Potion"}],"is_trial":false,"path_per_floor":["M","M","?","?","M","E","M","?","T","R","?","?","E","$","R","B",null,"M","?","?","M","M","R","E","M","T","R","?","M"],"character_chosen":"THE_SILENT","items_purchased":["Mercury Hourglass"],"campfire_rested":4,"item_purchase_floors":[14],"current_hp_per_floor":[73,71,71,71,71,63,59,55,55,77,77,77,53,53,76,49,70,56,56,56,47,29,52,3,1,1,24,11,0],"gold":309,"neow_bonus":"RANDOM_COMMON_RELIC","is_prod":false,"is_daily":false,"chose_seed":false,"campfire_upgraded":0,"win_rate":0,"timestamp":1562621180,"path_taken":["M","M","?","?","?","E","M","?","T","R","?","?","E","$","R","BOSS","M","?","?","M","?","R","E","M","T","R","?","M"],"build_version":"2019-07-05","purchased_purges":0,"victory":false,"max_hp_per_floor":[77,77,77,77,77,77,77,77,77,77,77,77,77,77,77,77,77,77,77,77,77,77,77,77,77,77,77,77,77],"card_choices":[{"not_picked":["Calculated Gamble","Masterful Stab"],"picked":"Dash","floor":1},{"not_picked":["Acrobatics","Catalyst"],"picked":"Escape Plan","floor":2},{"not_picked":["Flying Knee","Slice"],"picked":"Caltrops","floor":5},{"not_picked":["Outmaneuver","Choke"],"picked":"Noxious Fumes","floor":6},{"not_picked":["Sucker Punch","Tactician"],"picked":"Quick Slash","floor":7},{"not_picked":["Blade Dance","Outmaneuver"],"picked":"Backflip","floor":8},{"not_picked":["Backflip","Flying Knee"],"picked":"Die Die Die","floor":13},{"not_picked":["Night Terror","Doppelganger"],"picked":"Envenom","floor":16},{"not_picked":["Sucker Punch","Bane"],"picked":"Backflip+1","floor":18},{"not_picked":["Outmaneuver","Infinite Blades","Flying Knee"],"picked":"SKIP","floor":21},{"not_picked":["Acrobatics+1","Underhanded Strike"],"picked":"PiercingWail+1","floor":22},{"not_picked":["Backflip","Dagger Throw"],"picked":"Infinite Blades+1","floor":24},{"not_picked":["Deflect","Bane+1"],"picked":"Prepared","floor":25}],"player_experience":658941,"relics_obtained":[{"floor":6,"key":"Blood Vial"},{"floor":8,"key":"Odd Mushroom"},{"floor":9,"key":"Orichalcum"},{"floor":13,"key":"MawBank"},{"floor":24,"key":"Bronze Scales"},{"floor":28,"key":"Red Mask"}],"event_choices":[{"cards_removed":["Defend_G"],"damage_healed":0,"gold_gain":0,"player_choice":"Forget","damage_taken":0,"max_hp_gain":0,"max_hp_loss":0,"event_name":"Living Wall","floor":3,"gold_loss":0},{"damage_healed":0,"gold_gain":0,"player_choice":"Forge","damage_taken":0,"max_hp_gain":0,"max_hp_loss":0,"event_name":"Accursed Blacksmith","floor":4,"gold_loss":0,"cards_upgraded":["Neutralize"]},{"damage_healed":0,"gold_gain":0,"player_choice":"Fought Mushrooms","damage_taken":0,"max_hp_gain":0,"max_hp_loss":0,"event_name":"Mushrooms","floor":8,"gold_loss":0},{"damage_healed":0,"gold_gain":51,"player_choice":"Gained Gold","damage_taken":0,"max_hp_gain":0,"max_hp_loss":0,"event_name":"Golden Wing","floor":11,"gold_loss":0},{"damage_healed":0,"gold_gain":0,"player_choice":"Full Heal","damage_taken":0,"max_hp_gain":0,"max_hp_loss":0,"event_name":"Wheel of Change","floor":12,"gold_loss":0},{"damage_healed":0,"gold_gain":0,"player_choice":"Ignored","damage_taken":0,"max_hp_gain":0,"max_hp_loss":0,"event_name":"Ghosts","floor":19,"gold_loss":0},{"damage_healed":0,"gold_gain":0,"player_choice":"Upgraded","damage_taken":0,"max_hp_gain":0,"max_hp_loss":0,"event_name":"Upgrade Shrine","floor":20,"gold_loss":0,"cards_upgraded":["Caltrops"]},{"damage_healed":0,"gold_gain":0,"player_choice":"Fought Bandits","damage_taken":0,"max_hp_gain":0,"max_hp_loss":0,"event_name":"Masked Bandits","floor":28,"gold_loss":0}],"is_beta":false,"boss_relics":[{"not_picked":["Runic Pyramid","Black Star"],"picked":"White Beast Statue"}],"items_purged_floors":[],"is_endless":false,"potions_floor_spawned":[1,2,6,7,18,21,22,24,25,28],"killed_by":"3 Cultists","ascension_level":5}