{"gold_per_floor":[113,129,54,54,54,98,116,141,141,141,160,160,194,218,218,349,349,374,574,474,474,163,183,218,218,218,12,46,61,61,77,77,205,205,223,348,348,118,136,177,177,177,200,215,254,254,277,277,277,277],"floor_reached":51,"playtime":5063,"items_purged":["Strike_B","Strike_B","Injury"],"score":818,"play_id":"814823cd-71c7-4222-8695-b15ff6e30831","local_time":"20190408194420","is_ascension_mode":true,"campfire_choices":[{"data":"Zap","floor":12,"key":"SMITH"},{"data":"Seek","floor":15,"key":"SMITH"},{"data":"Creative AI","floor":25,"key":"SMITH"},{"data":"Dualcast","floor":30,"key":"SMITH"},{"data":"Rip and Tear","floor":32,"key":"SMITH"},{"data":"Chill","floor":41,"key":"SMITH"},{"floor":49,"key":"DIG"}],"neow_cost":"NONE","seed_source_timestamp":2416221135853386,"circlet_count":0,"master_deck":["Defend_B","Defend_B","Zap+1","Dualcast+1","Ball Lightning","Glacier","Electrodynamics","BootSequence","Seek+1","Rip and Tear+1","Creative AI+1","Double Energy+1","FTL","Redo","Clumsy","Chill+1","Reinforced Body","Double Energy+1","Streamline+1","Storm+1","Beam Cell+1","Defragment","Panache","Genetic Algorithm+1"],"relics":["Cracked Core","Golden Idol","Bag of Preparation","Pen Nib","Gremlin Horn","Blood Vial","Cursed Key","Letter Opener","Ornamental Fan","Bird Faced Urn","Cables","Astrolabe","Gambling Chip","Happy Flower","Omamori","Orichalcum","Shovel","Shuriken"],"potions_floor_usage":[6,21,33,33,40,45,50,50],"damage_taken":[{"damage":1,"enemies":"Jaw Worm","floor":1,"turns":3},{"damage":6,"enemies":"2 Louse","floor":2,"turns":2},{"damage":19,"enemies":"Lagavulin","floor":6,"turns":7},{"damage":0,"enemies":"Cultist","floor":7,"turns":3},{"damage":0,"enemies":"Lots of Slimes","floor":8,"turns":2},{"damage":3,"enemies":"Red Slaver","floor":11,"turns":3},{"damage":8,"enemies":"Gremlin Nob","floor":13,"turns":4},{"damage":0,"enemies":"Gremlin Gang","floor":14,"turns":1},{"damage":5,"enemies":"Slime Boss","floor":16,"turns":8},{"damage":0,"enemies":"Chosen","floor":18,"turns":3},{"damage":0,"enemies":"Spheric Guardian","floor":21,"turns":3},{"damage":0,"enemies":"3 Cultists","floor":23,"turns":2},{"damage":11,"enemies":"Gremlin Leader","floor":24,"turns":4},{"damage":11,"enemies":"Book of Stabbing","floor":28,"turns":6},{"damage":0,"enemies":"Centurion and Healer","floor":29,"turns":5},{"damage":5,"enemies":"Snecko","floor":31,"turns":4},{"damage":0,"enemies":"Automaton","floor":33,"turns":9},{"damage":0,"enemies":"3 Shapes","floor":35,"turns":3},{"damage":0,"enemies":"Mind Bloom Boss Battle","floor":36,"turns":4},{"damage":0,"enemies":"3 Darklings","floor":39,"turns":3},{"damage":46,"enemies":"Giant Head","floor":40,"turns":8},{"damage":0,"enemies":"Sphere and 2 Shapes","floor":44,"turns":3},{"damage":1,"enemies":"Reptomancer","floor":45,"turns":4},{"damage":13,"enemies":"Writhing Mass","floor":47,"turns":5},{"damage":2,"enemies":"Donu and Deca","floor":50,"turns":4}],"seed_played":"4520696014099691210","potions_obtained":[{"floor":0,"key":"SteroidPotion"},{"floor":0,"key":"SpeedPotion"},{"floor":0,"key":"Poison Potion"},{"floor":6,"key":"SmokeBomb"},{"floor":8,"key":"Ancient Potion"},{"floor":31,"key":"Swift Potion"},{"floor":33,"key":"FocusPotion"},{"floor":36,"key":"FearPotion"},{"floor":40,"key":"PowerPotion"},{"floor":44,"key":"Fruit Juice"},{"floor":47,"key":"FocusPotion"}],"is_trial":false,"path_per_floor":["M","M","$","?","?","E","M","M","T","?","M","R","E","M","R","B",null,"M","?","$","M","$","M","E","R","T","$","E","M","R","M","R","B",null,"M","?","?","$","M","E","R","?","T","M","E","?","M","?","R","B",null],"character_chosen":"DEFECT","items_purchased":["FTL","Letter Opener","Chill","Happy Flower","Defragment"],"campfire_rested":0,"item_purchase_floors":[22,22,27,38,38],"current_hp_per_floor":[74,68,68,68,68,49,49,49,49,49,46,46,38,40,40,37,75,75,75,75,75,75,75,64,64,64,64,65,75,75,70,70,75,75,75,75,75,75,75,39,39,39,39,53,75,75,71,71,71,80],"gold":277,"neow_bonus":"THREE_SMALL_POTIONS","is_prod":false,"is_daily":false,"chose_seed":false,"campfire_upgraded":6,"win_rate":0,"timestamp":1554749060,"path_taken":["M","M","$","?","?","E","M","M","T","?","?","R","E","M","R","BOSS","M","?","$","M","$","?","E","R","T","?","E","?","R","M","R","BOSS","M","?","?","$","?","E","R","?","T","M","E","?","M","?","R","BOSS"],"build_version":"2019-01-23","purchased_purges":3,"victory":true,"max_hp_per_floor":[75,75,75,75,75,75,75,75,75,75,75,75,75,75,75,75,75,75,75,75,75,75,75,75,75,75,75,75,75,75,75,75,75,75,75,75,75,75,75,75,75,75,75,75,80,80,80,80,80,80],"card_choices":[{"not_picked":["Rebound","Hologram"],"picked":"Ball Lightning","floor":1},{"not_picked":["Hologram","Streamline"],"picked":"Glacier","floor":2},{"not_picked":["Reprogram","Loop"],"picked":"Electrodynamics","floor":6},{"not_picked":["Steam","Static Discharge"],"picked":"BootSequence","floor":7},{"not_picked":["Barrage","Heatsinks","Sweeping Beam"],"picked":"SKIP","floor":8},{"not_picked":["Heatsinks","Double Energy","Skim"],"picked":"SKIP","floor":11},{"not_picked":["Undo","Doom and Gloom"],"picked":"Seek","floor":13},{"not_picked":["Hologram","Sweeping Beam"],"picked":"Rip and Tear","floor":14},{"not_picked":["Hyperbeam","Thunder Strike"],"picked":"Creative AI","floor":16},{"not_picked":["Reprogram","Tempest"],"picked":"Double Energy+1","floor":18},{"not_picked":["Streamline","Undo+1"],"picked":"Redo","floor":23},{"not_picked":["Conserve Battery","Redo","Leap"],"picked":"SKIP","floor":24},{"not_picked":["Recycle","Consume"],"picked":"Reinforced Body","floor":28},{"not_picked":["Loop","Leap","Glacier"],"picked":"SKIP","floor":29},{"not_picked":["Leap+1","Creative AI","Ball Lightning"],"picked":"SKIP","floor":31},{"not_picked":["Coolheaded+1","Cold Snap"],"picked":"Beam Cell+1","floor":35},{"not_picked":["Gash","Ball Lightning","White Noise"],"picked":"SKIP","floor":39},{"not_picked":["Sweeping Beam+1","Darkness+1","Conserve Battery"],"picked":"SKIP","floor":40},{"not_picked":["Flash of Steel","Forethought"],"picked":"Panache","floor":42},{"not_picked":["Genetic Algorithm","Steam","Stack+1"],"picked":"SKIP","floor":44},{"not_picked":["Barrage+1","Reinforced Body+1"],"picked":"Genetic Algorithm+1","floor":45},{"not_picked":["Go for the Eyes+1","BootSequence+1","Sweeping Beam+1"],"picked":"SKIP","floor":47}],"player_experience":1727643,"relics_obtained":[{"floor":6,"key":"Bag of Preparation"},{"floor":9,"key":"Pen Nib"},{"floor":13,"key":"Blood Vial"},{"floor":24,"key":"Ornamental Fan"},{"floor":26,"key":"Bird Faced Urn"},{"floor":28,"key":"Cables"},{"floor":36,"key":"Gambling Chip"},{"floor":40,"key":"Omamori"},{"floor":43,"key":"Orichalcum"},{"floor":45,"key":"Shovel"},{"floor":49,"key":"Shuriken"}],"event_choices":[{"damage_healed":0,"gold_gain":0,"player_choice":"Ignored","damage_taken":0,"max_hp_gain":0,"max_hp_loss":0,"event_name":"Liars Game","floor":4,"gold_loss":0},{"damage_healed":0,"gold_gain":0,"player_choice":"Take Wound","damage_taken":0,"relics_obtained":["Golden Idol"],"max_hp_gain":0,"max_hp_loss":0,"event_name":"Golden Idol","floor":5,"gold_loss":0,"cards_obtained":["Injury"]},{"damage_healed":0,"gold_gain":0,"player_choice":"Searched \u00272\u0027 times","damage_taken":0,"relics_obtained":["Gremlin Horn"],"max_hp_gain":0,"max_hp_loss":0,"event_name":"Dead Adventurer","floor":10,"gold_loss":0},{"damage_healed":0,"gold_gain":250,"player_choice":"Bet on Owner","damage_taken":0,"max_hp_gain":0,"max_hp_loss":0,"event_name":"The Joust","floor":19,"gold_loss":50},{"damage_healed":0,"gold_gain":0,"player_choice":"Fight","damage_taken":0,"max_hp_gain":0,"max_hp_loss":0,"event_name":"MindBloom","floor":36,"gold_loss":0},{"damage_healed":0,"gold_gain":0,"player_choice":"Ignored","damage_taken":0,"max_hp_gain":0,"max_hp_loss":0,"event_name":"SecretPortal","floor":37,"gold_loss":0},{"damage_healed":0,"gold_gain":0,"player_choice":"Memory 1","damage_taken":0,"max_hp_gain":0,"max_hp_loss":0,"event_name":"SensoryStone","floor":42,"gold_loss":0},{"cards_removed":["Strike_B"],"damage_healed":0,"gold_gain":0,"player_choice":"Removed Attack","damage_taken":0,"max_hp_gain":0,"max_hp_loss":0,"event_name":"Falling","floor":46,"gold_loss":0},{"damage_healed":0,"gold_gain":0,"player_choice":"Ignored","damage_taken":0,"max_hp_gain":0,"max_hp_loss":0,"event_name":"The Moai Head","floor":48,"gold_loss":0}],"is_beta":false,"boss_relics":[{"not_picked":["Nuclear Battery","Coffee Dripper"],"picked":"Cursed Key"},{"not_picked":["Velvet Choker","Fusion Hammer"],"picked":"Astrolabe"}],"items_purged_floors":[3,20,27],"is_endless":false,"potions_floor_spawned":[6,7,8,13,14,16,18,21,31,33,36,40,44,47],"ascension_level":1}