{"gold_per_floor":[114,114,114,128,8,38,49,49,74,74,107,7,18,34,34,132,132,146,21,41,41,41,41,73,73,96,108,108,71,96,96],"floor_reached":31,"playtime":2053,"items_purged":["Strike_G","Strike_G","Defend_G"],"score":385,"play_id":"46a33666-b742-4b39-ae8a-e01cb8d3b496","local_time":"20190708115444","is_ascension_mode":true,"campfire_choices":[{"floor":8,"key":"REST"},{"floor":10,"key":"RECALL"},{"data":"Noxious Fumes","floor":15,"key":"SMITH"},{"data":"Envenom","floor":23,"key":"SMITH"},{"floor":25,"key":"REST"},{"floor":28,"key":"REST"}],"neow_cost":"NONE","seed_source_timestamp":1986165614542900,"circlet_count":0,"master_deck":["Strike_G","Strike_G","Strike_G","Defend_G","Defend_G+1","Defend_G+1","Survivor","Neutralize","Backflip","Noxious Fumes+1","Deadly Poison","Footwork","Tools of the Trade","Dagger Throw","Bouncing Flask","Crippling Poison","Envenom+1","Prepared","Calculated Gamble","Noxious Fumes+1","Noxious Fumes","Bane"],"relics":["Ring of the Snake","NeowsBlessing","Blood Vial","Bag of Marbles","Shuriken","Sozu","Ornamental Fan","Matryoshka"],"potions_floor_usage":[18,22,24],"damage_taken":[{"damage":0,"enemies":"Cultist","floor":1,"turns":1},{"damage":0,"enemies":"Small Slimes","floor":4,"turns":1},{"damage":0,"enemies":"Gremlin Nob","floor":6,"turns":1},{"damage":0,"enemies":"2 Louse","floor":7,"turns":3},{"damage":7,"enemies":"3 Sentries","floor":11,"turns":8},{"damage":5,"enemies":"Exordium Wildlife","floor":13,"turns":4},{"damage":1,"enemies":"Blue Slaver","floor":14,"turns":4},{"damage":25,"enemies":"Slime Boss","floor":16,"turns":11},{"damage":2,"enemies":"Chosen","floor":18,"turns":5},{"damage":0,"enemies":"Spheric Guardian","floor":20,"turns":3},{"damage":0,"enemies":"Snake Plant","floor":22,"turns":1},{"damage":61,"enemies":"Book of Stabbing","floor":24,"turns":7},{"damage":2,"enemies":"3 Cultists","floor":27,"turns":5},{"damage":27,"enemies":"Gremlin Leader","floor":30,"turns":5},{"damage":31,"enemies":"Snecko","floor":31,"turns":4}],"seed_played":"6528625450596086320","potions_obtained":[{"floor":1,"key":"SmokeBomb"},{"floor":4,"key":"SpeedPotion"},{"floor":11,"key":"SteroidPotion"}],"is_trial":false,"path_per_floor":["M","?","?","M","$","E","M","R","T","R","E","$","M","M","R","B",null,"M","$","M","?","M","R","E","R","T","M","R","$","E","M"],"character_chosen":"THE_SILENT","items_purchased":["Deadly Poison","Noxious Fumes"],"campfire_rested":3,"item_purchase_floors":[5,29],"current_hp_per_floor":[70,56,56,56,56,56,58,70,70,70,63,63,60,61,61,38,62,62,62,64,64,66,66,7,28,28,28,49,49,24,0],"gold":96,"neow_bonus":"THREE_ENEMY_KILL","is_prod":false,"is_daily":false,"chose_seed":false,"campfire_upgraded":2,"win_rate":0,"timestamp":1562612084,"path_taken":["M","?","?","?","$","E","M","R","T","R","E","$","M","?","R","BOSS","M","$","M","?","M","R","E","R","T","M","R","?","E","M"],"build_version":"2019-07-05","purchased_purges":3,"victory":false,"max_hp_per_floor":[70,70,70,70,70,70,70,70,70,70,70,70,70,70,70,70,70,70,70,70,70,70,70,70,70,70,70,70,70,70,70],"card_choices":[{"not_picked":["Bane","Deflect"],"picked":"Backflip","floor":1},{"not_picked":["Prepared","Backflip"],"picked":"Noxious Fumes","floor":4},{"not_picked":["Masterful Stab","Dagger Spray"],"picked":"Footwork","floor":6},{"not_picked":["Choke","Tactician"],"picked":"Tools of the Trade","floor":7},{"not_picked":["Dagger Spray","Choke"],"picked":"Dagger Throw","floor":11},{"not_picked":["Distraction","All Out Attack"],"picked":"Bouncing Flask","floor":13},{"not_picked":["Choke","Slice"],"picked":"Crippling Poison","floor":14},{"not_picked":["After Image","Night Terror"],"picked":"Envenom","floor":16},{"not_picked":["Blade Dance","PiercingWail"],"picked":"Prepared","floor":18},{"not_picked":["Deadly Poison","Prepared"],"picked":"Calculated Gamble","floor":20},{"not_picked":["Slice+1","Blade Dance","Backflip"],"picked":"SKIP","floor":24},{"not_picked":["Finisher","Terror","Expertise"],"picked":"SKIP","floor":27},{"not_picked":["Infinite Blades+1","Dash"],"picked":"Bane","floor":30}],"player_experience":656888,"relics_obtained":[{"floor":6,"key":"Blood Vial"},{"floor":9,"key":"Bag of Marbles"},{"floor":11,"key":"Shuriken"},{"floor":24,"key":"Ornamental Fan"},{"floor":30,"key":"Matryoshka"}],"event_choices":[{"damage_healed":0,"gold_gain":0,"player_choice":"Entered Light","damage_taken":14,"max_hp_gain":0,"max_hp_loss":0,"event_name":"Shining Light","floor":2,"gold_loss":0,"cards_upgraded":["Defend_G","Defend_G"]},{"cards_removed":["Defend_G"],"damage_healed":0,"gold_gain":0,"player_choice":"Purged","damage_taken":0,"max_hp_gain":0,"max_hp_loss":0,"event_name":"Purifier","floor":3,"gold_loss":0},{"damage_healed":0,"gold_gain":0,"player_choice":"Copied","damage_taken":0,"max_hp_gain":0,"max_hp_loss":0,"event_name":"Duplicator","floor":21,"gold_loss":0,"cards_obtained":["Noxious Fumes"]}],"is_beta":false,"boss_relics":[{"not_picked":["Runic Pyramid","Empty Cage"],"picked":"Sozu"}],"items_purged_floors":[5,12,19],"is_endless":false,"potions_floor_spawned":[1,4,11,13,18,20,30],"killed_by":"Snecko","ascension_level":5}