{"gold_per_floor":[119,131,10,25,38,38,113,143,167,186,186,202,202,218,218,218],"floor_reached":16,"playtime":1331,"items_purged":[],"score":109,"play_id":"468e5eb7-8636-426c-96dc-72d12b4ccb7e","local_time":"20190623002937","is_ascension_mode":true,"campfire_choices":[{"data":"Flex","floor":6,"key":"SMITH"},{"floor":11,"key":"REST"},{"floor":13,"key":"REST"},{"data":"Limit Break","floor":15,"key":"SMITH"}],"neow_cost":"NONE","seed_source_timestamp":71886493636100,"circlet_count":0,"master_deck":["Strike_R","Strike_R","Strike_R","Strike_R","Defend_R+1","Defend_R","Defend_R","Defend_R","Bash","Feel No Pain","Flex+1","Cleave","Purity","Whirlwind","Intimidate+1","Second Wind","Limit Break+1"],"relics":["Burning Blood","War Paint","Potion Belt"],"potions_floor_usage":[8,16,16],"damage_taken":[{"damage":10,"enemies":"Jaw Worm","floor":1,"turns":7},{"damage":0,"enemies":"Small Slimes","floor":2,"turns":4},{"damage":0,"enemies":"2 Louse","floor":4,"turns":3},{"damage":10,"enemies":"Large Slime","floor":5,"turns":6},{"damage":49,"enemies":"Gremlin Nob","floor":8,"turns":5},{"damage":16,"enemies":"Exordium Thugs","floor":10,"turns":6},{"damage":20,"enemies":"Exordium Wildlife","floor":12,"turns":7},{"damage":0,"enemies":"Large Slime","floor":14,"turns":6},{"damage":66,"enemies":"The Guardian","floor":16,"turns":11}],"seed_played":"-6148635372366433639","potions_obtained":[{"floor":2,"key":"PowerPotion"},{"floor":8,"key":"Poison Potion"},{"floor":12,"key":"Explosive Potion"},{"floor":14,"key":"BloodPotion"}],"is_trial":false,"path_per_floor":["M","M","$","M","M","R","?","E","T","M","R","M","R","M","R","B"],"character_chosen":"IRONCLAD","items_purchased":["Purity","Whirlwind"],"campfire_rested":2,"item_purchase_floors":[3,3],"current_hp_per_floor":[76,80,80,80,76,76,65,22,22,12,36,22,46,52,52,0],"gold":218,"neow_bonus":"TRANSFORM_CARD","is_prod":false,"is_daily":false,"chose_seed":false,"campfire_upgraded":2,"win_rate":0,"timestamp":1561274977,"path_taken":["M","M","$","M","M","R","?","E","T","M","R","M","R","M","R","BOSS"],"build_version":"2019-01-23","purchased_purges":0,"victory":false,"max_hp_per_floor":[80,80,80,80,80,80,80,80,80,80,80,80,80,80,80,80],"card_choices":[{"not_picked":["Wild Strike","Pummel"],"picked":"Flex","floor":1},{"not_picked":["Feel No Pain","True Grit"],"picked":"Cleave","floor":2},{"not_picked":["Anger","Iron Wave"],"picked":"Intimidate","floor":4},{"not_picked":["Armaments","Pommel Strike","Dual Wield"],"picked":"SKIP","floor":5},{"not_picked":["Armaments","Wild Strike","Sever Soul"],"picked":"SKIP","floor":8},{"not_picked":["Wild Strike","Flex"],"picked":"Second Wind","floor":10},{"not_picked":["Anger","Flex"],"picked":"Limit Break","floor":12},{"not_picked":["Blood for Blood","Flex","Twin Strike"],"picked":"SKIP","floor":14}],"player_experience":73625,"relics_obtained":[{"floor":8,"key":"War Paint"},{"floor":9,"key":"Potion Belt"}],"event_choices":[{"damage_healed":0,"gold_gain":75,"player_choice":"Gather Gold","damage_taken":11,"max_hp_gain":0,"max_hp_loss":0,"event_name":"World of Goop","floor":7,"gold_loss":0}],"is_beta":false,"boss_relics":[],"items_purged_floors":[],"is_endless":false,"potions_floor_spawned":[2,8,12,14],"killed_by":"The Guardian","ascension_level":1}