{"gold_per_floor":[114,34,34,109,109,139,139,89,89,121,138,103,103,116,116,216,216,232,38,38,53,65,65,94,94,118,118,143,143,23,41,41,143,143,159,179,179,179,189,189,42,42,67,67,84,95,110,110],"floor_reached":48,"playtime":3824,"items_purged":["Defend_G","Strike_G","Malaise+1"],"score":739,"play_id":"ba8d04c5-6bf1-4e47-8fec-ddb5a189f159","local_time":"20190703200102","is_ascension_mode":true,"campfire_choices":[{"floor":7,"key":"REST"},{"floor":15,"key":"DIG"},{"floor":23,"key":"REST"},{"floor":25,"key":"REST"},{"floor":32,"key":"REST"},{"floor":40,"key":"REST"},{"floor":42,"key":"REST"},{"floor":44,"key":"REST"}],"neow_cost":"NONE","seed_source_timestamp":1581566958056200,"circlet_count":0,"master_deck":["Defend_G+1","Defend_G+1","Defend_G+1","Survivor","Neutralize","Prepared","Noxious Fumes","Poisoned Stab","PiercingWail","Wraith Form v2","Escape Plan","Quick Slash","Acrobatics","Bullet Time","Eviscerate+1","Choke+1","Outmaneuver+1","Necronomicurse","Deadly Poison+1","Prepared","Infinite Blades","Deflect","Bite","Bite","Bite","Bite","Bite","Endless Agony","Flying Knee","Madness","Madness","Trip","Noxious Fumes","Cloak And Dagger","PiercingWail+1"],"relics":["Ring of the Snake","NeowsBlessing","Smiling Mask","Shovel","Ice Cream","Orichalcum","PreservedInsect","Astrolabe","Necronomicon","Kunai","Ancient Tea Set","Fusion Hammer","Bag of Marbles","Omamori"],"potions_floor_usage":[16,16,16,28,31,33,39,47,48,48],"damage_taken":[{"damage":0,"enemies":"Jaw Worm","floor":1,"turns":1},{"damage":0,"enemies":"Gremlin Nob","floor":6,"turns":1},{"damage":0,"enemies":"3 Sentries","floor":10,"turns":1},{"damage":0,"enemies":"2 Louse","floor":11,"turns":3},{"damage":3,"enemies":"Small Slimes","floor":14,"turns":4},{"damage":37,"enemies":"Slime Boss","floor":16,"turns":14},{"damage":0,"enemies":"Chosen","floor":18,"turns":4},{"damage":22,"enemies":"3 Byrds","floor":21,"turns":4},{"damage":5,"enemies":"3 Cultists","floor":22,"turns":6},{"damage":0,"enemies":"Gremlin Leader","floor":24,"turns":3},{"damage":8,"enemies":"Slavers","floor":28,"turns":4},{"damage":15,"enemies":"Snake Plant","floor":31,"turns":4},{"damage":31,"enemies":"Collector","floor":33,"turns":8},{"damage":14,"enemies":"Orb Walker","floor":35,"turns":4},{"damage":5,"enemies":"3 Shapes","floor":36,"turns":4},{"damage":51,"enemies":"3 Darklings","floor":39,"turns":7},{"damage":38,"enemies":"Jaw Worm Horde","floor":45,"turns":5},{"damage":33,"enemies":"Sphere and 2 Shapes","floor":46,"turns":6},{"damage":38,"enemies":"4 Shapes","floor":47,"turns":5},{"damage":23,"enemies":"Spire Growth","floor":48,"turns":2}],"seed_played":"-2042092479953779950","potions_obtained":[{"floor":6,"key":"SkillPotion"},{"floor":10,"key":"Dexterity Potion"},{"floor":14,"key":"SkillPotion"},{"floor":21,"key":"GhostInAJar"},{"floor":24,"key":"Weak Potion"},{"floor":28,"key":"LiquidBronze"},{"floor":36,"key":"AttackPotion"},{"floor":45,"key":"SpeedPotion"},{"floor":46,"key":"Regen Potion"},{"floor":47,"key":"Poison Potion"}],"is_trial":false,"path_per_floor":["M","$","?","?","?","E","R","$","T","E","M","?","?","M","R","B",null,"M","$","?","M","M","R","E","R","T","?","E","?","$","M","R","B",null,"M","M","?","?","M","R","$","R","T","R","M","M","M","M"],"character_chosen":"THE_SILENT","items_purchased":["Noxious Fumes","Blood Vial","Endless Agony","Bag of Marbles"],"campfire_rested":7,"item_purchase_floors":[2,19,30,41],"current_hp_per_floor":[70,70,63,52,40,40,61,61,61,61,61,70,70,67,67,30,60,60,60,44,24,21,42,44,65,65,65,59,59,59,52,70,47,64,60,63,54,54,13,34,34,55,55,70,40,17,1,0],"gold":110,"neow_bonus":"THREE_ENEMY_KILL","is_prod":false,"is_daily":false,"chose_seed":false,"campfire_upgraded":0,"win_rate":0,"timestamp":1562209262,"path_taken":["M","$","?","?","?","E","R","?","T","E","M","?","?","?","R","BOSS","M","$","?","M","M","R","E","R","T","?","E","?","$","M","R","BOSS","M","M","?","?","M","R","?","R","T","R","M","M","?","M"],"build_version":"2019-07-01","purchased_purges":3,"victory":false,"max_hp_per_floor":[70,70,70,70,70,70,70,70,70,70,70,70,70,70,70,70,70,70,70,70,70,70,70,70,70,70,70,70,70,70,70,70,70,70,70,70,70,70,70,70,70,70,70,70,70,70,70,70],"card_choices":[{"not_picked":["Deadly Poison","Dagger Spray"],"picked":"Prepared","floor":1},{"not_picked":["Prepared","Acrobatics"],"picked":"Poisoned Stab","floor":6},{"not_picked":["Malaise","Sucker Punch"],"picked":"PiercingWail","floor":10},{"not_picked":["Infinite Blades","Dagger Spray","Heel Hook"],"picked":"SKIP","floor":11},{"not_picked":["Deflect","Eviscerate"],"picked":"Acrobatics","floor":14},{"not_picked":["Storm of Steel","Phantasmal Killer"],"picked":"Bullet Time","floor":16},{"not_picked":["Flying Knee","Bane"],"picked":"Outmaneuver+1","floor":18},{"not_picked":["Heel Hook","Dagger Throw"],"picked":"Deadly Poison+1","floor":21},{"not_picked":["Masterful Stab","Concentrate"],"picked":"Prepared","floor":22},{"not_picked":["Dodge and Roll","Dash"],"picked":"Infinite Blades","floor":24},{"not_picked":["Doppelganger","All Out Attack"],"picked":"Deflect","floor":28},{"not_picked":["PiercingWail","Leg Sweep"],"picked":"Flying Knee","floor":31},{"not_picked":["Caltrops","Eviscerate+1","Blade Dance"],"picked":"SKIP","floor":35},{"not_picked":["Accuracy","Flying Knee+1","Skewer"],"picked":"SKIP","floor":36},{"not_picked":["Swift Strike","Forethought"],"picked":"Trip","floor":38},{"not_picked":["Dodge and Roll+1","Bane"],"picked":"Noxious Fumes","floor":39},{"not_picked":["Eviscerate","Dagger Spray+1"],"picked":"Cloak And Dagger","floor":45},{"not_picked":["Slice+1","Flying Knee","Bane+1"],"picked":"SKIP","floor":46},{"not_picked":["Envenom","Reflex+1"],"picked":"PiercingWail+1","floor":47}],"player_experience":613106,"relics_obtained":[{"floor":6,"key":"Shovel"},{"floor":9,"key":"Ice Cream"},{"floor":10,"key":"Orichalcum"},{"floor":15,"key":"PreservedInsect"},{"floor":20,"key":"Necronomicon"},{"floor":24,"key":"Kunai"},{"floor":28,"key":"Ancient Tea Set"},{"floor":43,"key":"Omamori"}],"event_choices":[{"cards_removed":["Strike_G"],"damage_healed":0,"gold_gain":0,"player_choice":"Card Removal","damage_taken":7,"max_hp_gain":0,"max_hp_loss":0,"event_name":"Golden Wing","floor":3,"gold_loss":0},{"damage_healed":0,"gold_gain":75,"player_choice":"Gather Gold","damage_taken":11,"max_hp_gain":0,"max_hp_loss":0,"event_name":"World of Goop","floor":4,"gold_loss":0},{"damage_healed":0,"gold_gain":0,"player_choice":"Success","damage_taken":12,"relics_obtained":["Smiling Mask"],"max_hp_gain":0,"max_hp_loss":0,"event_name":"Scrap Ooze","floor":5,"gold_loss":0},{"damage_healed":17,"gold_gain":0,"player_choice":"Healed","damage_taken":0,"max_hp_gain":0,"max_hp_loss":0,"event_name":"The Cleric","floor":12,"gold_loss":35},{"damage_healed":0,"gold_gain":0,"player_choice":"3 cards matched","damage_taken":0,"max_hp_gain":0,"max_hp_loss":0,"event_name":"Match and Keep!","floor":13,"gold_loss":0,"cards_obtained":["Wraith Form v2","Escape Plan","Quick Slash"]},{"damage_healed":0,"gold_gain":0,"player_choice":"Obtained Book","damage_taken":16,"max_hp_gain":0,"max_hp_loss":0,"event_name":"Cursed Tome","floor":20,"gold_loss":0},{"damage_healed":0,"gold_gain":0,"player_choice":"Simplicity","damage_taken":0,"max_hp_gain":0,"max_hp_loss":0,"event_name":"Back to Basics","floor":27,"gold_loss":0,"cards_upgraded":["Strike_G","Defend_G","Defend_G","Defend_G"]},{"damage_healed":0,"gold_gain":0,"player_choice":"Became a vampire (Vial)","damage_taken":0,"max_hp_gain":0,"max_hp_loss":0,"event_name":"Vampires","floor":29,"relics_lost":["Blood Vial"],"gold_loss":0,"cards_obtained":["Bite","Bite","Bite","Bite","Bite"]},{"damage_healed":0,"gold_gain":0,"player_choice":"Embrace Madness","damage_taken":9,"max_hp_gain":0,"max_hp_loss":0,"event_name":"Winding Halls","floor":37,"gold_loss":0,"cards_obtained":["Madness","Madness"]},{"damage_healed":0,"gold_gain":0,"player_choice":"Memory 1","damage_taken":0,"max_hp_gain":0,"max_hp_loss":0,"event_name":"SensoryStone","floor":38,"gold_loss":0}],"is_beta":false,"boss_relics":[{"not_picked":["Black Star","Empty Cage"],"picked":"Astrolabe"},{"not_picked":["Runic Pyramid","Pandora\u0027s Box"],"picked":"Fusion Hammer"}],"items_purged_floors":[8,19,30],"is_endless":false,"potions_floor_spawned":[6,10,14,21,24,28,36,45,46,47],"killed_by":"Spire Growth","ascension_level":5}