{"gold_per_floor":[113,131,131,131,131,131,166,177,203,203,234,234,192,116,116,218,218,238,238,163,179,179,179,179,207,234,165,177,177,188,206,206,206],"floor_reached":33,"playtime":1249,"items_purged":[],"score":298,"play_id":"dae55601-8cbb-4cb8-9afb-76fb7f075a57","local_time":"20190706190249","is_ascension_mode":true,"campfire_choices":[{"floor":6,"key":"RECALL"},{"floor":10,"key":"REST"},{"floor":15,"key":"REST"},{"floor":23,"key":"REST"},{"floor":29,"key":"REST"},{"floor":32,"key":"REST"}],"neow_cost":"NONE","seed_source_timestamp":1748649320529800,"circlet_count":0,"master_deck":["Strike_R","Strike_R","Defend_R","Defend_R","Defend_R","Defend_R","Bash","Clothesline","Twin Strike","Spot Weakness","Dropkick","Pommel Strike","Flex","Iron Wave","Impervious","Havoc","Necronomicurse","Flex","Headbutt","Corruption","Impervious","Disarm+1","Clash"],"relics":["Black Blood","Juzu Bracelet","Centennial Puzzle","Strawberry","Necronomicon","FaceOfCleric","Blood Vial","Smiling Mask"],"potions_floor_usage":[11,25,33,33],"damage_taken":[{"damage":5,"enemies":"Small Slimes","floor":1,"turns":4},{"damage":7,"enemies":"Jaw Worm","floor":2,"turns":3},{"damage":45,"enemies":"Lagavulin","floor":7,"turns":6},{"damage":3,"enemies":"2 Louse","floor":8,"turns":2},{"damage":26,"enemies":"3 Sentries","floor":11,"turns":6},{"damage":45,"enemies":"The Guardian","floor":16,"turns":8},{"damage":25,"enemies":"Spheric Guardian","floor":18,"turns":4},{"damage":28,"enemies":"2 Thieves","floor":21,"turns":4},{"damage":82,"enemies":"Slavers","floor":25,"turns":9},{"damage":14,"enemies":"Centurion and Healer","floor":28,"turns":6},{"damage":18,"enemies":"Snake Plant","floor":30,"turns":4},{"damage":26,"enemies":"Snecko","floor":31,"turns":6},{"damage":64,"enemies":"Champ","floor":33,"turns":8}],"seed_played":"-964186232183272753","potions_obtained":[{"floor":0,"key":"Explosive Potion"},{"floor":0,"key":"BloodPotion"},{"floor":0,"key":"SneckoOil"},{"floor":2,"key":"Strength Potion"},{"floor":18,"key":"BloodPotion"},{"floor":21,"key":"Swift Potion"},{"floor":31,"key":"LiquidBronze"}],"is_trial":false,"path_per_floor":["M","M","?","?","?","R","E","M","T","R","E","T","?","$","R","B",null,"M","?","?","M","?","R","?","E","T","$","M","R","M","M","R","B"],"character_chosen":"IRONCLAD","items_purchased":["Flex","Iron Wave","Corruption"],"campfire_rested":5,"item_purchase_floors":[14,14,27],"current_hp_per_floor":[80,79,79,79,72,72,33,36,36,60,40,47,47,47,73,34,87,72,56,56,38,38,64,64,14,14,14,13,39,34,21,48,0],"gold":206,"neow_bonus":"THREE_SMALL_POTIONS","is_prod":false,"is_daily":false,"chose_seed":false,"campfire_upgraded":0,"win_rate":0,"timestamp":1562436169,"path_taken":["M","M","?","?","?","R","E","M","T","R","E","?","?","$","R","BOSS","M","?","?","M","?","R","?","E","T","?","M","R","M","M","R","BOSS"],"build_version":"2019-07-05","purchased_purges":0,"victory":false,"max_hp_per_floor":[80,80,80,80,80,80,80,80,80,80,80,87,87,87,87,87,87,87,87,87,87,87,87,87,88,88,88,89,89,90,91,91,91],"card_choices":[{"not_picked":["Armaments","Fire Breathing"],"picked":"Clothesline","floor":1},{"not_picked":["True Grit","Burning Pact"],"picked":"Twin Strike","floor":2},{"not_picked":["Clash","Wild Strike"],"picked":"Spot Weakness","floor":7},{"not_picked":["Ghostly Armor","Searing Blow"],"picked":"Dropkick","floor":8},{"not_picked":["Perfected Strike","Demon Form"],"picked":"Pommel Strike","floor":11},{"not_picked":["Barricade","Demon Form"],"picked":"Impervious","floor":16},{"not_picked":["Perfected Strike","Body Slam"],"picked":"Havoc","floor":18},{"not_picked":["Body Slam","Cleave"],"picked":"Flex","floor":21},{"not_picked":["Hemokinesis+1","Anger+1"],"picked":"Headbutt","floor":25},{"not_picked":["Dropkick","Fire Breathing"],"picked":"Impervious","floor":28},{"not_picked":["Armaments","Anger"],"picked":"Disarm+1","floor":30},{"not_picked":["Seeing Red","Disarm"],"picked":"Clash","floor":31}],"player_experience":368293,"relics_obtained":[{"floor":7,"key":"Juzu Bracelet"},{"floor":11,"key":"Centennial Puzzle"},{"floor":12,"key":"Strawberry"},{"floor":19,"key":"Necronomicon"},{"floor":25,"key":"Blood Vial"},{"floor":26,"key":"Smiling Mask"}],"event_choices":[{"damage_healed":0,"gold_gain":0,"cards_transformed":["Strike_R"],"player_choice":"Change","damage_taken":0,"max_hp_gain":0,"max_hp_loss":0,"event_name":"Living Wall","floor":3,"gold_loss":0,"cards_obtained":["Rupture"]},{"damage_healed":0,"gold_gain":0,"player_choice":"Ignored","damage_taken":0,"max_hp_gain":0,"max_hp_loss":0,"event_name":"Liars Game","floor":4,"gold_loss":0},{"cards_removed":["Rupture"],"damage_healed":0,"gold_gain":0,"player_choice":"Card Removal","damage_taken":7,"max_hp_gain":0,"max_hp_loss":0,"event_name":"Golden Wing","floor":5,"gold_loss":0},{"damage_healed":0,"gold_gain":0,"player_choice":"Left Gold","damage_taken":0,"max_hp_gain":0,"max_hp_loss":0,"event_name":"World of Goop","floor":13,"gold_loss":42},{"damage_healed":0,"gold_gain":0,"player_choice":"Obtained Book","damage_taken":16,"max_hp_gain":0,"max_hp_loss":0,"event_name":"Cursed Tome","floor":19,"gold_loss":0},{"cards_removed":["Strike_R"],"damage_healed":0,"gold_gain":0,"player_choice":"Gave Gold","damage_taken":0,"max_hp_gain":0,"max_hp_loss":0,"event_name":"Beggar","floor":20,"gold_loss":75},{"cards_removed":["Strike_R"],"damage_healed":0,"gold_gain":0,"player_choice":"Purged","damage_taken":0,"max_hp_gain":0,"max_hp_loss":0,"event_name":"Purifier","floor":22,"gold_loss":0},{"damage_healed":0,"gold_gain":0,"player_choice":"Trade","damage_taken":0,"relics_obtained":["FaceOfCleric"],"max_hp_gain":0,"max_hp_loss":0,"event_name":"FaceTrader","floor":24,"gold_loss":0}],"is_beta":false,"boss_relics":[{"not_picked":["Calling Bell","Fusion Hammer"],"picked":"Black Blood"}],"items_purged_floors":[],"is_endless":false,"potions_floor_spawned":[2,7,18,21,31],"killed_by":"Champ","ascension_level":2}