{"gold_per_floor":[218,231,231,231,247,266,266,441,441,464,507,507,71,103,115,246,258,293,318,349,374,311,364,392,428,464,476,522,534,561,593,605,617],"floor_reached":33,"playtime":3279,"items_purged":["Strike_G"],"score":516,"play_id":"9cefc56a-c32f-4163-82ab-9e43d856c307","local_time":"20180726170020","is_ascension_mode":true,"campfire_choices":[{"data":"Neutralize","floor":7.0,"key":"SMITH"},{"data":"Predator","floor":12.0,"key":"SMITH"},{"data":"Dagger Spray","floor":15,"key":"SMITH"},{"data":"Footwork","floor":27,"key":"SMITH"},{"data":"Burst","floor":32,"key":"SMITH"}],"neow_cost":"NONE","seed_source_timestamp":997014106215150,"circlet_count":0,"master_deck":["Defend_G","Defend_G+1","Defend_G","Defend_G","Defend_G","Strike_G","Strike_G","Strike_G+1","Survivor","Neutralize+1","Dagger Throw","Backstab","Predator+1","Backflip","Doubt","Dagger Spray+1","Blur","Prepared","Burst+1","Footwork+1","Crippling Poison+1","Underhanded Strike","Outmaneuver+1","Slice+1","Adrenaline","Outmaneuver","Flying Knee+1","Endless Agony","Backflip"],"special_seed":0,"relics":["Ring of the Snake","Golden Idol","Unceasing Top","Turnip","Bag of Marbles","MawBank","Coffee Dripper","Matryoshka","Vajra","Centennial Puzzle","Omamori"],"potions_floor_usage":[16,18,23,28,30,33,33],"damage_taken":[{"damage":0.0,"enemies":"Jaw Worm","floor":1.0,"turns":5.0},{"damage":0.0,"enemies":"2 Louse","floor":2.0,"turns":3.0},{"damage":0.0,"enemies":"Cultist","floor":5.0,"turns":3.0},{"damage":8.0,"enemies":"Large Slime","floor":6.0,"turns":4.0},{"damage":0.0,"enemies":"3 Louse","floor":10.0,"turns":2.0},{"damage":2.0,"enemies":"Gremlin Nob","floor":11.0,"turns":3.0},{"damage":0,"enemies":"2 Fungi Beasts","floor":14,"turns":1},{"damage":0,"enemies":"Slime Boss","floor":16,"turns":8},{"damage":0,"enemies":"2 Thieves","floor":18,"turns":4},{"damage":4,"enemies":"Chosen","floor":19,"turns":5},{"damage":0,"enemies":"3 Cultists","floor":20,"turns":4},{"damage":13,"enemies":"Cultist and Chosen","floor":21,"turns":7},{"damage":0,"enemies":"Gremlin Leader","floor":23,"turns":9},{"damage":8,"enemies":"Snecko","floor":24,"turns":5},{"damage":0,"enemies":"Centurion and Healer","floor":25,"turns":5},{"damage":0,"enemies":"Book of Stabbing","floor":28,"turns":5},{"damage":10,"enemies":"Cultist and Chosen","floor":30,"turns":8},{"damage":14,"enemies":"Slaver and Parasite","floor":31,"turns":5},{"damage":44,"enemies":"Collector","floor":33,"turns":7}],"seed_played":"5146244088823209850","potions_obtained":[{"floor":5.0,"key":"FearPotion"},{"floor":14,"key":"Swift Potion"},{"floor":16,"key":"Weak Potion"},{"floor":19,"key":"SpeedPotion"},{"floor":20,"key":"SkillPotion"},{"floor":30,"key":"Dexterity Potion"},{"floor":31,"key":"Dexterity Potion"}],"is_trial":false,"path_per_floor":["M","M","?","?","M","M","R","?","T","M","E","R","$","M","R","B",null,"M","M","M","M","?","E","M","M","T","R","E","?","M","M","R"],"character_chosen":"THE_SILENT","items_purchased":["FearPotion","Bag of Marbles","MawBank"],"campfire_rested":0,"item_purchase_floors":[13,13,13],"current_hp_per_floor":[70,70,53,39,39,31,31,31,31,31,29,29,29,29,29,29,60,60,56,56,43,43,43,35,35,35,35,35,35,25,11,11,0],"gold":617,"neow_bonus":"HUNDRED_GOLD","is_prod":false,"is_daily":false,"chose_seed":false,"campfire_upgraded":5,"win_rate":0,"timestamp":1532649620,"path_taken":["M","M","?","?","M","M","R","?","T","M","E","R","$","M","R","BOSS","M","M","M","M","?","E","M","M","T","R","E","?","M","M","R","BOSS"],"build_version":"2018-07-19v2","purchased_purges":1,"victory":false,"max_hp_per_floor":[70,70,70,70,70,70,70,70,70,70,70,70,70,70,70,70,70,70,70,70,70,70,70,70,70,70,70,70,70,70,70,70,70],"card_choices":[{"not_picked":["Poisoned Stab","Finisher"],"picked":"Dagger Throw","floor":1.0},{"not_picked":["PiercingWail","Predator"],"picked":"Backstab","floor":2.0},{"not_picked":["PiercingWail","Escape Plan"],"picked":"Predator","floor":5.0},{"not_picked":["Underhanded Strike","Crippling Poison"],"picked":"Backflip","floor":6.0},{"not_picked":["Reflex","Deflect"],"picked":"Dagger Spray","floor":10.0},{"not_picked":["Corpse Explosion","Expertise"],"picked":"Blur","floor":11.0},{"not_picked":["Dodge and Roll","Choke"],"picked":"Prepared","floor":14},{"not_picked":["Unload","Bullet Time"],"picked":"Burst","floor":16},{"not_picked":["Dagger Spray+1","Distraction"],"picked":"Footwork","floor":18},{"not_picked":["Deadly Poison+1","Outmaneuver"],"picked":"Crippling Poison+1","floor":19},{"not_picked":["Outmaneuver","Caltrops"],"picked":"Underhanded Strike","floor":20},{"not_picked":["Underhanded Strike","Deflect"],"picked":"Outmaneuver+1","floor":21},{"not_picked":["Bane+1","Expertise"],"picked":"Slice+1","floor":23},{"not_picked":["Blur","Slice"],"picked":"Adrenaline","floor":24},{"not_picked":["Predator","Acrobatics"],"picked":"Outmaneuver","floor":25},{"not_picked":["Distraction","Dagger Throw"],"picked":"Flying Knee+1","floor":28},{"not_picked":["Dagger Throw","Flechettes"],"picked":"Endless Agony","floor":30},{"not_picked":["Predator","Dagger Spray"],"picked":"Backflip","floor":31}],"player_experience":159160,"relics_obtained":[{"floor":9.0,"key":"Unceasing Top"},{"floor":11.0,"key":"Turnip"},{"floor":23,"key":"Matryoshka"},{"floor":26,"key":"Vajra"},{"floor":26,"key":"Centennial Puzzle"},{"floor":28,"key":"Omamori"}],"event_choices":[{"event_name":"Golden Idol","player_choice":"Take Damage","floor":3.0,"damage_taken":0.0},{"event_name":"Shining Light","player_choice":"Entered Light","floor":4.0,"damage_taken":0.0},{"event_name":"Liars Game","player_choice":"agreed","floor":8.0,"damage_taken":0.0},{"event_name":"Beggar","player_choice":"Gave Gold","floor":22,"damage_taken":0},{"event_name":"Drug Dealer","player_choice":"Ignored","floor":29,"damage_taken":0}],"is_beta":false,"boss_relics":[{"not_picked":["Ectoplasm","Black Star"],"picked":"Coffee Dripper"}],"items_purged_floors":[13],"is_endless":false,"potions_floor_spawned":[5,14,16,19,20,30,31],"killed_by":"Collector","ascension_level":5}