{"gold_per_floor":[114,129,144,144,144,182,182,182,232,251,50,69,88,126,126,251,251,270,289,308,327,346,384,384,403,428,466,485,504,523,542,542,667,667,686,705,724,743,93,93,112,150,150,188,207,226,226,245,245,245],"floor_reached":51,"playtime":3652,"items_purged":["Armaments"],"score":973,"play_id":"a75fd758-6403-4f87-95e8-913edc254a8a","local_time":"20190519022135","daily_mods":["SealedDeck","Vintage","Lethality"],"is_ascension_mode":false,"campfire_choices":[{"floor":8,"key":"REST"},{"data":"Armaments","floor":15,"key":"SMITH"},{"data":"Whirlwind","floor":24,"key":"SMITH"},{"data":"Shrug It Off","floor":32,"key":"SMITH"},{"data":"Juggernaut","floor":40,"key":"SMITH"},{"data":"Impervious","floor":49,"key":"SMITH"}],"neow_cost":"","seed_source_timestamp":0,"circlet_count":0,"master_deck":["Clothesline+1","Pommel Strike","Pommel Strike","Armaments+1","Iron Wave","Rage+1","Cleave","Heavy Blade+1","Sword Boomerang+1","Sword Boomerang","Shrug It Off+1","Flash of Steel","Clash","Impervious+1","Whirlwind+1","Twin Strike+1","Juggernaut+1","Havoc+1"],"special_seed":18035,"relics":["Burning Blood","Pen Nib","Centennial Puzzle","Mummified Hand","Golden Idol","Champion Belt","Mercury Hourglass","Regal Pillow","Blue Candle","Letter Opener","Kunai","Bottled Flame","Philosopher\u0027s Stone","Gambling Chip","Pocketwatch","Sundial","Lantern","Omamori","Potion Belt","Toxic Egg 2","Orichalcum","Meat on the Bone","Molten Egg 2","Bronze Scales","Bottled Lightning","Charon\u0027s Ashes","Runic Pyramid","Whetstone","Juzu Bracelet","Anchor","Singing Bowl","Incense Burner","Bag of Preparation","TheAbacus","Oddly Smooth Stone","FossilizedHelix","Paper Frog","Blood Vial","The Courier","Gremlin Horn","Question Card"],"potions_floor_usage":[27,27,33,33],"damage_taken":[{"damage":0,"enemies":"Small Slimes","floor":1,"turns":2},{"damage":10,"enemies":"Jaw Worm","floor":2,"turns":2},{"damage":0,"enemies":"2 Louse","floor":3,"turns":1},{"damage":7,"enemies":"3 Sentries","floor":6,"turns":3},{"damage":9,"enemies":"Gremlin Gang","floor":10,"turns":2},{"damage":0,"enemies":"Exordium Thugs","floor":12,"turns":2},{"damage":0,"enemies":"3 Louse","floor":13,"turns":1},{"damage":15,"enemies":"Lagavulin","floor":14,"turns":3},{"damage":0,"enemies":"Slime Boss","floor":16,"turns":3},{"damage":0,"enemies":"Shell Parasite","floor":18,"turns":1},{"damage":0,"enemies":"2 Thieves","floor":19,"turns":2},{"damage":0,"enemies":"Centurion and Healer","floor":20,"turns":2},{"damage":0,"enemies":"Snake Plant","floor":21,"turns":2},{"damage":5,"enemies":"Cultist and Chosen","floor":22,"turns":2},{"damage":0,"enemies":"Book of Stabbing","floor":23,"turns":3},{"damage":0,"enemies":"Snecko","floor":25,"turns":1},{"damage":0,"enemies":"Gremlin Leader","floor":27,"turns":2},{"damage":3,"enemies":"Snake Plant","floor":28,"turns":2},{"damage":0,"enemies":"Centurion and Healer","floor":29,"turns":2},{"damage":0,"enemies":"Snecko","floor":30,"turns":2},{"damage":0,"enemies":"Snake Plant","floor":31,"turns":2},{"damage":10,"enemies":"Collector","floor":33,"turns":5},{"damage":0,"enemies":"3 Shapes","floor":35,"turns":2},{"damage":8,"enemies":"3 Darklings","floor":36,"turns":2},{"damage":0,"enemies":"Transient","floor":37,"turns":5},{"damage":0,"enemies":"Jaw Worm Horde","floor":38,"turns":1},{"damage":0,"enemies":"4 Shapes","floor":41,"turns":2},{"damage":2,"enemies":"Reptomancer","floor":42,"turns":3},{"damage":0,"enemies":"Giant Head","floor":44,"turns":6},{"damage":0,"enemies":"Spire Growth","floor":45,"turns":2},{"damage":0,"enemies":"Jaw Worm Horde","floor":46,"turns":1},{"damage":0,"enemies":"Sphere and 2 Shapes","floor":48,"turns":1},{"damage":0,"enemies":"Time Eater","floor":50,"turns":8}],"seed_played":"-6451152529473643589","potions_obtained":[{"floor":2,"key":"Strength Potion"},{"floor":6,"key":"Dexterity Potion"},{"floor":13,"key":"Dexterity Potion"},{"floor":16,"key":"SneckoOil"},{"floor":19,"key":"Fire Potion"},{"floor":23,"key":"SkillPotion"},{"floor":25,"key":"Poison Potion"},{"floor":27,"key":"BloodPotion"},{"floor":30,"key":"Ancient Potion"},{"floor":41,"key":"SteroidPotion"},{"floor":42,"key":"FearPotion"},{"floor":44,"key":"Energy Potion"},{"floor":46,"key":"Swift Potion"},{"floor":48,"key":"Energy Potion"}],"is_trial":false,"path_per_floor":["M","M","M","?","?","E","?","R","T","M","$","M","M","E","R","B",null,"M","M","M","M","M","E","R","M","T","E","M","M","M","M","R","B",null,"M","M","M","M","$","R","M","E","T","E","M","M","?","M","R","B",null],"character_chosen":"IRONCLAD","items_purchased":["Shrug It Off","Flash of Steel","Incense Burner","Bag of Preparation","TheAbacus"],"campfire_rested":1,"item_purchase_floors":[11,11,39,39,39],"current_hp_per_floor":[80,76,80,64,44,43,43,67,67,64,64,70,76,67,67,73,80,80,80,80,80,80,80,80,80,80,80,80,80,80,80,80,76,80,80,78,80,80,80,80,80,80,80,80,80,80,80,80,80,80],"gold":245,"neow_bonus":"","is_prod":false,"is_daily":true,"chose_seed":false,"campfire_upgraded":5,"win_rate":0,"timestamp":1558228895,"path_taken":["M","M","M","?","?","E","?","R","T","M","$","M","M","E","R","BOSS","M","M","M","?","M","E","R","M","T","E","M","M","M","M","R","BOSS","M","M","M","M","$","R","M","E","T","E","M","M","?","M","R","BOSS"],"build_version":"2019-01-23","purchased_purges":1,"victory":true,"max_hp_per_floor":[80,80,80,80,80,80,80,80,80,80,80,80,80,80,80,80,80,80,80,80,80,80,80,80,80,80,80,80,80,80,80,80,80,80,80,80,80,80,80,80,80,80,80,80,80,80,80,80,80,80],"card_choices":[{"not_picked":["Wild Strike","Perfected Strike"],"picked":"Sword Boomerang","floor":6},{"not_picked":["Warcry","Havoc"],"picked":"Clash","floor":14},{"not_picked":["Double Tap","Dark Embrace"],"picked":"Impervious","floor":16},{"not_picked":["Anger","Dual Wield"],"picked":"Whirlwind","floor":23},{"not_picked":["Second Wind+1","Clash"],"picked":"Twin Strike+1","floor":27},{"not_picked":["Feed+1","Exhume+1"],"picked":"Juggernaut","floor":33},{"not_picked":["Clash+1","Wild Strike+1"],"picked":"Ghostly Armor+1","floor":42},{"not_picked":["Armaments+1","Cleave+1"],"picked":"Havoc+1","floor":44}],"player_experience":233152,"relics_obtained":[{"floor":1,"key":"Pen Nib"},{"floor":2,"key":"Centennial Puzzle"},{"floor":3,"key":"Mummified Hand"},{"floor":6,"key":"Champion Belt"},{"floor":9,"key":"Regal Pillow"},{"floor":10,"key":"Blue Candle"},{"floor":12,"key":"Letter Opener"},{"floor":13,"key":"Kunai"},{"floor":14,"key":"Bottled Flame"},{"floor":18,"key":"Gambling Chip"},{"floor":19,"key":"Pocketwatch"},{"floor":20,"key":"Sundial"},{"floor":21,"key":"Lantern"},{"floor":22,"key":"Omamori"},{"floor":23,"key":"Potion Belt"},{"floor":25,"key":"Toxic Egg 2"},{"floor":26,"key":"Orichalcum"},{"floor":27,"key":"Meat on the Bone"},{"floor":28,"key":"Molten Egg 2"},{"floor":29,"key":"Bronze Scales"},{"floor":30,"key":"Bottled Lightning"},{"floor":31,"key":"Charon\u0027s Ashes"},{"floor":35,"key":"Whetstone"},{"floor":36,"key":"Juzu Bracelet"},{"floor":37,"key":"Anchor"},{"floor":38,"key":"Singing Bowl"},{"floor":41,"key":"Oddly Smooth Stone"},{"floor":42,"key":"FossilizedHelix"},{"floor":43,"key":"Paper Frog"},{"floor":44,"key":"Blood Vial"},{"floor":45,"key":"The Courier"},{"floor":46,"key":"Gremlin Horn"},{"floor":48,"key":"Question Card"}],"event_choices":[{"damage_healed":0,"gold_gain":0,"player_choice":"Entered Light","damage_taken":16,"max_hp_gain":0,"max_hp_loss":0,"event_name":"Shining Light","floor":4,"gold_loss":0,"cards_upgraded":["Heavy Blade","Rage"]},{"damage_healed":0,"gold_gain":0,"player_choice":"Take Damage","damage_taken":20,"relics_obtained":["Golden Idol"],"max_hp_gain":0,"max_hp_loss":0,"event_name":"Golden Idol","floor":5,"gold_loss":0},{"damage_healed":0,"gold_gain":0,"player_choice":"Gave Potion","damage_taken":0,"relics_obtained":["Mercury Hourglass"],"max_hp_gain":0,"max_hp_loss":0,"event_name":"WeMeetAgain","floor":7,"gold_loss":0},{"cards_removed":["Ghostly Armor"],"damage_healed":0,"gold_gain":0,"player_choice":"Offered Uncommon","damage_taken":0,"max_hp_gain":0,"max_hp_loss":0,"event_name":"Bonfire Elementals","floor":47,"gold_loss":0}],"is_beta":false,"boss_relics":[{"not_picked":["Runic Dome","White Beast Statue"],"picked":"Philosopher\u0027s Stone"},{"not_picked":["Velvet Choker","Empty Cage"],"picked":"Runic Pyramid"}],"items_purged_floors":[11],"is_endless":false,"potions_floor_spawned":[2,6,13,16,19,20,23,25,27,30,41,42,44,46,48],"ascension_level":0}