{"gold_per_floor":[113,126,126,136,136,171,171,209,209,245,225,225,241,257,257,377,377,390,411,424,449,218,253,253],"floor_reached":24,"playtime":1443,"items_purged":["Strike_G"],"score":342,"play_id":"1708192c-b5ba-46af-9447-3988c3c0e075","local_time":"20190511004351","is_ascension_mode":true,"campfire_choices":[{"floor":7.0,"key":"REST"},{"floor":12.0,"key":"REST"},{"data":"Deadly Poison","floor":15.0,"key":"SMITH"}],"neow_cost":"NONE","seed_source_timestamp":0,"circlet_count":0,"master_deck":["AscendersBane","Defend_G","Defend_G","Defend_G","Defend_G","Defend_G","Strike_G","Strike_G","Strike_G","Strike_G","Survivor","Neutralize","Cloak And Dagger","Deadly Poison+1","Deflect","PiercingWail+1","Catalyst+1","Deflect+1","Well Laid Plans","Wraith Form v2","Caltrops+1","Deadly Poison+1","Dodge and Roll+1","Escape Plan+1","Bouncing Flask+1"],"special_seed":0,"relics":["Ring of the Snake","Mercury Hourglass","Golden Idol","Toxic Egg 2","Boot","Question Card","Odd Mushroom","Philosopher\u0027s Stone","Centennial Puzzle"],"potions_floor_usage":[19,21,23,23],"damage_taken":[{"damage":0.0,"enemies":"Cultist","floor":1.0,"turns":4.0},{"damage":0.0,"enemies":"2 Louse","floor":2.0,"turns":3.0},{"damage":0.0,"enemies":"Small Slimes","floor":4.0,"turns":3.0},{"damage":32.0,"enemies":"Gremlin Nob","floor":6.0,"turns":5.0},{"damage":13.0,"enemies":"3 Sentries","floor":8.0,"turns":9.0},{"damage":11.0,"enemies":"The Mushroom Lair","floor":10.0,"turns":4.0},{"damage":1.0,"enemies":"2 Fungi Beasts","floor":13.0,"turns":4.0},{"damage":7.0,"enemies":"Lots of Slimes","floor":14.0,"turns":3.0},{"damage":17.0,"enemies":"The Guardian","floor":16.0,"turns":12.0},{"damage":2.0,"enemies":"Shell Parasite","floor":18.0,"turns":7.0},{"damage":16,"enemies":"Chosen","floor":19,"turns":6},{"damage":10,"enemies":"Centurion and Healer","floor":20,"turns":9},{"damage":5,"enemies":"Snecko","floor":21,"turns":5},{"damage":39,"enemies":"Gremlin Leader","floor":23,"turns":8},{"damage":9,"enemies":"Sentry and Sphere","floor":24,"turns":2}],"seed_played":"9066026568112831446","potions_obtained":[{"floor":1.0,"key":"SpeedPotion"},{"floor":8.0,"key":"Strength Potion"},{"floor":10.0,"key":"Energy Potion"},{"floor":11.0,"key":"Energy Potion"},{"floor":20,"key":"Swift Potion"},{"floor":21,"key":"PowerPotion"}],"is_trial":false,"path_per_floor":["M","M","?","M","?","E","R","E","T","?","?","R","M","M","R","B",null,"M","M","M","M","$","E","M"],"character_chosen":"THE_SILENT","items_purchased":["Escape Plan+1","Regen Potion"],"campfire_rested":2,"item_purchase_floors":[22,22],"current_hp_per_floor":[70,70,58,58,58,26,47,34,34,23,23,44,43,36,36,19,58,56,40,30,25,25,1,0],"gold":253,"neow_bonus":"TEN_PERCENT_HP_BONUS","is_prod":false,"is_daily":false,"chose_seed":false,"campfire_upgraded":1,"win_rate":0,"timestamp":1557560631,"path_taken":["M","?","?","M","?","E","R","E","T","?","?","R","M","?","R","BOSS","M","M","?","M","$","E","M"],"build_version":"2019-01-23","purchased_purges":1,"victory":false,"max_hp_per_floor":[77,77,77,77,71,71,71,71,71,71,71,71,71,71,71,71,71,71,71,71,71,71,71,71],"card_choices":[{"not_picked":["Slice","Dodge and Roll"],"picked":"Cloak And Dagger","floor":1.0},{"not_picked":["Bane","Eviscerate"],"picked":"Deadly Poison","floor":2.0},{"not_picked":["Slice","Quick Slash"],"picked":"Deflect","floor":4.0},{"not_picked":["Quick Slash","Masterful Stab","Expertise"],"picked":"SKIP","floor":6.0},{"not_picked":["Flechettes","Endless Agony"],"picked":"PiercingWail+1","floor":8.0},{"not_picked":["Dagger Spray","Cloak And Dagger+1","Footwork"],"picked":"Catalyst+1","floor":10.0},{"not_picked":["After Image","Finisher","Expertise+1"],"picked":"Deflect+1","floor":13.0},{"not_picked":["Poisoned Stab","Choke","Tactician+1"],"picked":"Well Laid Plans","floor":14.0},{"not_picked":["Die Die Die","Doppelganger+1","Corpse Explosion+1"],"picked":"Wraith Form v2","floor":16.0},{"not_picked":["Backflip+1","Flying Knee","Dagger Spray"],"picked":"Caltrops+1","floor":18.0},{"not_picked":["Deflect+1","Flying Knee","Masterful Stab","Cloak And Dagger+1"],"picked":"SKIP","floor":19},{"not_picked":["Masterful Stab","Backflip+1","Sucker Punch+1"],"picked":"Deadly Poison+1","floor":20},{"not_picked":["Backflip+1","Dagger Spray","Night Terror+1"],"picked":"Dodge and Roll+1","floor":21},{"not_picked":["Underhanded Strike","Sucker Punch","Blur+1"],"picked":"Bouncing Flask+1","floor":23}],"player_experience":1341501,"relics_obtained":[{"floor":6.0,"key":"Toxic Egg 2"},{"floor":8.0,"key":"Boot"},{"floor":9.0,"key":"Question Card"},{"floor":10.0,"key":"Odd Mushroom"},{"floor":23,"key":"Centennial Puzzle"}],"event_choices":[{"damage_healed":0.0,"max_hp_gain":0.0,"max_hp_loss":0.0,"gold_gain":0.0,"event_name":"Scrap Ooze","player_choice":"Success","floor":3.0,"gold_loss":0.0,"damage_taken":12.0,"relics_obtained":["Mercury Hourglass"]},{"damage_healed":0.0,"max_hp_gain":0.0,"max_hp_loss":6.0,"gold_gain":0.0,"event_name":"Golden Idol","player_choice":"Lose Max HP","floor":5.0,"gold_loss":0.0,"damage_taken":0.0,"relics_obtained":["Golden Idol"]},{"damage_healed":0.0,"max_hp_gain":0.0,"max_hp_loss":0.0,"gold_gain":0.0,"event_name":"Mushrooms","player_choice":"Fought Mushrooms","floor":10.0,"gold_loss":0.0,"damage_taken":0.0},{"damage_healed":0.0,"max_hp_gain":0.0,"max_hp_loss":0.0,"gold_gain":0.0,"event_name":"The Woman in Blue","player_choice":"Bought 1 Potion","floor":11.0,"gold_loss":0.0,"damage_taken":0.0}],"is_beta":false,"boss_relics":[{"not_picked":["Runic Pyramid","Ring of the Serpent"],"picked":"Philosopher\u0027s Stone"}],"items_purged_floors":[22],"is_endless":false,"potions_floor_spawned":[1,8,10,14,18,20,21],"killed_by":"Sentry and Sphere","ascension_level":10}