{"gold_per_floor":[110,130,100,25,42,72,72,87,87,107,162,13,13,29,29,129,129,146,46,56,56,73,99,110,110,110,130,130,27,53,53,53,53],"floor_reached":33,"playtime":2342,"items_purged":["Strike_G","Strike_G"],"score":437,"play_id":"6373b848-f04e-4be2-bad0-4d69bb994dd0","local_time":"20190414093253","is_ascension_mode":true,"campfire_choices":[{"data":"Neutralize","floor":7.0,"key":"SMITH"},{"data":"Crippling Poison","floor":13.0,"key":"SMITH"},{"data":"Malaise","floor":15.0,"key":"SMITH"},{"floor":28.0,"key":"RECALL"},{"floor":32.0,"key":"REST"}],"neow_cost":"NONE","seed_source_timestamp":0,"circlet_count":0,"master_deck":["Defend_G","Defend_G","Defend_G","Defend_G","Defend_G","Strike_G","Strike_G","Survivor","Neutralize+1","Doppelganger","PiercingWail","Dash","Malaise+1","Heel Hook","Crippling Poison+1","Bane","Sucker Punch+1","Catalyst","Acrobatics","Cloak And Dagger+1"],"special_seed":0,"relics":["Ring of the Snake","FossilizedHelix","Thread and Needle","Unceasing Top","Lantern","Fusion Hammer","Molten Egg 2","Torii","PreservedInsect"],"potions_floor_usage":[],"damage_taken":[{"damage":0.0,"enemies":"Cultist","floor":1.0,"turns":6.0},{"damage":0.0,"enemies":"Small Slimes","floor":2.0,"turns":4.0},{"damage":0.0,"enemies":"2 Louse","floor":5.0,"turns":3.0},{"damage":12.0,"enemies":"Gremlin Nob","floor":6.0,"turns":7.0},{"damage":0.0,"enemies":"Exordium Thugs","floor":8.0,"turns":5.0},{"damage":0.0,"enemies":"Large Slime","floor":10.0,"turns":8.0},{"damage":1.0,"enemies":"3 Sentries","floor":11.0,"turns":13.0},{"damage":0.0,"enemies":"2 Fungi Beasts","floor":14.0,"turns":3.0},{"damage":28.0,"enemies":"Hexaghost","floor":16.0,"turns":17.0},{"damage":0.0,"enemies":"3 Byrds","floor":18.0,"turns":5.0},{"damage":0.0,"enemies":"Chosen","floor":20.0,"turns":5.0},{"damage":0.0,"enemies":"Shelled Parasite and Fungi","floor":22.0,"turns":7.0},{"damage":0.0,"enemies":"Slavers","floor":23.0,"turns":9.0},{"damage":0.0,"enemies":"Snake Plant","floor":24.0,"turns":6.0},{"damage":1.0,"enemies":"Colosseum Slavers","floor":25.0,"turns":5.0},{"damage":8.0,"enemies":"Sentry and Sphere","floor":27.0,"turns":5.0},{"damage":2.0,"enemies":"Book of Stabbing","floor":30.0,"turns":6.0},{"damage":93,"enemies":"Automaton","floor":33,"turns":14}],"seed_played":"3041205224935012801","potions_obtained":[{"floor":2.0,"key":"Energy Potion"},{"floor":3.0,"key":"FairyPotion"},{"floor":3.0,"key":"SmokeBomb"},{"floor":6.0,"key":"GamblersBrew"},{"floor":8.0,"key":"Regen Potion"},{"floor":10.0,"key":"Regen Potion"},{"floor":11.0,"key":"EssenceOfSteel"},{"floor":20.0,"key":"GhostInAJar"},{"floor":23.0,"key":"SteroidPotion"}],"is_trial":false,"path_per_floor":["M","M","?","$","M","E","R","M","T","M","?","$","R","M","R","B",null,"M","$","M","?","M","E","M","?","T","M","R","$","E","?","R","B"],"character_chosen":"THE_SILENT","items_purchased":["Lantern","Regen Potion","Acrobatics"],"campfire_rested":1,"item_purchase_floors":[12,29,29],"current_hp_per_floor":[63,63,63,63,63,51,51,51,51,66,69,69,69,69,69,41,63,63,63,63,63,63,63,63,62,62,54,54,54,67,67,70,0],"gold":53,"neow_bonus":"TRANSFORM_CARD","is_prod":false,"is_daily":false,"chose_seed":false,"campfire_upgraded":3,"win_rate":0,"timestamp":1555259573,"path_taken":["M","?","?","?","M","E","R","M","T","M","?","$","R","M","R","BOSS","M","$","M","?","?","E","M","?","T","M","R","$","E","?","R","BOSS"],"build_version":"2019-01-23","purchased_purges":2,"victory":false,"max_hp_per_floor":[70,70,70,70,70,70,70,70,70,70,70,70,70,70,70,70,70,70,70,70,70,70,70,70,70,70,70,70,70,70,70,70,70],"card_choices":[{"not_picked":["Choke","Deflect"],"picked":"PiercingWail","floor":1.0},{"not_picked":["Outmaneuver","Bane"],"picked":"Dash","floor":2.0},{"not_picked":["Accuracy","Distraction"],"picked":"Malaise","floor":5.0},{"not_picked":["Finisher","Slice"],"picked":"Heel Hook","floor":6.0},{"not_picked":["Escape Plan","Backflip"],"picked":"Crippling Poison","floor":8.0},{"not_picked":["Bane","Flying Knee","Dodge and Roll"],"picked":"SKIP","floor":10.0},{"not_picked":["Sucker Punch","Dagger Spray"],"picked":"Bane","floor":14.0},{"not_picked":["Terror","Slice"],"picked":"Sucker Punch+1","floor":18.0},{"not_picked":["Choke","Deadly Poison","Deflect"],"picked":"SKIP","floor":20.0},{"not_picked":["Outmaneuver","Setup","Concentrate"],"picked":"SKIP","floor":22.0},{"not_picked":["Distraction","Phantasmal Killer","Crippling Poison+1"],"picked":"SKIP","floor":23.0},{"not_picked":["Dagger Spray+1","Finisher+1","Infinite Blades"],"picked":"SKIP","floor":24.0},{"not_picked":["Underhanded Strike+1","Deflect"],"picked":"Catalyst","floor":27.0},{"not_picked":["Caltrops","Setup"],"picked":"Cloak And Dagger+1","floor":30.0}],"player_experience":1297950,"relics_obtained":[{"floor":6.0,"key":"FossilizedHelix"},{"floor":9.0,"key":"Thread and Needle"},{"floor":11.0,"key":"Unceasing Top"},{"floor":23.0,"key":"Molten Egg 2"},{"floor":26.0,"key":"Torii"},{"floor":30.0,"key":"PreservedInsect"}],"event_choices":[{"damage_healed":0.0,"max_hp_gain":0.0,"max_hp_loss":0.0,"gold_gain":0.0,"event_name":"The Woman in Blue","player_choice":"Bought 2 Potions","floor":3.0,"gold_loss":0.0,"damage_taken":0.0},{"damage_healed":0.0,"max_hp_gain":0.0,"max_hp_loss":0.0,"gold_gain":0.0,"event_name":"Dead Adventurer","player_choice":"Searched \u00272\u0027 times","floor":11.0,"gold_loss":0.0,"damage_taken":0.0},{"damage_healed":0.0,"max_hp_gain":0.0,"max_hp_loss":0.0,"gold_gain":0.0,"event_name":"N\u0027loth","player_choice":"Ignored","floor":21.0,"gold_loss":0.0,"damage_taken":0.0},{"damage_healed":0.0,"max_hp_gain":0.0,"max_hp_loss":0.0,"gold_gain":0.0,"event_name":"Colosseum","player_choice":"Fight","floor":25.0,"gold_loss":0.0,"damage_taken":0.0},{"damage_healed":0.0,"max_hp_gain":0.0,"max_hp_loss":0.0,"gold_gain":0.0,"event_name":"Colosseum","player_choice":"Fled From Nobs","floor":25.0,"gold_loss":0.0,"damage_taken":0.0},{"damage_healed":0.0,"max_hp_gain":0.0,"max_hp_loss":0.0,"gold_gain":0.0,"event_name":"Vampires","player_choice":"Ignored","floor":31.0,"gold_loss":0.0,"damage_taken":0.0}],"is_beta":false,"boss_relics":[{"not_picked":["WristBlade","Astrolabe"],"picked":"Fusion Hammer"}],"items_purged_floors":[4,19],"is_endless":false,"potions_floor_spawned":[2,6,8,10,11,20,23,25],"killed_by":"Automaton","ascension_level":8}