{"gold_per_floor":[99,99,99,99,99,99,99,99,99,99,99,99,99,99,99,99,99,54,54,54,54],"floor_reached":21,"playtime":1684,"items_purged":[],"score":219,"play_id":"ad589387-000a-4d6b-826a-cdc4e4300246","local_time":"20180825110618","is_ascension_mode":true,"campfire_choices":[{"data":"Zap","floor":7,"key":"SMITH"},{"data":"Machine Learning","floor":10,"key":"SMITH"},{"floor":12,"key":"REST"},{"data":"Electrodynamics","floor":15,"key":"SMITH"}],"neow_cost":"NONE","seed_source_timestamp":335888208801316,"circlet_count":0,"master_deck":["Strike_B+1","Strike_B","Strike_B+1","Defend_B","Defend_B","Defend_B","Defend_B","Zap+1","Dualcast","Hologram","Ball Lightning","Hologram","Machine Learning+1","Coolheaded","Electrodynamics+1","Compile Driver","Go for the Eyes","Creative AI","Leap","Rip and Tear+1","Loop"],"relics":["Ectoplasm","Mummified Hand","Anchor","Blood Vial","Shuriken","Black Star","Calipers","Blue Candle"],"potions_floor_usage":[11,11,16,20,21,21],"damage_taken":[{"damage":0,"enemies":"2 Louse","floor":1,"turns":2},{"damage":4,"enemies":"Small Slimes","floor":2,"turns":4},{"damage":0,"enemies":"Cultist","floor":5,"turns":3},{"damage":21,"enemies":"Lagavulin","floor":6,"turns":5},{"damage":6,"enemies":"3 Sentries","floor":8,"turns":5},{"damage":13,"enemies":"Gremlin Nob","floor":11,"turns":3},{"damage":0,"enemies":"Blue Slaver","floor":13,"turns":2},{"damage":8,"enemies":"Exordium Thugs","floor":14,"turns":4},{"damage":11,"enemies":"Hexaghost","floor":16,"turns":7},{"damage":1,"enemies":"2 Thieves","floor":18,"turns":4},{"damage":0,"enemies":"Chosen","floor":19,"turns":4},{"damage":22,"enemies":"Colosseum Slavers","floor":20,"turns":4},{"damage":40,"enemies":"Colosseum Nobs","floor":20,"turns":4},{"damage":17,"enemies":"Shelled Parasite and Fungi","floor":21,"turns":3}],"seed_played":"4058717717142074035","potions_obtained":[{"floor":1,"key":"LiquidBronze"},{"floor":6,"key":"Ancient Potion"},{"floor":8,"key":"AttackPotion"},{"floor":11,"key":"LiquidBronze"},{"floor":14,"key":"FearPotion"},{"floor":18,"key":"Dexterity Potion"}],"is_trial":false,"path_per_floor":["M","M","?","?","M","E","R","E","T","R","E","R","M","M","R","B",null,"M","M","?"],"character_chosen":"DEFECT","items_purchased":[],"campfire_rested":1,"item_purchase_floors":[],"current_hp_per_floor":[75,71,71,56,56,35,35,29,29,29,18,40,42,36,36,27,75,74,75,15,0],"gold":54,"neow_bonus":"BOSS_RELIC","is_prod":false,"is_daily":false,"chose_seed":false,"campfire_upgraded":3,"win_rate":0,"timestamp":1535220378,"path_taken":["M","M","?","?","M","E","R","E","T","R","E","R","M","?","R","BOSS","M","M","?","M"],"build_version":"2018-08-23v2","purchased_purges":0,"victory":false,"max_hp_per_floor":[75,75,75,75,75,75,75,75,75,75,75,75,75,75,75,75,75,75,75,75,75],"card_choices":[{"not_picked":["Static Discharge","Gash"],"picked":"Hologram","floor":1},{"not_picked":["Rip and Tear","Auto Shields"],"picked":"Ball Lightning","floor":2},{"not_picked":["Lockon","Gash"],"picked":"Hologram","floor":5},{"not_picked":["Tempest","Reboot"],"picked":"Machine Learning","floor":6},{"not_picked":["Barrage","Chaos"],"picked":"Coolheaded","floor":8},{"not_picked":["Gash","Stack"],"picked":"Electrodynamics","floor":11},{"not_picked":["Conserve Battery","Barrage"],"picked":"Compile Driver","floor":13},{"not_picked":["Hologram","Stack"],"picked":"Go for the Eyes","floor":14},{"not_picked":["Biased Cognition","Amplify"],"picked":"Creative AI","floor":16},{"not_picked":["Consume","Conserve Battery"],"picked":"Leap","floor":18},{"not_picked":["Hologram","Beam Cell+1"],"picked":"Rip and Tear+1","floor":19},{"not_picked":["Compile Driver","Consume"],"picked":"Loop","floor":20}],"player_experience":204336,"relics_obtained":[{"floor":6,"key":"Mummified Hand"},{"floor":8,"key":"Anchor"},{"floor":9,"key":"Blood Vial"},{"floor":11,"key":"Shuriken"},{"floor":20,"key":"Calipers"},{"floor":20,"key":"Blue Candle"}],"event_choices":[{"event_name":"Living Wall","player_choice":"Forget","floor":3,"damage_taken":0},{"event_name":"Shining Light","player_choice":"Entered Light","floor":4,"damage_taken":0},{"event_name":"Colosseum","player_choice":"Fight","floor":20,"damage_taken":0},{"event_name":"Colosseum","player_choice":"Fought Nobs","floor":20,"damage_taken":0}],"is_beta":false,"boss_relics":[{"not_picked":["Lizard Tail","Busted Crown"],"picked":"Black Star"}],"items_purged_floors":[],"is_endless":false,"potions_floor_spawned":[1,6,8,11,14,18,20],"killed_by":"Shelled Parasite and Fungi","ascension_level":2}