{"gold_per_floor":[111,111,36,53,3,3,15,40,67,114,26,26,56,66,66,164,164,180,198,198,198,214,239,239,239,239,239,253,253,253,267,267,366,366,383,6,306,323,323,323,356,366,391,391,405,421,441,455,455,455],"floor_reached":51,"playtime":7738,"items_purged":["Strike_R","Strike_R","Defend_R+1"],"score":752,"play_id":"133b03a9-05c0-4bce-b93b-ef8e71dd542c","local_time":"20190624194122","is_ascension_mode":true,"campfire_choices":[{"data":"Battle Trance","floor":6.0,"key":"SMITH"},{"data":"Shockwave","floor":15.0,"key":"SMITH"},{"floor":24.0,"key":"REST"},{"data":"Rampage","floor":27.0,"key":"SMITH"},{"data":"Rampage","floor":29.0,"key":"SMITH"},{"floor":32.0,"key":"REST"},{"data":"Reaper","floor":40.0,"key":"SMITH"},{"data":"Bash","floor":44.0,"key":"SMITH"},{"floor":49,"key":"REST"}],"neow_cost":"NONE","seed_source_timestamp":0,"circlet_count":0,"master_deck":["Strike_R+1","Strike_R+1","Defend_R+1","Defend_R+1","Bash+1","Battle Trance+1","Rampage+1","Rampage+1","Shockwave+1","Shrug It Off","Barricade+1","Disarm+1","Shrug It Off","Shrug It Off+1","Reaper+1","Seeing Red+1"],"special_seed":0,"relics":["Burning Blood","Red Skull","Vajra","MawBank","Meat on the Bone","Centennial Puzzle","Runic Cube","Nunchaku","Self Forming Clay","Eternal Feather","Kunai","Pear","Bag of Preparation"],"potions_floor_usage":[47,47,50,50],"damage_taken":[{"damage":7.0,"enemies":"2 Louse","floor":1.0,"turns":4.0},{"damage":3.0,"enemies":"Small Slimes","floor":4.0,"turns":4.0},{"damage":6.0,"enemies":"Jaw Worm","floor":7.0,"turns":5.0},{"damage":27.0,"enemies":"3 Sentries","floor":8.0,"turns":11.0},{"damage":27.0,"enemies":"Gremlin Nob","floor":10.0,"turns":4.0},{"damage":16.0,"enemies":"Lagavulin","floor":13.0,"turns":5.0},{"damage":0.0,"enemies":"Gremlin Gang","floor":14.0,"turns":4.0},{"damage":29.0,"enemies":"Hexaghost","floor":16.0,"turns":6.0},{"damage":50.0,"enemies":"Spheric Guardian","floor":18.0,"turns":8.0},{"damage":35.0,"enemies":"2 Thieves","floor":19.0,"turns":4.0},{"damage":8.0,"enemies":"Snake Plant","floor":22.0,"turns":4.0},{"damage":50.0,"enemies":"Gremlin Leader","floor":23.0,"turns":8.0},{"damage":14.0,"enemies":"Centurion and Healer","floor":28.0,"turns":6.0},{"damage":9.0,"enemies":"Shelled Parasite and Fungi","floor":31.0,"turns":8.0},{"damage":57.0,"enemies":"Collector","floor":33.0,"turns":13.0},{"damage":6.0,"enemies":"3 Shapes","floor":35.0,"turns":6.0},{"damage":24.0,"enemies":"Orb Walker","floor":38.0,"turns":6.0},{"damage":56.0,"enemies":"Giant Head","floor":41.0,"turns":9.0},{"damage":6.0,"enemies":"4 Shapes","floor":42.0,"turns":9.0},{"damage":30.0,"enemies":"Jaw Worm Horde","floor":45.0,"turns":6.0},{"damage":47.0,"enemies":"Sphere and 2 Shapes","floor":46.0,"turns":8.0},{"damage":0,"enemies":"Maw","floor":47,"turns":11},{"damage":16,"enemies":"Jaw Worm Horde","floor":48,"turns":6},{"damage":57,"enemies":"Time Eater","floor":50,"turns":19}],"seed_played":"7088111994005274600","potions_obtained":[{"floor":4.0,"key":"Dexterity Potion"},{"floor":7.0,"key":"BloodPotion"},{"floor":16.0,"key":"Energy Potion"},{"floor":19.0,"key":"SkillPotion"},{"floor":22.0,"key":"Dexterity Potion"},{"floor":38.0,"key":"SpeedPotion"},{"floor":41.0,"key":"Regen Potion"},{"floor":47,"key":"PowerPotion"},{"floor":48,"key":"SpeedPotion"}],"is_trial":false,"path_per_floor":["M","?","$","M","?","R","M","E","T","E","$","?","E","M","R","B",null,"M","M","?","?","M","E","R","?","T","R","M","R","?","M","R","B",null,"M","$","?","M","?","R","E","M","T","R","M","M","M","M","R","B",null],"character_chosen":"IRONCLAD","items_purchased":["Kunai"],"campfire_rested":3,"item_purchase_floors":[36],"current_hp_per_floor":[79,79,79,80,80,80,80,59,59,46,46,46,48,54,54,43,80,48,31,31,57,55,23,47,47,47,47,51,51,51,48,72,33,80,80,80,80,62,62,71,43,70,70,79,55,26,60,65,90,51],"gold":455,"neow_bonus":"RANDOM_COMMON_RELIC","is_prod":false,"is_daily":false,"chose_seed":false,"campfire_upgraded":6,"win_rate":0,"timestamp":1561430482,"path_taken":["M","?","$","M","?","R","M","E","T","E","$","?","E","?","R","BOSS","M","M","?","?","M","E","R","?","T","R","?","R","?","M","R","BOSS","M","$","?","?","?","R","E","M","T","R","?","M","M","M","R","BOSS"],"build_version":"2019-01-23","purchased_purges":3,"victory":true,"max_hp_per_floor":[80,80,80,80,80,80,80,80,80,80,80,80,80,80,80,80,80,80,80,80,80,80,80,80,80,80,80,80,80,80,80,80,80,80,80,80,80,80,80,80,90,90,90,90,90,90,90,90,90,90],"card_choices":[{"not_picked":["Clothesline","Bloodletting","Fire Breathing"],"picked":"SKIP","floor":1.0},{"not_picked":["Heavy Blade","Iron Wave"],"picked":"Battle Trance","floor":4.0},{"not_picked":["Wild Strike","Perfected Strike"],"picked":"Rampage","floor":7.0},{"not_picked":["Pommel Strike","Armaments"],"picked":"Rampage","floor":8.0},{"not_picked":["Clash","Combust","Body Slam"],"picked":"SKIP","floor":10.0},{"not_picked":["Anger","Combust"],"picked":"Shockwave","floor":13.0},{"not_picked":["Blood for Blood","Reckless Charge"],"picked":"Shrug It Off","floor":14.0},{"not_picked":["Feed","Fiend Fire"],"picked":"Barricade","floor":16.0},{"not_picked":["Thunderclap","Armaments"],"picked":"Disarm+1","floor":18.0},{"not_picked":["Bloodletting","Wild Strike+1"],"picked":"Shrug It Off","floor":19.0},{"not_picked":["Whirlwind","Armaments","Sever Soul+1"],"picked":"SKIP","floor":22.0},{"not_picked":["Thunderclap","Spot Weakness","Dark Embrace"],"picked":"SKIP","floor":23.0},{"not_picked":["Clothesline","Feel No Pain"],"picked":"Shrug It Off+1","floor":28.0},{"not_picked":["Warcry+1","Iron Wave","True Grit"],"picked":"SKIP","floor":31.0},{"not_picked":["Brutality","Impervious"],"picked":"Reaper","floor":33.0},{"not_picked":["Armaments+1","Hemokinesis+1","Sword Boomerang"],"picked":"SKIP","floor":35.0},{"not_picked":["True Grit+1","Evolve","Warcry+1"],"picked":"SKIP","floor":38.0},{"not_picked":["Heavy Blade+1","Hemokinesis+1","Clothesline"],"picked":"SKIP","floor":41.0},{"not_picked":["Perfected Strike+1","Shockwave+1","True Grit"],"picked":"SKIP","floor":42.0},{"not_picked":["Cleave+1","Clothesline+1","Double Tap"],"picked":"SKIP","floor":45.0},{"not_picked":["Iron Wave","Intimidate","Wild Strike+1"],"picked":"SKIP","floor":46.0},{"not_picked":["True Grit+1","Pommel Strike+1"],"picked":"Seeing Red+1","floor":47},{"not_picked":["Clash","Clothesline+1","Shrug It Off"],"picked":"SKIP","floor":48}],"player_experience":80849,"relics_obtained":[{"floor":8.0,"key":"Vajra"},{"floor":9.0,"key":"MawBank"},{"floor":10.0,"key":"Meat on the Bone"},{"floor":13.0,"key":"Centennial Puzzle"},{"floor":23.0,"key":"Nunchaku"},{"floor":26.0,"key":"Self Forming Clay"},{"floor":41.0,"key":"Pear"},{"floor":43.0,"key":"Bag of Preparation"}],"event_choices":[{"damage_healed":0.0,"max_hp_gain":0.0,"max_hp_loss":0.0,"gold_gain":0.0,"event_name":"Liars Game","player_choice":"Ignored","floor":2.0,"gold_loss":0.0,"damage_taken":0.0},{"cards_removed":["Strike_R"],"damage_healed":0.0,"max_hp_gain":0.0,"max_hp_loss":0.0,"gold_gain":0.0,"event_name":"The Cleric","player_choice":"Card Removal","floor":5.0,"gold_loss":50.0,"damage_taken":0.0},{"cards_removed":["Defend_R"],"damage_healed":0.0,"max_hp_gain":0.0,"max_hp_loss":0.0,"gold_gain":0.0,"event_name":"Bonfire Elementals","player_choice":"Offered Basic","floor":12.0,"gold_loss":0.0,"damage_taken":0.0},{"damage_healed":0.0,"max_hp_gain":0.0,"max_hp_loss":0.0,"gold_gain":0.0,"event_name":"Back to Basics","player_choice":"Simplicity","floor":20.0,"gold_loss":0.0,"damage_taken":0.0,"cards_upgraded":["Strike_R","Strike_R","Defend_R","Defend_R","Defend_R"]},{"damage_healed":26.0,"max_hp_gain":0.0,"max_hp_loss":0.0,"gold_gain":0.0,"event_name":"The Library","player_choice":"Heal","floor":21.0,"gold_loss":0.0,"damage_taken":0.0},{"damage_healed":0.0,"max_hp_gain":0.0,"max_hp_loss":0.0,"gold_gain":0.0,"event_name":"Upgrade Shrine","player_choice":"Upgraded","floor":25.0,"gold_loss":0.0,"damage_taken":0.0,"cards_upgraded":["Barricade"]},{"damage_healed":0.0,"max_hp_gain":0.0,"max_hp_loss":0.0,"gold_gain":0.0,"event_name":"Ghosts","player_choice":"Ignored","floor":30.0,"gold_loss":0.0,"damage_taken":0.0},{"damage_healed":0.0,"max_hp_gain":0.0,"max_hp_loss":0.0,"gold_gain":300.0,"event_name":"Wheel of Change","player_choice":"Gold","floor":37.0,"gold_loss":0.0,"damage_taken":0.0},{"damage_healed":0.0,"max_hp_gain":0.0,"max_hp_loss":0.0,"gold_gain":0.0,"event_name":"Transmorgrifier","player_choice":"Ignored","floor":39.0,"gold_loss":0.0,"damage_taken":0.0}],"is_beta":false,"boss_relics":[{"not_picked":["Empty Cage","Sozu"],"picked":"Runic Cube"},{"not_picked":["Snecko Eye","Runic Pyramid"],"picked":"Eternal Feather"}],"items_purged_floors":[3,11,36],"is_endless":false,"potions_floor_spawned":[4,7,16,19,22,38,41,47,48],"ascension_level":1}