{"gold_per_floor":[114,74,89,89,108,108,127,146,196,215,215,234,234,253,253,378,378,397,416,435,454,454],"floor_reached":22,"playtime":1494,"items_purged":[],"score":184,"play_id":"54b4a9b9-b9ae-40f0-b586-361ecc4c555e","local_time":"20190708001237","daily_mods":["Heirloom","Blue Cards","DeadlyEvents"],"is_ascension_mode":false,"campfire_choices":[{"data":"1","floor":6,"key":"LIFT"},{"data":"Bouncing Flask","floor":11,"key":"SMITH"},{"data":"Corpse Explosion","floor":15,"key":"SMITH"}],"neow_cost":"","seed_source_timestamp":0,"circlet_count":0,"master_deck":["Strike_G","Strike_G","Defend_G","Defend_G","Defend_G","Defend_G","Defend_G","Survivor","Neutralize","Poisoned Stab","Bouncing Flask+1","Injury","Quick Slash","Sunder","Corpse Explosion+1","Choke","Flying Knee","Cold Snap","Bane","Seek","Cloak And Dagger+1","Crippling Poison","PiercingWail","Escape Plan+1"],"special_seed":18084,"relics":["Ring of the Snake","Girya","Golden Idol","Potion Belt","Empty Cage"],"potions_floor_usage":[16,21,21,21,21],"damage_taken":[{"damage":2,"enemies":"Small Slimes","floor":1,"turns":4},{"damage":0,"enemies":"Cultist","floor":3,"turns":5},{"damage":0,"enemies":"2 Louse","floor":5,"turns":3},{"damage":10,"enemies":"2 Fungi Beasts","floor":7,"turns":3},{"damage":2,"enemies":"Blue Slaver","floor":8,"turns":3},{"damage":4,"enemies":"Gremlin Gang","floor":10,"turns":3},{"damage":8,"enemies":"Red Slaver","floor":12,"turns":3},{"damage":11,"enemies":"Blue Slaver","floor":14,"turns":3},{"damage":14,"enemies":"The Guardian","floor":16,"turns":8},{"damage":12,"enemies":"Spheric Guardian","floor":18,"turns":4},{"damage":6,"enemies":"Chosen","floor":19,"turns":4},{"damage":34,"enemies":"Sentry and Sphere","floor":20,"turns":6},{"damage":9,"enemies":"Snake Plant","floor":21,"turns":3},{"damage":24,"enemies":"Chosen and Byrds","floor":22,"turns":5}],"seed_played":"-6942843224144824641","potions_obtained":[{"floor":3,"key":"EssenceOfSteel"},{"floor":10,"key":"AttackPotion"},{"floor":12,"key":"Strength Potion"},{"floor":19,"key":"Regen Potion"},{"floor":20,"key":"Weak Potion"}],"is_trial":false,"path_per_floor":["M","?","M","?","M","R","M","M","T","M","R","M","?","M","R","B",null,"M","M","M","M","M"],"character_chosen":"THE_SILENT","items_purchased":[],"campfire_rested":0,"item_purchase_floors":[],"current_hp_per_floor":[68,68,68,68,68,68,58,56,56,52,52,44,44,33,33,19,70,58,52,18,21,0],"gold":454,"neow_bonus":"","is_prod":false,"is_daily":true,"chose_seed":false,"campfire_upgraded":2,"win_rate":0.0,"timestamp":1562512357,"path_taken":["M","?","M","?","M","R","M","M","T","M","R","M","?","M","R","BOSS","M","M","M","?","M"],"build_version":"2019-07-05","purchased_purges":0,"victory":false,"max_hp_per_floor":[70,70,70,70,70,70,70,70,70,70,70,70,70,70,70,70,70,70,70,70,70,70],"card_choices":[{"not_picked":["Sucker Punch","Steam"],"picked":"Poisoned Stab","floor":1},{"not_picked":["Redo","Reinforced Body"],"picked":"Bouncing Flask","floor":3},{"not_picked":["Cold Snap","Prepared"],"picked":"Quick Slash","floor":5},{"not_picked":["Compile Driver","Streamline"],"picked":"Sunder","floor":7},{"not_picked":["Hello World","Self Repair"],"picked":"Corpse Explosion","floor":8},{"not_picked":["Melter","Coolheaded"],"picked":"Choke","floor":10},{"not_picked":["Leap","Slice"],"picked":"Flying Knee","floor":12},{"not_picked":["Self Repair","Go for the Eyes"],"picked":"Bane","floor":14},{"not_picked":["Machine Learning","Reboot"],"picked":"Seek","floor":16},{"not_picked":["Terror","Barrage"],"picked":"Cloak And Dagger+1","floor":18},{"not_picked":["Eviscerate+1","PiercingWail"],"picked":"Crippling Poison","floor":19},{"not_picked":["Choke","Expertise"],"picked":"PiercingWail","floor":20},{"not_picked":["Terror+1","Blade Dance"],"picked":"Escape Plan+1","floor":21}],"player_experience":40194,"relics_obtained":[{"floor":9,"key":"Potion Belt"}],"event_choices":[{"damage_healed":0,"gold_gain":0,"player_choice":"Left Gold","damage_taken":0,"max_hp_gain":0,"max_hp_loss":0,"event_name":"World of Goop","floor":2,"gold_loss":40},{"damage_healed":0,"gold_gain":0,"player_choice":"Take Wound","damage_taken":0,"relics_obtained":["Golden Idol"],"max_hp_gain":0,"max_hp_loss":0,"event_name":"Golden Idol","floor":4,"gold_loss":0,"cards_obtained":["Injury"]},{"damage_healed":0,"gold_gain":0,"cards_transformed":["Strike_G"],"player_choice":"Transformed","damage_taken":0,"max_hp_gain":0,"max_hp_loss":0,"event_name":"Transmorgrifier","floor":13,"gold_loss":0,"cards_obtained":["Cold Snap"]}],"is_beta":false,"boss_relics":[{"not_picked":["Pandora\u0027s Box","Coffee Dripper"],"picked":"Empty Cage"}],"items_purged_floors":[],"is_endless":false,"potions_floor_spawned":[3,10,12,19,20],"killed_by":"Chosen and Byrds","ascension_level":0}