{"gold_per_floor":[111,125,125,50,225,254,254,281,305,322,338,338],"floor_reached":12,"playtime":531,"items_purged":["Strike_R"],"score":150,"play_id":"65518a1a-1a0c-40bf-82ee-ef4ea6b2d04f","local_time":"20190707083012","is_ascension_mode":true,"campfire_choices":[{"floor":7,"key":"REST"}],"neow_cost":"NONE","seed_source_timestamp":344278764343800,"circlet_count":0,"master_deck":["AscendersBane","Strike_R","Strike_R","Strike_R","Strike_R","Defend_R","Defend_R","Defend_R","Defend_R","Bash+1","Cleave+1","Armaments","Doubt","Juggernaut","Shrug It Off"],"relics":["Burning Blood","Ancient Tea Set","Bag of Marbles","Potion Belt"],"potions_floor_usage":[8,10],"damage_taken":[{"damage":3,"enemies":"Jaw Worm","floor":1,"turns":5},{"damage":0,"enemies":"Small Slimes","floor":2,"turns":3},{"damage":64,"enemies":"Gremlin Nob","floor":6,"turns":6},{"damage":17,"enemies":"3 Sentries","floor":8,"turns":9},{"damage":0,"enemies":"2 Louse","floor":10,"turns":2},{"damage":26,"enemies":"Exordium Thugs","floor":11,"turns":8},{"damage":7,"enemies":"Lots of Slimes","floor":12,"turns":2}],"seed_played":"-2792131132416317988","potions_obtained":[{"floor":2,"key":"Fire Potion"},{"floor":6,"key":"SkillPotion"}],"is_trial":false,"path_per_floor":["M","M","?","$","?","E","R","E","T","M","M","M"],"character_chosen":"IRONCLAD","items_purchased":[],"campfire_rested":1,"item_purchase_floors":[],"current_hp_per_floor":[78,82,66,66,66,8,32,21,21,27,7,0],"gold":338,"neow_bonus":"TEN_PERCENT_HP_BONUS","is_prod":false,"is_daily":false,"chose_seed":false,"campfire_upgraded":0,"win_rate":0,"timestamp":1562513412,"path_taken":["M","M","?","$","?","E","R","E","T","M","M","?"],"build_version":"2019-07-05","purchased_purges":1,"victory":false,"max_hp_per_floor":[82,82,82,82,82,82,82,82,82,82,82,82],"card_choices":[{"not_picked":["Corruption","Reckless Charge"],"picked":"Cleave","floor":1},{"not_picked":["Clash","Evolve"],"picked":"Armaments","floor":2},{"not_picked":["Wild Strike","Thunderclap"],"picked":"Juggernaut","floor":6},{"not_picked":["Entrench","Armaments"],"picked":"Shrug It Off","floor":8},{"not_picked":["Corruption","Twin Strike","Perfected Strike"],"picked":"SKIP","floor":10},{"not_picked":["Warcry","Entrench","Pummel"],"picked":"SKIP","floor":11}],"player_experience":1371446,"relics_obtained":[{"floor":6,"key":"Ancient Tea Set"},{"floor":8,"key":"Bag of Marbles"},{"floor":9,"key":"Potion Belt"}],"event_choices":[{"damage_healed":0,"gold_gain":0,"player_choice":"Entered Light","damage_taken":16,"max_hp_gain":0,"max_hp_loss":0,"event_name":"Shining Light","floor":3,"gold_loss":0,"cards_upgraded":["Cleave","Bash"]},{"damage_healed":0,"gold_gain":175,"player_choice":"AGREE","damage_taken":0,"max_hp_gain":0,"max_hp_loss":0,"event_name":"Liars Game","floor":5,"gold_loss":0,"cards_obtained":["Doubt"]}],"is_beta":false,"boss_relics":[],"items_purged_floors":[4],"is_endless":false,"potions_floor_spawned":[2,6],"killed_by":"Lots of Slimes","ascension_level":14}