{"gold_per_floor":[113,127,137,137,151,151,178,195,221,221,255,255,270,289,289,389,389,403,413,713,36,47,47,78,78,78,90,90,101,101,116,116,220,220,236,236,336,336,352,379,379,395,421,93,128,128,145,160,160,160],"floor_reached":51,"playtime":2824,"items_purged":[],"score":841,"play_id":"2c6aaf90-ab43-425c-867a-fc8c8c24039a","local_time":"20190707222156","is_ascension_mode":false,"campfire_choices":[{"data":"Glass Knife","floor":6,"key":"SMITH"},{"data":"Leg Sweep","floor":12,"key":"SMITH"},{"floor":15,"key":"REST"},{"data":"Glass Knife","floor":23,"key":"SMITH"},{"data":"Footwork","floor":25,"key":"SMITH"},{"floor":32,"key":"REST"},{"data":"Footwork","floor":41,"key":"SMITH"},{"floor":46,"key":"REST"},{"floor":49,"key":"REST"}],"neow_cost":"NONE","seed_source_timestamp":129136998679700,"circlet_count":0,"master_deck":["Defend_G","Defend_G","Defend_G","Defend_G","Defend_G","Survivor","Neutralize+1","Dodge and Roll","Sucker Punch+1","Leg Sweep+1","Glass Knife+1","Flying Knee","Backstab","Footwork+1","Backflip+1","A Thousand Cuts","Quick Slash+1","Glass Knife+1","Flying Knee+1","Footwork+1","Blade Dance+1","Escape Plan+1","Blur+1","Bite","Bite","Bite","Bite","Bite","Backflip+1","Corpse Explosion+1","Noxious Fumes+1","Madness+1","Madness+1","Cloak And Dagger+1","Footwork+1","Well Laid Plans+1","Dodge and Roll+1"],"relics":["Black Star","Tingsha","Bronze Scales","Oddly Smooth Stone","Dream Catcher","Incense Burner","The Courier","Toxic Egg 2","Philosopher\u0027s Stone","Old Coin","Letter Opener","Prayer Wheel","Potion Belt","Bag of Marbles","Dodecahedron","Nloth\u0027s Gift","Runic Dome","The Specimen","FossilizedHelix","Happy Flower","Pen Nib","Whetstone","Ornamental Fan","PreservedInsect","Centennial Puzzle"],"potions_floor_usage":[16,16,18,24,33,33,45,50,50],"damage_taken":[{"damage":0,"enemies":"2 Louse","floor":1,"turns":3},{"damage":1,"enemies":"Jaw Worm","floor":2,"turns":6},{"damage":0,"enemies":"Cultist","floor":3,"turns":4},{"damage":5,"enemies":"3 Louse","floor":5,"turns":7},{"damage":7,"enemies":"3 Sentries","floor":7,"turns":9},{"damage":0,"enemies":"Red Slaver","floor":8,"turns":3},{"damage":17,"enemies":"Gremlin Nob","floor":11,"turns":4},{"damage":0,"enemies":"Looter","floor":13,"turns":1},{"damage":0,"enemies":"Exordium Wildlife","floor":14,"turns":2},{"damage":34,"enemies":"Slime Boss","floor":16,"turns":19},{"damage":16,"enemies":"2 Thieves","floor":18,"turns":4},{"damage":4,"enemies":"Chosen","floor":19,"turns":4},{"damage":0,"enemies":"Snake Plant","floor":22,"turns":4},{"damage":20,"enemies":"Slavers","floor":24,"turns":5},{"damage":8,"enemies":"Centurion and Healer","floor":27,"turns":6},{"damage":14,"enemies":"Cultist and Chosen","floor":29,"turns":5},{"damage":7,"enemies":"Sentry and Sphere","floor":31,"turns":5},{"damage":48,"enemies":"Champ","floor":33,"turns":23},{"damage":0,"enemies":"Orb Walker","floor":35,"turns":3},{"damage":0,"enemies":"Mind Bloom Boss Battle","floor":37,"turns":4},{"damage":17,"enemies":"3 Darklings","floor":39,"turns":5},{"damage":19,"enemies":"Giant Head","floor":40,"turns":9},{"damage":22,"enemies":"Sphere and 2 Shapes","floor":42,"turns":4},{"damage":15,"enemies":"Reptomancer","floor":45,"turns":6},{"damage":0,"enemies":"4 Shapes","floor":47,"turns":2},{"damage":0,"enemies":"Writhing Mass","floor":48,"turns":7},{"damage":2,"enemies":"Time Eater","floor":50,"turns":14}],"seed_played":"2809558081524070436","potions_obtained":[{"floor":2,"key":"Regen Potion"},{"floor":7,"key":"Energy Potion"},{"floor":13,"key":"GhostInAJar"},{"floor":14,"key":"PowerPotion"},{"floor":16,"key":"Dexterity Potion"},{"floor":18,"key":"Fruit Juice"},{"floor":22,"key":"Block Potion"},{"floor":29,"key":"PowerPotion"},{"floor":31,"key":"Strength Potion"},{"floor":37,"key":"FearPotion"},{"floor":40,"key":"GamblersBrew"},{"floor":42,"key":"PowerPotion"},{"floor":47,"key":"Explosive Potion"}],"is_trial":false,"path_per_floor":["M","M","M","?","M","R","E","M","T","T","E","R","M","M","R","B",null,"M","M","?","$","M","R","E","R","T","M","?","M","?","M","R","B",null,"M","?","?","?","M","E","R","M","T","$","E","R","M","M","R","B",null],"character_chosen":"THE_SILENT","items_purchased":["Glass Knife","Letter Opener","Prayer Wheel","Potion Belt","Whetstone","Ornamental Fan"],"campfire_rested":4,"item_purchase_floors":[21,21,21,21,44,44],"current_hp_per_floor":[70,69,69,62,57,57,50,50,50,50,33,33,33,33,54,20,70,59,55,55,55,55,55,35,35,35,29,29,15,15,16,31,28,52,52,52,52,45,34,33,33,17,17,17,10,25,27,37,52,52],"gold":160,"neow_bonus":"BOSS_RELIC","is_prod":false,"is_daily":false,"chose_seed":false,"campfire_upgraded":5,"win_rate":0,"timestamp":1562556116,"path_taken":["M","M","M","?","M","R","E","M","T","?","E","R","M","M","R","BOSS","M","M","?","$","M","R","E","R","T","M","?","?","?","M","R","BOSS","M","?","?","?","?","E","R","M","T","$","E","R","M","M","R","BOSS"],"build_version":"2019-07-05","purchased_purges":0,"victory":true,"max_hp_per_floor":[70,70,70,70,70,70,70,70,70,70,70,70,70,70,70,70,70,75,75,75,75,75,75,75,75,75,75,75,75,52,52,52,52,52,52,52,52,52,52,52,52,52,52,52,52,52,52,52,52,52],"card_choices":[{"not_picked":["Deflect","Slice"],"picked":"Dodge and Roll","floor":1},{"not_picked":["Choke","Slice"],"picked":"Sucker Punch","floor":2},{"not_picked":["Accuracy","Backflip"],"picked":"Leg Sweep","floor":3},{"not_picked":["Quick Slash","Poisoned Stab"],"picked":"Glass Knife","floor":5},{"not_picked":["Distraction","Acrobatics"],"picked":"Flying Knee","floor":7},{"not_picked":["Deadly Poison","Blade Dance"],"picked":"Backstab","floor":8},{"not_picked":["Eviscerate","Poisoned Stab","Endless Agony"],"picked":"SKIP","floor":11},{"not_picked":["Dagger Throw","Backflip+1"],"picked":"Footwork","floor":13},{"not_picked":["Sucker Punch","Masterful Stab","Storm of Steel+1"],"picked":"SKIP","floor":14},{"not_picked":["Endless Agony","Cloak And Dagger+1"],"picked":"Backflip+1","floor":15},{"not_picked":["Venomology+1","Envenom"],"picked":"A Thousand Cuts","floor":16},{"not_picked":["Slice+1","Flying Knee"],"picked":"Quick Slash+1","floor":18},{"not_picked":["Tactician+1","Catalyst+1","Dagger Throw"],"picked":"SKIP","floor":19},{"not_picked":["Dagger Spray","Acrobatics+1"],"picked":"Flying Knee+1","floor":22},{"not_picked":["Heel Hook","Bouncing Flask+1","Quick Slash"],"picked":"SKIP","floor":22},{"not_picked":["Quick Slash","Underhanded Strike"],"picked":"Footwork","floor":24},{"not_picked":["Concentrate+1","Deflect+1"],"picked":"Blade Dance+1","floor":27},{"not_picked":["Distraction+1","Finisher+1"],"picked":"Escape Plan+1","floor":27},{"not_picked":["PiercingWail+1","Dagger Spray"],"picked":"Blur+1","floor":29},{"not_picked":["Die Die Die","Dodge and Roll+1","Poisoned Stab"],"picked":"SKIP","floor":29},{"not_picked":["Blade Dance+1","Outmaneuver+1"],"picked":"Backflip+1","floor":31},{"not_picked":["Prepared+1","Underhanded Strike","Slice+1"],"picked":"SKIP","floor":31},{"not_picked":["Tools of the Trade","Wraith Form v2"],"picked":"Corpse Explosion+1","floor":33},{"not_picked":["Flechettes","Dagger Spray"],"picked":"Noxious Fumes+1","floor":35},{"not_picked":["Bane+1","Quick Slash","Cloak And Dagger+1"],"picked":"SKIP","floor":35},{"not_picked":["Dagger Spray+1","Noxious Fumes"],"picked":"Cloak And Dagger+1","floor":39},{"not_picked":["Slice","Well Laid Plans"],"picked":"Footwork+1","floor":39},{"not_picked":["Glass Knife","Deadly Poison+1","Underhanded Strike"],"picked":"SKIP","floor":40},{"not_picked":["Deadly Poison+1","Concentrate+1"],"picked":"Well Laid Plans+1","floor":42},{"not_picked":["Footwork+1","Poisoned Stab+1","Quick Slash+1"],"picked":"SKIP","floor":42},{"not_picked":["Underhanded Strike+1","Doppelganger+1","Die Die Die"],"picked":"SKIP","floor":45},{"not_picked":["Tactician+1","Calculated Gamble+1"],"picked":"Dodge and Roll+1","floor":47},{"not_picked":["Dagger Throw","Outmaneuver+1","Dodge and Roll+1"],"picked":"SKIP","floor":47},{"not_picked":["Flying Knee+1","Underhanded Strike+1","Sucker Punch+1"],"picked":"SKIP","floor":48},{"not_picked":["Acrobatics+1","Poisoned Stab","Cloak And Dagger+1"],"picked":"SKIP","floor":48}],"player_experience":299565,"relics_obtained":[{"floor":7,"key":"Bronze Scales"},{"floor":7,"key":"Oddly Smooth Stone"},{"floor":9,"key":"Dream Catcher"},{"floor":10,"key":"Incense Burner"},{"floor":11,"key":"The Courier"},{"floor":11,"key":"Toxic Egg 2"},{"floor":24,"key":"Bag of Marbles"},{"floor":24,"key":"Dodecahedron"},{"floor":26,"key":"Blood Vial"},{"floor":37,"key":"The Specimen"},{"floor":40,"key":"FossilizedHelix"},{"floor":40,"key":"Happy Flower"},{"floor":43,"key":"Pen Nib"},{"floor":45,"key":"PreservedInsect"},{"floor":45,"key":"Centennial Puzzle"}],"event_choices":[{"damage_healed":0,"gold_gain":0,"player_choice":"Success","damage_taken":7,"relics_obtained":["Tingsha"],"max_hp_gain":0,"max_hp_loss":0,"event_name":"Scrap Ooze","floor":4,"gold_loss":0},{"damage_healed":0,"gold_gain":0,"player_choice":"Opened","damage_taken":0,"relics_obtained":["Old Coin"],"max_hp_gain":0,"max_hp_loss":0,"event_name":"The Mausoleum","floor":20,"gold_loss":0},{"damage_healed":0,"gold_gain":0,"player_choice":"Traded Relic","damage_taken":0,"relics_obtained":["Nloth\u0027s Gift"],"max_hp_gain":0,"max_hp_loss":0,"event_name":"N\u0027loth","floor":28,"relics_lost":["Blood Vial"],"gold_loss":0},{"damage_healed":0,"gold_gain":0,"player_choice":"Became a vampire","damage_taken":0,"max_hp_gain":0,"max_hp_loss":23,"event_name":"Vampires","floor":30,"gold_loss":0,"cards_obtained":["Bite","Bite","Bite","Bite","Bite"]},{"damage_healed":0,"gold_gain":0,"player_choice":"Memory 1","damage_taken":0,"max_hp_gain":0,"max_hp_loss":0,"event_name":"SensoryStone","floor":36,"gold_loss":0},{"damage_healed":0,"gold_gain":0,"player_choice":"Fight","damage_taken":0,"max_hp_gain":0,"max_hp_loss":0,"event_name":"MindBloom","floor":37,"gold_loss":0},{"damage_healed":0,"gold_gain":0,"player_choice":"Embrace Madness","damage_taken":7,"max_hp_gain":0,"max_hp_loss":0,"event_name":"Winding Halls","floor":38,"gold_loss":0,"cards_obtained":["Madness","Madness"]}],"is_beta":false,"boss_relics":[{"not_picked":["Empty Cage","Tiny House"],"picked":"Philosopher\u0027s Stone"},{"not_picked":["Coffee Dripper","Calling Bell"],"picked":"Runic Dome"}],"items_purged_floors":[],"is_endless":false,"potions_floor_spawned":[2,7,13,14,16,18,22,29,31,37,40,42,47],"ascension_level":0}