{"gold_per_floor":[111,123,138,38,49,79,79,114,141,166,180,214,182,195,195,299,299,315,515,527,84,104,104,114,140,165,25,43,68,68,98,98,194,194,207,207,226,226,188,219,219,219,242,268,279,0,0,27,27,27,27,27,27,53,53],"floor_reached":56,"playtime":4690,"items_purged":["Decay"],"score":2072,"play_id":"72e594aa-b0e2-4cad-b1a0-f89b6d76ec5c","local_time":"20190701154828","is_ascension_mode":true,"campfire_choices":[{"floor":7.0,"key":"REST"},{"floor":15.0,"key":"REST"},{"data":"1","floor":23.0,"key":"LIFT"},{"data":"2","floor":30.0,"key":"LIFT"},{"data":"3","floor":32.0,"key":"LIFT"},{"floor":41.0,"key":"RECALL"},{"data":"Heavy Blade","floor":47,"key":"SMITH"},{"data":"Uppercut","floor":49,"key":"SMITH"},{"data":"Sword Boomerang","floor":52,"key":"SMITH"}],"neow_cost":"CURSE","seed_source_timestamp":0,"circlet_count":0,"master_deck":["AscendersBane","Strike_R","Strike_R","Strike_R","Strike_R","Strike_R","Defend_R+1","Defend_R","Defend_R","Defend_R","Bash","Shockwave","Inflame","Shrug It Off","Twin Strike","Spot Weakness+1","Heavy Blade+1","Shrug It Off","Sword Boomerang+1","Limit Break","Cleave+1","Uppercut+1","Cleave","Bludgeon","Shrug It Off+1","Corruption","Fiend Fire","Clothesline+1","Spot Weakness","Dark Embrace","Reaper"],"special_seed":0,"relics":["Burning Blood","Bird Faced Urn","Oddly Smooth Stone","Ancient Tea Set","Centennial Puzzle","Vajra","Bag of Preparation","Snecko Eye","War Paint","Girya","Darkstone Periapt","Blood Vial","Happy Flower","Juzu Bracelet","Mark of Pain","Regal Pillow","Bottled Tornado","Red Mask","Bronze Scales","Unceasing Top"],"potions_floor_usage":[55,55],"damage_taken":[{"damage":11.0,"enemies":"Small Slimes","floor":1.0,"turns":6.0},{"damage":10.0,"enemies":"2 Louse","floor":2.0,"turns":4.0},{"damage":8.0,"enemies":"Cultist","floor":3.0,"turns":4.0},{"damage":16.0,"enemies":"Red Slaver","floor":5.0,"turns":5.0},{"damage":30.0,"enemies":"Lagavulin","floor":6.0,"turns":5.0},{"damage":29.0,"enemies":"3 Sentries","floor":8.0,"turns":7.0},{"damage":20.0,"enemies":"Gremlin Nob","floor":10.0,"turns":4.0},{"damage":4.0,"enemies":"Large Slime","floor":11.0,"turns":4.0},{"damage":15.0,"enemies":"Lagavulin","floor":12.0,"turns":6.0},{"damage":0.0,"enemies":"3 Louse","floor":14.0,"turns":5.0},{"damage":20.0,"enemies":"Hexaghost","floor":16.0,"turns":7.0},{"damage":0.0,"enemies":"Shell Parasite","floor":18.0,"turns":2.0},{"damage":2.0,"enemies":"2 Thieves","floor":20.0,"turns":3.0},{"damage":27.0,"enemies":"Snake Plant","floor":22.0,"turns":3.0},{"damage":0.0,"enemies":"Chosen and Byrds","floor":24.0,"turns":2.0},{"damage":15.0,"enemies":"Gremlin Leader","floor":25.0,"turns":2.0},{"damage":14.0,"enemies":"Centurion and Healer","floor":28.0,"turns":4.0},{"damage":7.0,"enemies":"Slavers","floor":29.0,"turns":3.0},{"damage":18.0,"enemies":"Gremlin Leader","floor":31.0,"turns":3.0},{"damage":0.0,"enemies":"Champ","floor":33.0,"turns":5.0},{"damage":0.0,"enemies":"Orb Walker","floor":35.0,"turns":1.0},{"damage":0.0,"enemies":"3 Shapes","floor":37.0,"turns":2.0},{"damage":0.0,"enemies":"Nemesis","floor":40.0,"turns":3.0},{"damage":3.0,"enemies":"Giant Head","floor":44.0,"turns":4.0},{"damage":0,"enemies":"Transient","floor":45,"turns":5},{"damage":0,"enemies":"Nemesis","floor":48,"turns":5},{"damage":52,"enemies":"Awakened One","floor":50,"turns":5},{"damage":8,"enemies":"Shield and Spear","floor":54,"turns":2},{"damage":103,"enemies":"The Heart","floor":55,"turns":6}],"seed_played":"1387797676848219131","potions_obtained":[{"floor":2.0,"key":"Ancient Potion"},{"floor":3.0,"key":"Swift Potion"},{"floor":8.0,"key":"SteroidPotion"},{"floor":10.0,"key":"GamblersBrew"},{"floor":14.0,"key":"FearPotion"},{"floor":18.0,"key":"FearPotion"},{"floor":20.0,"key":"SteroidPotion"},{"floor":25.0,"key":"Explosive Potion"},{"floor":28.0,"key":"BloodPotion"},{"floor":33.0,"key":"BloodPotion"}],"is_trial":false,"path_per_floor":["M","M","M","$","M","E","R","E","T","E","M","E","?","M","R","B",null,"M","?","M","$","M","R","M","E","T","$","M","E","R","E","R","B",null,"M","$","M","?","$","E","R","?","T","E","M","?","R","E","R","B",null,"R","$","E","B",null],"character_chosen":"IRONCLAD","items_purchased":["Twin Strike","War Paint","Girya","Bludgeon","Spot Weakness"],"campfire_rested":2,"item_purchase_floors":[4,21,21,27,39],"current_hp_per_floor":[67,63,63,63,55,33,57,36,36,22,26,19,19,27,51,39,70,78,78,80,80,61,61,69,60,60,60,56,57,57,49,49,61,75,80,80,80,80,80,80,80,76,76,76,76,76,76,76,76,30,65,65,65,69,18],"gold":53,"neow_bonus":"ONE_RARE_RELIC","is_prod":false,"is_daily":false,"chose_seed":false,"campfire_upgraded":3,"win_rate":0,"timestamp":1562021308,"path_taken":["M","M","M","$","M","E","R","E","T","E","M","E","?","M","R","BOSS","M","?","M","$","?","R","M","E","T","?","M","E","R","E","R","BOSS","M","$","M","?","$","E","R","?","T","E","M","?","R","E","R","BOSS","R","$","E","BOSS"],"build_version":"2019-07-01","purchased_purges":1,"victory":true,"max_hp_per_floor":[80,80,80,80,80,80,80,80,80,80,80,80,80,80,80,80,80,80,80,80,80,80,80,80,80,80,80,80,80,80,80,80,80,80,80,80,80,80,80,80,80,76,76,76,76,76,76,76,76,76,76,76,76,76,76],"card_choices":[{"not_picked":["Searing Blow","Headbutt"],"picked":"Shockwave","floor":1.0},{"not_picked":["Seeing Red","Cleave"],"picked":"Inflame","floor":2.0},{"not_picked":["Cleave","Disarm"],"picked":"Shrug It Off","floor":3.0},{"not_picked":["Hemokinesis","Thunderclap","Cleave"],"picked":"SKIP","floor":5.0},{"not_picked":["Feel No Pain","Combust"],"picked":"Spot Weakness","floor":6.0},{"not_picked":["Shockwave","Juggernaut","Clash"],"picked":"SKIP","floor":8.0},{"not_picked":["Anger","Demon Form"],"picked":"Heavy Blade","floor":10.0},{"not_picked":["Armaments","Burning Pact"],"picked":"Shrug It Off","floor":11.0},{"not_picked":["Rampage","Havoc"],"picked":"Sword Boomerang","floor":12.0},{"not_picked":["Flex","Power Through","Second Wind"],"picked":"SKIP","floor":14.0},{"not_picked":["Offering","Demon Form"],"picked":"Limit Break","floor":16.0},{"not_picked":["Pommel Strike","Perfected Strike"],"picked":"Cleave+1","floor":18.0},{"not_picked":["Searing Blow","Dual Wield"],"picked":"Uppercut","floor":20.0},{"not_picked":["Power Through","True Grit","Reckless Charge"],"picked":"SKIP","floor":22.0},{"not_picked":["Reckless Charge","Anger","Clash"],"picked":"SKIP","floor":24.0},{"not_picked":["Hemokinesis","Headbutt"],"picked":"Cleave","floor":25.0},{"not_picked":["Feel No Pain+1","Havoc"],"picked":"Shrug It Off+1","floor":28.0},{"not_picked":["Shrug It Off","Carnage","Sword Boomerang"],"picked":"SKIP","floor":29.0},{"not_picked":["Sever Soul","Feel No Pain"],"picked":"Corruption","floor":31.0},{"not_picked":["Feed","Offering"],"picked":"Fiend Fire","floor":33.0},{"not_picked":["Clothesline","Headbutt","Searing Blow"],"picked":"SKIP","floor":35.0},{"not_picked":["Searing Blow","Cleave+1"],"picked":"Clothesline+1","floor":37.0},{"not_picked":["Berserk","Rampage"],"picked":"Dark Embrace","floor":40.0},{"not_picked":["Carnage","Twin Strike","Iron Wave"],"picked":"SKIP","floor":44},{"not_picked":["Body Slam","Twin Strike","Havoc"],"picked":"SKIP","floor":45},{"not_picked":["Wild Strike","Seeing Red"],"picked":"Reaper","floor":48},{"not_picked":["Juggernaut","Pommel Strike+1","Fire Breathing"],"picked":"SKIP","floor":54}],"player_experience":253471,"relics_obtained":[{"floor":6.0,"key":"Oddly Smooth Stone"},{"floor":8.0,"key":"Ancient Tea Set"},{"floor":9.0,"key":"Centennial Puzzle"},{"floor":10.0,"key":"Vajra"},{"floor":12.0,"key":"Bag of Preparation"},{"floor":25.0,"key":"Darkstone Periapt"},{"floor":26.0,"key":"Blood Vial"},{"floor":29.0,"key":"Happy Flower"},{"floor":31.0,"key":"Juzu Bracelet"},{"floor":40.0,"key":"Regal Pillow"},{"floor":44,"key":"Bottled Tornado"},{"floor":48,"key":"Bronze Scales"},{"floor":54,"key":"Unceasing Top"}],"event_choices":[{"damage_healed":0.0,"max_hp_gain":0.0,"max_hp_loss":0.0,"gold_gain":0.0,"event_name":"World of Goop","player_choice":"Left Gold","floor":13.0,"gold_loss":32.0,"damage_taken":0.0},{"damage_healed":0.0,"max_hp_gain":0.0,"max_hp_loss":0.0,"gold_gain":200.0,"event_name":"Wheel of Change","player_choice":"Gold","floor":19.0,"gold_loss":0.0,"damage_taken":0.0},{"damage_healed":0.0,"max_hp_gain":0.0,"max_hp_loss":0.0,"gold_gain":0.0,"event_name":"Wheel of Change","player_choice":"Full Heal","floor":38.0,"gold_loss":0.0,"damage_taken":0.0},{"damage_healed":0.0,"max_hp_gain":0.0,"max_hp_loss":4.0,"gold_gain":0.0,"event_name":"Winding Halls","player_choice":"Max HP","floor":42.0,"gold_loss":0.0,"damage_taken":0.0},{"damage_healed":0,"gold_gain":0,"player_choice":"Paid","damage_taken":0,"relics_obtained":["Red Mask"],"max_hp_gain":0,"max_hp_loss":0,"event_name":"Tomb of Lord Red Mask","floor":46,"gold_loss":279}],"is_beta":false,"boss_relics":[{"not_picked":["Lizard Tail","Sozu"],"picked":"Snecko Eye"},{"not_picked":["Calling Bell","Astrolabe"],"picked":"Mark of Pain"}],"items_purged_floors":[4],"is_endless":false,"potions_floor_spawned":[2,3,8,10,14,18,20,25,28,33,35,48,54],"ascension_level":12}