{"gold_per_floor":[119,15,33,45,21,21,32,93,93,93,104,139,89,89,89,213,213,227,227,152,512,533,533,546,565,618,618,642,642,642,657,657,657],"floor_reached":33,"playtime":3514,"items_purged":[],"score":270,"play_id":"c0c4f9a0-bee3-4828-a9a4-57d13ad6cc72","local_time":"20190625005141","is_ascension_mode":true,"campfire_choices":[{"data":"Accuracy","floor":6,"key":"SMITH"},{"data":"Adrenaline","floor":10,"key":"SMITH"},{"floor":15,"key":"REST"},{"floor":23,"key":"REST"},{"floor":27,"key":"REST"},{"floor":29,"key":"REST"},{"floor":32,"key":"REST"}],"neow_cost":"NONE","seed_source_timestamp":243821489832100,"circlet_count":0,"master_deck":["Defend_G+1","Defend_G+1","Defend_G+1","Defend_G+1","Defend_G+1","Strike_G+1","Strike_G+1","Strike_G+1","Survivor","Neutralize","Blur","Accuracy+1","Cloak And Dagger","Infinite Blades","Outmaneuver","Prepared","Adrenaline+1","Endless Agony","Storm of Steel","After Image","RitualDagger","Dash","Endless Agony"],"relics":["Ring of the Snake","Tiny Chest","Whetstone","The Courier","Golden Idol","Lizard Tail","Bag of Marbles"],"potions_floor_usage":[16,16,22,25,33],"damage_taken":[{"damage":4,"enemies":"Cultist","floor":1,"turns":4},{"damage":0,"enemies":"Jaw Worm","floor":3,"turns":6},{"damage":2,"enemies":"2 Louse","floor":4,"turns":4},{"damage":0,"enemies":"Blue Slaver","floor":7,"turns":5},{"damage":16,"enemies":"Lagavulin","floor":8,"turns":9},{"damage":7,"enemies":"3 Louse","floor":11,"turns":3},{"damage":8,"enemies":"Gremlin Nob","floor":12,"turns":4},{"damage":34,"enemies":"Hexaghost","floor":16,"turns":12},{"damage":10,"enemies":"3 Byrds","floor":18,"turns":6},{"damage":1,"enemies":"Shell Parasite","floor":22,"turns":5},{"damage":33,"enemies":"3 Cultists","floor":24,"turns":8},{"damage":30,"enemies":"Sentry and Sphere","floor":25,"turns":9},{"damage":13,"enemies":"Snake Plant","floor":28,"turns":6},{"damage":4,"enemies":"Shelled Parasite and Fungi","floor":31,"turns":7},{"damage":65,"enemies":"Automaton","floor":33,"turns":14}],"seed_played":"5014442522920619750","potions_obtained":[{"floor":3,"key":"SpeedPotion"},{"floor":4,"key":"FearPotion"},{"floor":16,"key":"Poison Potion"},{"floor":24,"key":"SkillPotion"},{"floor":31,"key":"SpeedPotion"}],"is_trial":false,"path_per_floor":["M","$","M","M","$","R","M","E","T","R","M","E","?","?","R","B",null,"M","?","?","?","M","R","M","M","T","R","M","R","?","M","R","B"],"character_chosen":"THE_SILENT","items_purchased":["Accuracy","Cloak And Dagger","Prepared"],"campfire_rested":5,"item_purchase_floors":[2,2,5],"current_hp_per_floor":[73,73,73,71,71,71,71,55,55,55,48,40,40,40,61,27,71,61,55,55,20,19,40,7,19,19,40,27,48,48,44,65,0],"gold":657,"neow_bonus":"TEN_PERCENT_HP_BONUS","is_prod":false,"is_daily":false,"chose_seed":false,"campfire_upgraded":2,"win_rate":0,"timestamp":1561449101,"path_taken":["M","$","M","?","$","R","M","E","T","R","M","E","?","?","R","BOSS","M","?","?","?","M","R","M","M","T","R","?","R","?","M","R","BOSS"],"build_version":"2019-01-23","purchased_purges":0,"victory":false,"max_hp_per_floor":[77,77,77,77,77,77,77,77,77,77,77,77,77,71,71,71,71,71,71,71,71,71,71,71,71,71,71,71,71,71,71,71,71],"card_choices":[{"not_picked":["Flying Knee","Quick Slash"],"picked":"Blur","floor":1},{"not_picked":["Dagger Throw","Choke"],"picked":"Infinite Blades","floor":3},{"not_picked":["Poisoned Stab","Reflex"],"picked":"Outmaneuver","floor":4},{"not_picked":["Sucker Punch","Slice","Die Die Die"],"picked":"SKIP","floor":7},{"not_picked":["Cloak And Dagger","All Out Attack"],"picked":"Adrenaline","floor":8},{"not_picked":["Deadly Poison","Outmaneuver"],"picked":"Endless Agony","floor":11},{"not_picked":["Eviscerate","Underhanded Strike"],"picked":"Storm of Steel","floor":12},{"not_picked":["Die Die Die","Burst"],"picked":"After Image","floor":16},{"not_picked":["Heel Hook","Eviscerate","Outmaneuver"],"picked":"SKIP","floor":18},{"not_picked":["Dagger Throw+1","Poisoned Stab","Bane"],"picked":"SKIP","floor":22},{"not_picked":["Sucker Punch","Backflip"],"picked":"Dash","floor":24},{"not_picked":["Underhanded Strike+1","Dodge and Roll","Predator+1"],"picked":"SKIP","floor":25},{"not_picked":["Sucker Punch+1","Slice","Acrobatics"],"picked":"SKIP","floor":28},{"not_picked":["Backflip","Predator+1"],"picked":"Endless Agony","floor":31}],"player_experience":96408,"relics_obtained":[{"floor":8,"key":"Tiny Chest"},{"floor":9,"key":"Whetstone"},{"floor":12,"key":"The Courier"},{"floor":26,"key":"Bag of Marbles"}],"event_choices":[{"cards_removed":["Strike_G"],"damage_healed":0,"gold_gain":0,"player_choice":"Card Removal","damage_taken":0,"max_hp_gain":0,"max_hp_loss":0,"event_name":"The Cleric","floor":13,"gold_loss":50},{"damage_healed":0,"gold_gain":0,"player_choice":"Lose Max HP","damage_taken":0,"relics_obtained":["Golden Idol"],"max_hp_gain":0,"max_hp_loss":6,"event_name":"Golden Idol","floor":14,"gold_loss":0},{"damage_healed":0,"gold_gain":0,"player_choice":"Joined the Cult","damage_taken":6,"max_hp_gain":0,"max_hp_loss":0,"event_name":"Nest","floor":19,"gold_loss":0,"cards_obtained":["RitualDagger"]},{"cards_removed":["Strike_G"],"damage_healed":0,"gold_gain":0,"player_choice":"Gave Gold","damage_taken":0,"max_hp_gain":0,"max_hp_loss":0,"event_name":"Beggar","floor":20,"gold_loss":75},{"damage_healed":0,"gold_gain":360,"player_choice":"GOLD GOLD GOLD GOLD ","damage_taken":35,"max_hp_gain":0,"max_hp_loss":0,"event_name":"Knowing Skull","floor":21,"potions_obtained":[],"gold_loss":0,"cards_obtained":[]},{"damage_healed":0,"gold_gain":0,"player_choice":"Simplicity","damage_taken":0,"max_hp_gain":0,"max_hp_loss":0,"event_name":"Back to Basics","floor":30,"gold_loss":0,"cards_upgraded":["Defend_G","Defend_G","Defend_G","Defend_G","Defend_G","Strike_G"]}],"is_beta":false,"boss_relics":[{"not_picked":["Busted Crown","Ectoplasm"],"picked":"Lizard Tail"}],"items_purged_floors":[],"is_endless":false,"potions_floor_spawned":[3,4,16,24,31],"killed_by":"Automaton","ascension_level":1}