{"gold_per_floor":[111,5,17,30,43,43,75,75,75,92,121,139,157,157,157,250,250,263,287,307,159,182,182,218,218,218,218,143,143,143,154,154,228,228,246,266,266,266],"floor_reached":38,"playtime":2138,"items_purged":["Strike_B"],"score":736,"play_id":"db17d07d-c85f-4143-9a4c-4191d38f6fbf","local_time":"20190709094540","is_ascension_mode":true,"campfire_choices":[{"data":"Zap","floor":6.0,"key":"SMITH"},{"floor":8.0,"key":"REST"},{"floor":15.0,"key":"REST"},{"floor":23,"key":"REST"},{"floor":27,"key":"REST"},{"data":"Defragment","floor":30,"key":"SMITH"},{"floor":32,"key":"REST"}],"neow_cost":"NONE","seed_source_timestamp":0,"circlet_count":0,"master_deck":["AscendersBane","Defend_B","Defend_B","Defend_B","Defend_B","Zap+1","Dualcast","Sweeping Beam","Leap","Defragment+1","Conserve Battery","Core Surge","Glacier","Chill","Capacitor","Compile Driver","Core Surge","Redo+1","Force Field+1","Doom and Gloom","Loop","Defragment+1","Biased Cognition","Echo Form","Blizzard"],"special_seed":0,"relics":["Cracked Core","Darkstone Periapt","Symbiotic Virus","Bottled Tornado","Bloody Idol","Astrolabe","Omamori","Kunai","Cursed Key"],"potions_floor_usage":[22,38,38],"damage_taken":[{"damage":7.0,"enemies":"Jaw Worm","floor":1.0,"turns":4.0},{"damage":0.0,"enemies":"Small Slimes","floor":3.0,"turns":2.0},{"damage":0.0,"enemies":"2 Louse","floor":4.0,"turns":2.0},{"damage":7.0,"enemies":"2 Fungi Beasts","floor":5.0,"turns":4.0},{"damage":25.0,"enemies":"Gremlin Nob","floor":7.0,"turns":4.0},{"damage":0.0,"enemies":"Exordium Wildlife","floor":10.0,"turns":3.0},{"damage":13.0,"enemies":"3 Sentries","floor":11.0,"turns":8.0},{"damage":20.0,"enemies":"Gremlin Gang","floor":12.0,"turns":5.0},{"damage":10.0,"enemies":"2 Fungi Beasts","floor":13.0,"turns":3.0},{"damage":13.0,"enemies":"Slime Boss","floor":16.0,"turns":13.0},{"damage":17,"enemies":"3 Byrds","floor":18,"turns":4},{"damage":6,"enemies":"Shell Parasite","floor":19,"turns":6},{"damage":0,"enemies":"Centurion and Healer","floor":20,"turns":7},{"damage":21,"enemies":"Snecko","floor":22,"turns":7},{"damage":33,"enemies":"Book of Stabbing","floor":24,"turns":9},{"damage":22,"enemies":"Shelled Parasite and Fungi","floor":31,"turns":5},{"damage":11,"enemies":"Collector","floor":33,"turns":16},{"damage":27,"enemies":"3 Shapes","floor":35,"turns":7},{"damage":11,"enemies":"3 Darklings","floor":36,"turns":6},{"damage":37,"enemies":"Jaw Worm Horde","floor":38,"turns":2}],"seed_played":"6489266367568235573","potions_obtained":[{"floor":3.0,"key":"Explosive Potion"},{"floor":4.0,"key":"FearPotion"},{"floor":11.0,"key":"SmokeBomb"},{"floor":13.0,"key":"FocusPotion"},{"floor":18,"key":"AttackPotion"},{"floor":31,"key":"Explosive Potion"}],"is_trial":false,"path_per_floor":["M","$","M","M","M","R","E","R","T","M","E","M","M","?","R","B",null,"M","M","M","$","M","R","E","?","T","R","?","?","R","M","R","B",null,"M","M","?","M"],"character_chosen":"DEFECT","items_purchased":["Leap","Defragment","Regen Potion"],"campfire_rested":5,"item_purchase_floors":[2,2,21],"current_hp_per_floor":[64,64,64,64,57,57,32,55,55,55,42,22,12,12,33,20,59,42,36,36,36,30,51,18,18,18,39,39,39,39,22,43,37,63,41,35,35,0],"gold":266,"neow_bonus":"TEN_PERCENT_HP_BONUS","is_prod":false,"is_daily":false,"chose_seed":false,"campfire_upgraded":2,"win_rate":0,"timestamp":1562636740,"path_taken":["M","$","M","M","M","R","E","R","T","M","E","M","M","?","R","BOSS","M","M","M","$","M","R","E","?","T","R","?","?","R","M","R","BOSS","M","M","?","M"],"build_version":"2019-07-05","purchased_purges":1,"victory":false,"max_hp_per_floor":[78,78,78,78,78,78,78,78,78,78,78,78,78,72,72,72,72,72,72,72,72,72,72,72,72,72,72,72,72,72,72,72,72,72,72,72,72,72],"card_choices":[{"not_picked":["Hello World","Beam Cell"],"picked":"Sweeping Beam","floor":1.0},{"not_picked":["Turbo","Steam","Go for the Eyes"],"picked":"SKIP","floor":3.0},{"not_picked":["Heatsinks","Scrape"],"picked":"Conserve Battery","floor":4.0},{"not_picked":["Cold Snap","Streamline"],"picked":"Core Surge","floor":5.0},{"not_picked":["Turbo","Redo"],"picked":"Glacier","floor":7.0},{"not_picked":["Redo","Leap"],"picked":"Chill","floor":10.0},{"not_picked":["Redo","Double Energy"],"picked":"Capacitor","floor":11.0},{"not_picked":["Steam","Reprogram"],"picked":"Compile Driver","floor":12.0},{"not_picked":["Steam Power","Stack"],"picked":"White Noise","floor":13.0},{"not_picked":["Amplify","Rainbow"],"picked":"Core Surge","floor":16.0},{"not_picked":["Skim","Rebound"],"picked":"Doom and Gloom","floor":18},{"not_picked":["Coolheaded","Streamline"],"picked":"Loop","floor":19},{"not_picked":["Coolheaded","Recycle","Streamline"],"picked":"SKIP","floor":20},{"not_picked":["Rebound","Hello World"],"picked":"Defragment+1","floor":22},{"not_picked":["Gash","Go for the Eyes"],"picked":"Biased Cognition","floor":24},{"not_picked":["Auto Shields","Storm","Coolheaded"],"picked":"SKIP","floor":31},{"not_picked":["Core Surge","Buffer"],"picked":"Echo Form","floor":33},{"not_picked":["Beam Cell","Lockon","Skim+1"],"picked":"SKIP","floor":35},{"not_picked":["Chill","Recycle"],"picked":"Blizzard","floor":36}],"player_experience":831708,"relics_obtained":[{"floor":7.0,"key":"Darkstone Periapt"},{"floor":9.0,"key":"Symbiotic Virus"},{"floor":11.0,"key":"Bottled Tornado"},{"floor":24,"key":"Omamori"},{"floor":26,"key":"Kunai"}],"event_choices":[{"damage_healed":0.0,"max_hp_gain":0.0,"max_hp_loss":6.0,"gold_gain":0.0,"event_name":"Golden Idol","player_choice":"Lose Max HP","floor":14.0,"gold_loss":0.0,"damage_taken":0.0,"relics_obtained":["Golden Idol"]},{"damage_healed":0,"gold_gain":0,"player_choice":"Ignored","damage_taken":0,"max_hp_gain":0,"max_hp_loss":0,"event_name":"Cursed Tome","floor":25,"gold_loss":0},{"cards_removed":["Steam Power"],"damage_healed":0,"gold_gain":0,"player_choice":"Gave Gold","damage_taken":0,"max_hp_gain":0,"max_hp_loss":0,"event_name":"Beggar","floor":28,"gold_loss":75},{"damage_healed":0,"gold_gain":0,"player_choice":"Gave Idol","damage_taken":0,"relics_obtained":["Bloody Idol"],"max_hp_gain":0,"max_hp_loss":0,"event_name":"Forgotten Altar","floor":29,"relics_lost":["Golden Idol"],"gold_loss":0},{"cards_removed":["White Noise"],"damage_healed":0,"gold_gain":0,"player_choice":"Removed Skill","damage_taken":0,"max_hp_gain":0,"max_hp_loss":0,"event_name":"Falling","floor":37,"gold_loss":0}],"is_beta":false,"boss_relics":[{"not_picked":["Lizard Tail","Tiny House"],"picked":"Astrolabe"},{"not_picked":["Philosopher\u0027s Stone","Nuclear Battery"],"picked":"Cursed Key"}],"items_purged_floors":[21],"is_endless":false,"potions_floor_spawned":[3,4,11,13,18,19,31,36],"killed_by":"Jaw Worm Horde","ascension_level":14}