{"gold_per_floor":[116,41,41,61,11,39,39,51,98,98,98,98,98,111,111,216,216,228,228,228,243,270,283,211,243,243,243,173,173],"floor_reached":29,"playtime":2068,"items_purged":["Strike_B"],"score":239,"play_id":"8edb510a-29e3-4e3c-804d-cb05640a8945","local_time":"20190622002400","is_ascension_mode":false,"campfire_choices":[{"floor":7,"key":"REST"},{"data":"Zap","floor":10,"key":"SMITH"},{"data":"Dualcast","floor":13,"key":"SMITH"},{"data":"Self Repair","floor":15,"key":"SMITH"}],"neow_cost":"NONE","seed_source_timestamp":290511831871900,"circlet_count":0,"master_deck":["Strike_B+1","Defend_B+1","Defend_B+1","Defend_B+1","Defend_B+1","Zap+1","Dualcast+1","Gash","Sweeping Beam","Conserve Battery","Sunder+1","Self Repair+1","Echo Form+1","BootSequence","Go for the Eyes","Turbo","Turbo+1","Skim","Go for the Eyes","Reprogram"],"relics":["Cracked Core","Boot","Bronze Scales","Inserter","Red Mask","Prayer Wheel","Pear"],"potions_floor_usage":[6,16,25,25,29,29],"damage_taken":[{"damage":0,"enemies":"Small Slimes","floor":1,"turns":2},{"damage":0,"enemies":"Jaw Worm","floor":4,"turns":4},{"damage":34,"enemies":"Gremlin Nob","floor":6,"turns":5},{"damage":0,"enemies":"2 Louse","floor":8,"turns":3},{"damage":0,"enemies":"2 Fungi Beasts","floor":14,"turns":2},{"damage":23,"enemies":"Slime Boss","floor":16,"turns":9},{"damage":0,"enemies":"Spheric Guardian","floor":18,"turns":2},{"damage":22,"enemies":"Shell Parasite","floor":21,"turns":5},{"damage":38,"enemies":"Masked Bandits","floor":22,"turns":5},{"damage":13,"enemies":"Cultist and Chosen","floor":23,"turns":7},{"damage":30,"enemies":"Book of Stabbing","floor":25,"turns":6},{"damage":12,"enemies":"3 Cultists","floor":29,"turns":3}],"seed_played":"-7932335805275485976","potions_obtained":[{"floor":0,"key":"SkillPotion"},{"floor":0,"key":"Block Potion"},{"floor":0,"key":"Weak Potion"},{"floor":4,"key":"Swift Potion"},{"floor":16,"key":"SneckoOil"},{"floor":27,"key":"EssenceOfSteel"},{"floor":27,"key":"Weak Potion"},{"floor":27,"key":"LiquidBronze"}],"is_trial":false,"path_per_floor":["M","$","?","M","?","E","R","M","T","R","?","?","R","M","R","B",null,"M","?","?","M","?","M","$","E","T","?","$","M"],"character_chosen":"DEFECT","items_purchased":["Skim","Reprogram"],"campfire_rested":1,"item_purchase_floors":[24,28],"current_hp_per_floor":[75,75,68,68,68,34,56,56,56,56,56,56,56,56,56,43,75,75,75,75,63,35,32,32,2,12,12,12,0],"gold":173,"neow_bonus":"THREE_SMALL_POTIONS","is_prod":false,"is_daily":false,"chose_seed":false,"campfire_upgraded":3,"win_rate":0.0,"timestamp":1561188240,"path_taken":["M","$","?","M","?","E","R","M","T","R","?","?","R","M","R","BOSS","M","?","?","?","?","M","?","E","T","?","$","M"],"build_version":"2019-01-23","purchased_purges":1,"victory":false,"max_hp_per_floor":[75,75,75,75,75,75,75,75,75,75,75,75,75,75,75,75,75,75,75,75,75,75,75,75,75,85,85,85,85],"card_choices":[{"not_picked":["Streamline","Compile Driver"],"picked":"Gash","floor":1},{"not_picked":["Compile Driver","Barrage"],"picked":"Sweeping Beam","floor":4},{"not_picked":["Rebound","Biased Cognition"],"picked":"Conserve Battery","floor":6},{"not_picked":["Coolheaded","Streamline"],"picked":"Sunder","floor":8},{"not_picked":["Barrage","Redo"],"picked":"Self Repair","floor":14},{"not_picked":["Reboot","Rainbow"],"picked":"Echo Form","floor":16},{"not_picked":["Steam","Force Field+1"],"picked":"BootSequence","floor":18},{"not_picked":["Streamline","Beam Cell"],"picked":"Go for the Eyes","floor":21},{"not_picked":["Consume+1","Stack"],"picked":"Turbo","floor":22},{"not_picked":["Sunder","Conserve Battery"],"picked":"Turbo+1","floor":23},{"not_picked":["Leap","Biased Cognition"],"picked":"Go for the Eyes","floor":25}],"player_experience":52244,"relics_obtained":[{"floor":6,"key":"Boot"},{"floor":9,"key":"Bronze Scales"},{"floor":22,"key":"Red Mask"},{"floor":25,"key":"Prayer Wheel"},{"floor":26,"key":"Pear"}],"event_choices":[{"cards_removed":["Strike_B"],"damage_healed":0,"gold_gain":0,"player_choice":"Card Removal","damage_taken":7,"max_hp_gain":0,"max_hp_loss":0,"event_name":"Golden Wing","floor":3,"gold_loss":0},{"cards_removed":["Strike_B"],"damage_healed":0,"gold_gain":0,"player_choice":"Card Removal","damage_taken":0,"max_hp_gain":0,"max_hp_loss":0,"event_name":"The Cleric","floor":5,"gold_loss":50},{"damage_healed":0,"gold_gain":0,"player_choice":"Grow","damage_taken":0,"max_hp_gain":0,"max_hp_loss":0,"event_name":"Living Wall","floor":11,"gold_loss":0,"cards_upgraded":["Sunder"]},{"damage_healed":0,"gold_gain":0,"player_choice":"Ignored","damage_taken":0,"max_hp_gain":0,"max_hp_loss":0,"event_name":"Liars Game","floor":12,"gold_loss":0},{"damage_healed":0,"gold_gain":0,"player_choice":"Simplicity","damage_taken":0,"max_hp_gain":0,"max_hp_loss":0,"event_name":"Back to Basics","floor":19,"gold_loss":0,"cards_upgraded":["Strike_B","Defend_B","Defend_B","Defend_B","Defend_B"]},{"damage_healed":0,"gold_gain":0,"player_choice":"Forge","damage_taken":0,"max_hp_gain":0,"max_hp_loss":0,"event_name":"Accursed Blacksmith","floor":20,"gold_loss":0,"cards_upgraded":["Echo Form"]},{"damage_healed":0,"gold_gain":0,"player_choice":"Fought Bandits","damage_taken":0,"max_hp_gain":0,"max_hp_loss":0,"event_name":"Masked Bandits","floor":22,"gold_loss":0},{"damage_healed":0,"gold_gain":0,"player_choice":"Got Potions","damage_taken":0,"max_hp_gain":0,"max_hp_loss":0,"event_name":"Lab","floor":27,"gold_loss":0}],"is_beta":false,"boss_relics":[{"not_picked":["Fusion Hammer","Calling Bell"],"picked":"Inserter"}],"items_purged_floors":[2],"is_endless":false,"potions_floor_spawned":[1,4,16],"killed_by":"3 Cultists","ascension_level":0}