{"gold_per_floor":[115,390,50,28,48,48,73,107,107,133,208,208,208,219,219,294,294,304,304,320,1,17,50,68,68,68,168,83,95,107,119,131,143],"floor_reached":33,"playtime":1388,"items_purged":["Strike_R"],"score":533,"play_id":"7e237e8e-04af-40c3-b843-98c667eaa797","local_time":"20190707134333","is_ascension_mode":true,"campfire_choices":[{"data":"Heavy Blade","floor":6.0,"key":"SMITH"},{"data":"Bash","floor":13.0,"key":"SMITH"},{"data":"Heavy Blade","floor":15.0,"key":"SMITH"},{"floor":25.0,"key":"REST"},{"floor":30.0,"key":"REST"},{"data":"Seeing Red","floor":32.0,"key":"SMITH"}],"neow_cost":"NONE","seed_source_timestamp":0,"circlet_count":0,"master_deck":["AscendersBane","Strike_R","Strike_R","Defend_R","Defend_R","Defend_R","Defend_R","Bash+1","Heavy Blade+1","Shrug It Off","Clothesline","Disarm","Double Tap","Heavy Blade+1","Impervious","Ghostly Armor","Armaments","Bloodletting","Seeing Red+1","Battle Trance"],"special_seed":0,"relics":["Burning Blood","Juzu Bracelet","Brimstone","WingedGreaves","Happy Flower","Mango","Matryoshka","Empty Cage","Sling","Regal Pillow","Dodecahedron","Bottled Flame","Incense Burner","Singing Bowl","MawBank","Enchiridion"],"potions_floor_usage":[],"damage_taken":[{"damage":3.0,"enemies":"Small Slimes","floor":1.0,"turns":3.0},{"damage":0.0,"enemies":"Cultist","floor":5.0,"turns":2.0},{"damage":45.0,"enemies":"Lagavulin","floor":7.0,"turns":6.0},{"damage":9.0,"enemies":"3 Sentries","floor":8.0,"turns":4.0},{"damage":10.0,"enemies":"Lagavulin","floor":10.0,"turns":4.0},{"damage":0.0,"enemies":"2 Louse","floor":14.0,"turns":3.0},{"damage":34.0,"enemies":"Hexaghost","floor":16.0,"turns":6.0},{"damage":5.0,"enemies":"Spheric Guardian","floor":18.0,"turns":3.0},{"damage":19.0,"enemies":"2 Thieves","floor":20.0,"turns":3.0},{"damage":7.0,"enemies":"Snecko","floor":22.0,"turns":4.0},{"damage":29.0,"enemies":"Gremlin Leader","floor":23.0,"turns":4.0},{"damage":32.0,"enemies":"3 Cultists","floor":24.0,"turns":5.0},{"damage":36.0,"enemies":"Colosseum Slavers","floor":27.0,"turns":4.0},{"damage":15.0,"enemies":"Colosseum Nobs","floor":27.0,"turns":4.0},{"damage":0.0,"enemies":"Book of Stabbing","floor":29.0,"turns":1.0},{"damage":68,"enemies":"Champ","floor":33,"turns":6}],"seed_played":"997043932262806945","potions_obtained":[{"floor":5.0,"key":"SteroidPotion"},{"floor":7.0,"key":"Weak Potion"},{"floor":8.0,"key":"Fire Potion"},{"floor":16.0,"key":"Swift Potion"},{"floor":22.0,"key":"Fire Potion"},{"floor":23.0,"key":"PowerPotion"},{"floor":24.0,"key":"SpeedPotion"},{"floor":27.0,"key":"SmokeBomb"}],"is_trial":false,"path_per_floor":["M","?","$","$","M","R","E","E","T","E","?","?","R","M","R","B",null,"M","?","M","$","M","E","M","R","T","?","?","E","R","?","R","B"],"character_chosen":"IRONCLAD","items_purchased":["Juzu Bracelet","Brimstone","Shrug It Off","Sling","Bloodletting"],"campfire_rested":2,"item_purchase_floors":[3,3,4,21,21],"current_hp_per_floor":[78,78,78,78,82,82,43,40,54,50,39,71,71,77,77,49,84,85,85,72,72,71,48,22,65,65,28,28,34,78,62,62,0],"gold":143,"neow_bonus":"TEN_PERCENT_HP_BONUS","is_prod":false,"is_daily":false,"chose_seed":false,"campfire_upgraded":4,"win_rate":0,"timestamp":1562532213,"path_taken":["M","?","?","$","M","R","E","E","T","E","?","?","R","M","R","BOSS","M","?","M","$","M","E","M","R","T","?","?","E","R","?","R","BOSS"],"build_version":"2019-07-05","purchased_purges":1,"victory":false,"max_hp_per_floor":[82,82,82,82,82,82,82,82,96,96,96,96,96,96,96,96,96,96,96,96,96,96,96,96,96,96,98,98,98,98,98,98,98],"card_choices":[{"not_picked":["Thunderclap","Pommel Strike"],"picked":"Heavy Blade","floor":1.0},{"not_picked":["Pommel Strike","Bloodletting"],"picked":"Clothesline","floor":5.0},{"not_picked":["Uppercut","Entrench","Sever Soul"],"picked":"SKIP","floor":7.0},{"not_picked":["Dropkick","Corruption"],"picked":"Disarm","floor":8.0},{"not_picked":["Disarm","Burning Pact"],"picked":"Double Tap","floor":10.0},{"not_picked":["Iron Wave","Clash"],"picked":"Heavy Blade","floor":14.0},{"not_picked":["Fiend Fire","Juggernaut"],"picked":"Impervious","floor":16.0},{"not_picked":["Heavy Blade","Sentinel"],"picked":"Ghostly Armor","floor":18.0},{"not_picked":["Heavy Blade","Dual Wield"],"picked":"Armaments","floor":20.0},{"not_picked":["Feel No Pain","Headbutt","Ghostly Armor"],"picked":"SKIP","floor":22.0},{"not_picked":["Shrug It Off","Body Slam"],"picked":"Seeing Red","floor":23.0},{"not_picked":["Searing Blow","Clash+1"],"picked":"Battle Trance","floor":24.0},{"not_picked":["Flex","Evolve","Thunderclap+1"],"picked":"Singing Bowl","floor":27.0}],"player_experience":1371977,"relics_obtained":[{"floor":7.0,"key":"WingedGreaves"},{"floor":8.0,"key":"Happy Flower"},{"floor":9.0,"key":"Mango"},{"floor":10.0,"key":"Matryoshka"},{"floor":23.0,"key":"Regal Pillow"},{"floor":26.0,"key":"Dodecahedron"},{"floor":26.0,"key":"Bottled Flame"},{"floor":27.0,"key":"Incense Burner"},{"floor":27.0,"key":"Singing Bowl"},{"floor":31.0,"key":"Enchiridion"}],"event_choices":[{"damage_healed":0.0,"max_hp_gain":0.0,"max_hp_loss":0.0,"gold_gain":275.0,"event_name":"Golden Shrine","player_choice":"Desecrate","floor":2.0,"gold_loss":0.0,"damage_taken":0.0,"cards_obtained":["Regret"]},{"damage_healed":0.0,"max_hp_gain":0.0,"max_hp_loss":0.0,"gold_gain":75.0,"event_name":"World of Goop","player_choice":"Gather Gold","floor":11.0,"gold_loss":0.0,"damage_taken":11.0},{"damage_healed":32.0,"max_hp_gain":0.0,"max_hp_loss":0.0,"gold_gain":0.0,"event_name":"Big Fish","player_choice":"Banana","floor":12.0,"gold_loss":0.0,"damage_taken":0.0},{"cards_removed":["Strike_R"],"damage_healed":0.0,"max_hp_gain":0.0,"max_hp_loss":0.0,"gold_gain":0.0,"event_name":"Back to Basics","player_choice":"Elegance","floor":19.0,"gold_loss":0.0,"damage_taken":0.0},{"damage_healed":0.0,"max_hp_gain":0.0,"max_hp_loss":0.0,"gold_gain":0.0,"event_name":"Colosseum","player_choice":"Fight","floor":27.0,"gold_loss":0.0,"damage_taken":0.0},{"damage_healed":0.0,"max_hp_gain":0.0,"max_hp_loss":0.0,"gold_gain":0.0,"event_name":"Colosseum","player_choice":"Fought Nobs","floor":27.0,"gold_loss":0.0,"damage_taken":0.0},{"damage_healed":0.0,"max_hp_gain":0.0,"max_hp_loss":0.0,"gold_gain":0.0,"event_name":"Addict","player_choice":"Obtained Relic","floor":28.0,"gold_loss":85.0,"damage_taken":0.0,"relics_obtained":["MawBank"]},{"damage_healed":0.0,"max_hp_gain":0.0,"max_hp_loss":0.0,"gold_gain":0.0,"event_name":"Cursed Tome","player_choice":"Obtained Book","floor":31.0,"gold_loss":0.0,"damage_taken":16.0}],"is_beta":false,"boss_relics":[{"not_picked":["Black Star","Runic Dome"],"picked":"Empty Cage"}],"items_purged_floors":[21],"is_endless":false,"potions_floor_spawned":[5,7,8,14,16,22,23,24,27],"killed_by":"Champ","ascension_level":14}