{"gold_per_floor":[111,122,133,150,150,184,184,237,261,273,301,313,340,370,382,468,480,511,448,474,486],"floor_reached":21,"playtime":1467,"items_purged":[],"score":320,"play_id":"31211bdf-edd4-4167-b891-53e50b9263e9","local_time":"20190317164802","is_ascension_mode":true,"campfire_choices":[{"floor":7,"key":"REST"},{"floor":15,"key":"REST"}],"neow_cost":"NONE","seed_source_timestamp":511923394760628,"circlet_count":0,"master_deck":["AscendersBane","Zap","Dualcast","Chaos","Fusion+1","Coolheaded","Rainbow","Steam","Cold Snap","Defragment","Echo Form","Hello World","Sunder","Self Repair","Steam","Beam Cell","Blizzard","Ball Lightning","Streamline"],"relics":["Cracked Core","Smiling Mask","Sundial","Bag of Marbles","MawBank","Pandora\u0027s Box"],"potions_floor_usage":[6,6,11,16,16],"damage_taken":[{"damage":1,"enemies":"Cultist","floor":1,"turns":3},{"damage":12,"enemies":"Jaw Worm","floor":2,"turns":3},{"damage":4,"enemies":"2 Louse","floor":3,"turns":3},{"damage":11,"enemies":"Red Slaver","floor":4,"turns":6},{"damage":33,"enemies":"Gremlin Nob","floor":6,"turns":4},{"damage":5,"enemies":"3 Louse","floor":11,"turns":3},{"damage":5,"enemies":"Blue Slaver","floor":13,"turns":4},{"damage":0,"enemies":"Looter","floor":14,"turns":3},{"damage":19,"enemies":"The Guardian","floor":16,"turns":15},{"damage":23,"enemies":"Chosen","floor":18,"turns":6},{"damage":22,"enemies":"Spheric Guardian","floor":20,"turns":6},{"damage":43,"enemies":"Shelled Parasite and Fungi","floor":21,"turns":3}],"seed_played":"-6386245550070972367","potions_obtained":[{"floor":1,"key":"Strength Potion"},{"floor":4,"key":"Poison Potion"},{"floor":6,"key":"Poison Potion"},{"floor":13,"key":"FocusPotion"},{"floor":14,"key":"Block Potion"},{"floor":20,"key":"SteroidPotion"}],"is_trial":false,"path_per_floor":["M","M","M","M","?","E","R","T","T","$","M","?","M","M","R","B",null,"M","?","M","M"],"character_chosen":"DEFECT","items_purchased":[],"campfire_rested":2,"item_purchase_floors":[],"current_hp_per_floor":[63,51,47,36,36,3,24,24,24,24,19,19,14,14,35,16,57,48,48,40,0],"gold":486,"neow_bonus":"RANDOM_COMMON_RELIC","is_prod":false,"is_daily":false,"chose_seed":false,"campfire_upgraded":0,"win_rate":0,"timestamp":1552841282,"path_taken":["M","M","M","?","?","E","R","?","T","$","M","?","?","M","R","BOSS","M","?","M","M"],"build_version":"2019-01-23","purchased_purges":0,"victory":false,"max_hp_per_floor":[71,71,71,71,71,71,71,71,71,71,71,71,71,71,71,71,71,71,71,71,71],"card_choices":[{"not_picked":["Auto Shields","Conserve Battery"],"picked":"Chaos","floor":1},{"not_picked":["Static Discharge","Consume"],"picked":"Fusion","floor":2},{"not_picked":["Doom and Gloom","Steam"],"picked":"Coolheaded","floor":3},{"not_picked":["Genetic Algorithm","Leap"],"picked":"Rainbow","floor":4},{"not_picked":["Stack","Hello World"],"picked":"Steam","floor":6},{"not_picked":["Sunder","Chaos","Rip and Tear"],"picked":"SKIP","floor":11},{"not_picked":["Rebound","Steam"],"picked":"Cold Snap","floor":13},{"not_picked":["Streamline","Darkness"],"picked":"Defragment","floor":14},{"not_picked":["Buffer","Seek"],"picked":"Echo Form","floor":16},{"not_picked":["Barrage","Gash"],"picked":"Streamline","floor":18},{"not_picked":["Streamline","Consume","Reinforced Body"],"picked":"SKIP","floor":20}],"player_experience":1584372,"relics_obtained":[{"floor":6,"key":"Sundial"},{"floor":8,"key":"Bag of Marbles"},{"floor":9,"key":"MawBank"}],"event_choices":[{"damage_healed":0,"gold_gain":0,"player_choice":"Ignored","damage_taken":0,"max_hp_gain":0,"max_hp_loss":0,"event_name":"Shining Light","floor":5,"gold_loss":0},{"damage_healed":0,"gold_gain":0,"player_choice":"Forge","damage_taken":0,"max_hp_gain":0,"max_hp_loss":0,"event_name":"Accursed Blacksmith","floor":12,"gold_loss":0,"cards_upgraded":["Fusion"]},{"cards_removed":["Aggregate"],"damage_healed":0,"gold_gain":0,"player_choice":"Gave Gold","damage_taken":0,"max_hp_gain":0,"max_hp_loss":0,"event_name":"Beggar","floor":19,"gold_loss":75}],"is_beta":false,"boss_relics":[{"not_picked":["Ectoplasm","Snecko Eye"],"picked":"Pandora\u0027s Box"}],"items_purged_floors":[],"is_endless":false,"potions_floor_spawned":[1,4,6,13,14,20],"killed_by":"Shelled Parasite and Fungi","ascension_level":15}