{"gold_per_floor":[118,36,50,225,1,27,43,57,57,90,90,90,90,106,106,203,203,221,235,252,252],"floor_reached":21,"playtime":2538,"items_purged":[],"score":216,"play_id":"e0ae07ec-d0e7-442e-9742-747cc23aa4ea","local_time":"20190619001315","is_ascension_mode":false,"campfire_choices":[{"floor":11,"key":"REST"},{"floor":13,"key":"REST"},{"floor":15,"key":"REST"}],"neow_cost":"NONE","seed_source_timestamp":30198983285300,"circlet_count":0,"master_deck":["Defend_G","Defend_G","Defend_G","Defend_G","Defend_G","Strike_G","Strike_G","Strike_G","Strike_G","Survivor","Neutralize","Choke","Dagger Throw","Reflex","Escape Plan","Doubt","Tactician","Dagger Throw","Madness","Acrobatics","Reflex","Leg Sweep","Phantasmal Killer","Iron Wave","Terror","Adrenaline","Calculated Gamble","Infinite Blades","PiercingWail"],"relics":["Ring of the Snake","NeowsBlessing","Ginger","Paper Crane","Mercury Hourglass","Runic Dome"],"potions_floor_usage":[16,16],"damage_taken":[{"damage":0,"enemies":"Jaw Worm","floor":1,"turns":1},{"damage":0,"enemies":"2 Louse","floor":3,"turns":1},{"damage":0,"enemies":"Gremlin Nob","floor":6,"turns":1},{"damage":4,"enemies":"Cultist","floor":7,"turns":4},{"damage":19,"enemies":"Lots of Slimes","floor":8,"turns":5},{"damage":45,"enemies":"3 Sentries","floor":10,"turns":14},{"damage":2,"enemies":"Blue Slaver","floor":14,"turns":3},{"damage":64,"enemies":"Hexaghost","floor":16,"turns":15},{"damage":8,"enemies":"Chosen","floor":18,"turns":5},{"damage":7,"enemies":"Shell Parasite","floor":19,"turns":4},{"damage":15,"enemies":"Shelled Parasite and Fungi","floor":20,"turns":7},{"damage":55,"enemies":"Chosen and Byrds","floor":21,"turns":6}],"seed_played":"5104432714636371726","potions_obtained":[{"floor":1,"key":"FairyPotion"},{"floor":6,"key":"AttackPotion"},{"floor":7,"key":"SpeedPotion"},{"floor":16,"key":"GhostInAJar"},{"floor":20,"key":"SkillPotion"}],"is_trial":false,"path_per_floor":["?","?","M"],"character_chosen":"THE_SILENT","items_purchased":["Dagger Throw","Reflex","Tactician","Dagger Throw","Madness"],"campfire_rested":3,"item_purchase_floors":[2,2,5,5,5],"current_hp_per_floor":[70,70,70,70,70,70,66,47,47,2,23,23,44,42,63,7,70,62,55,40,0],"gold":252,"neow_bonus":"THREE_ENEMY_KILL","is_prod":false,"is_daily":false,"chose_seed":false,"campfire_upgraded":0,"win_rate":0.0,"timestamp":1560928395,"path_taken":["M","$","M","?","$","E","M","M","T","E","R","?","R","M","R","BOSS","M","?","M","M"],"build_version":"2019-01-23","purchased_purges":0,"victory":false,"max_hp_per_floor":[70,70,70,70,70,70,70,70,70,70,70,70,70,70,70,70,70,70,70,70,70],"card_choices":[{"not_picked":["Slice","Bouncing Flask"],"picked":"Choke","floor":1},{"not_picked":["Caltrops","Sucker Punch"],"picked":"Escape Plan","floor":3},{"not_picked":["Sucker Punch","Escape Plan"],"picked":"Acrobatics","floor":6},{"not_picked":["Backflip","Flying Knee"],"picked":"Reflex","floor":7},{"not_picked":["Deflect","Blur"],"picked":"Leg Sweep","floor":8},{"not_picked":["Deadly Poison","Tactician"],"picked":"Phantasmal Killer","floor":10},{"not_picked":["Acrobatics","Crippling Poison"],"picked":"Terror","floor":14},{"not_picked":["Malaise","Envenom"],"picked":"Adrenaline","floor":16},{"not_picked":["Deadly Poison+1","Crippling Poison+1"],"picked":"Calculated Gamble","floor":18},{"not_picked":["Choke+1","PiercingWail"],"picked":"Infinite Blades","floor":19},{"not_picked":["Footwork","Deflect+1"],"picked":"PiercingWail","floor":20}],"player_experience":4131,"relics_obtained":[{"floor":6,"key":"Ginger"},{"floor":9,"key":"Paper Crane"},{"floor":10,"key":"Mercury Hourglass"}],"event_choices":[{"damage_healed":0,"gold_gain":175,"player_choice":"AGREE","damage_taken":0,"max_hp_gain":0,"max_hp_loss":0,"event_name":"Liars Game","floor":4,"gold_loss":0,"cards_obtained":["Doubt"]},{"cards_removed":["Strike_G"],"damage_healed":0,"gold_gain":0,"player_choice":"Took Card","damage_taken":0,"max_hp_gain":0,"max_hp_loss":0,"event_name":"NoteForYourself","floor":12,"gold_loss":0,"cards_obtained":["Iron Wave"]}],"is_beta":false,"boss_relics":[{"not_picked":["Sozu","Velvet Choker"],"picked":"Runic Dome"}],"items_purged_floors":[],"is_endless":false,"potions_floor_spawned":[1,6,7,10,16,20],"killed_by":"Chosen and Byrds","ascension_level":0}