{"gold_per_floor":[119,119,119,130,60,60,79,79,79,112,112],"floor_reached":11,"playtime":495,"items_purged":[],"score":124,"play_id":"2332e2e0-22fe-4fee-8347-b133ecfcb786","local_time":"20190310205040","is_ascension_mode":true,"campfire_choices":[{"data":"Defragment","floor":6,"key":"SMITH"},{"data":"Zap","floor":8,"key":"SMITH"}],"neow_cost":"NONE","seed_source_timestamp":1388302313822463,"circlet_count":0,"master_deck":["AscendersBane","Strike_B","Strike_B","Strike_B","Strike_B","Defend_B","Defend_B","Defend_B","Defend_B","Zap+1","Dualcast","Streamline","Creative AI","Leap","Gash","Go for the Eyes","Gash","Defragment+1","Reinforced Body"],"relics":["Orrery","Mummified Hand","Dodecahedron","The Courier"],"potions_floor_usage":[10],"damage_taken":[{"damage":7,"enemies":"Jaw Worm","floor":1,"turns":4},{"damage":8,"enemies":"Small Slimes","floor":4,"turns":4},{"damage":6,"enemies":"2 Louse","floor":7,"turns":2},{"damage":31,"enemies":"3 Sentries","floor":10,"turns":8},{"damage":9,"enemies":"Red Slaver","floor":11,"turns":3}],"seed_played":"7319396598755774818","potions_obtained":[{"floor":7,"key":"Explosive Potion"}],"is_trial":false,"path_per_floor":["M","?","T","M","$","R","M","R","T","E","M"],"character_chosen":"DEFECT","items_purchased":["Defragment"],"campfire_rested":0,"item_purchase_floors":[5],"current_hp_per_floor":[57,52,52,44,44,44,38,38,38,7,0],"gold":112,"neow_bonus":"BOSS_RELIC","is_prod":false,"is_daily":false,"chose_seed":false,"campfire_upgraded":2,"win_rate":0,"timestamp":1552251040,"path_taken":["M","?","?","M","$","R","M","R","T","E","M"],"build_version":"2019-01-23","purchased_purges":0,"victory":false,"max_hp_per_floor":[71,71,71,71,71,71,71,71,71,71,71],"card_choices":[{"not_picked":["Turbo","Beam Cell"],"picked":"Streamline","floor":0},{"not_picked":["Stack","Streamline"],"picked":"Creative AI","floor":0},{"not_picked":["Barrage","Conserve Battery"],"picked":"Leap","floor":0},{"not_picked":["Recycle","Beam Cell"],"picked":"Gash","floor":0},{"not_picked":["Doom and Gloom","Self Repair"],"picked":"Go for the Eyes","floor":0},{"not_picked":["Barrage","Leap"],"picked":"Gash","floor":1},{"not_picked":["Hologram","Reprogram","Stack"],"picked":"SKIP","floor":4},{"not_picked":["Go for the Eyes","Barrage"],"picked":"Reinforced Body","floor":7},{"not_picked":["Sweeping Beam","Turbo","Go for the Eyes"],"picked":"SKIP","floor":10}],"player_experience":1548288,"relics_obtained":[{"floor":3,"key":"Mummified Hand"},{"floor":9,"key":"Dodecahedron"},{"floor":10,"key":"The Courier"}],"event_choices":[{"damage_healed":0,"gold_gain":0,"player_choice":"Fled","damage_taken":5,"max_hp_gain":0,"max_hp_loss":0,"event_name":"Scrap Ooze","floor":2,"gold_loss":0}],"is_beta":false,"boss_relics":[],"items_purged_floors":[],"is_endless":false,"potions_floor_spawned":[7],"killed_by":"Red Slaver","ascension_level":15}