{"gold_per_floor":[109,10,21,32,49,79,79,44,44,44,74,93,125,125,125,125],"floor_reached":16,"playtime":1154,"items_purged":["Normality"],"score":138,"play_id":"f350d5b4-a3ce-4e1a-b3e4-f7737b8b37c4","local_time":"20190707110658","is_ascension_mode":true,"campfire_choices":[{"floor":7,"key":"REST"},{"floor":10,"key":"REST"},{"floor":15,"key":"REST"}],"neow_cost":"CURSE","seed_source_timestamp":1897796281956200,"circlet_count":0,"master_deck":["Strike_G","Strike_G","Strike_G","Strike_G","Defend_G","Defend_G","Defend_G","Defend_G","Defend_G","Survivor","Neutralize","Tools of the Trade","Calculated Gamble","Underhanded Strike","Escape Plan","PiercingWail","Reflex","Prepared","Terror","Dagger Throw"],"relics":["Ring of the Snake","Darkstone Periapt","Paper Crane","Juzu Bracelet"],"potions_floor_usage":[3,12,16],"damage_taken":[{"damage":7,"enemies":"Small Slimes","floor":1,"turns":5},{"damage":0,"enemies":"Jaw Worm","floor":3,"turns":3},{"damage":0,"enemies":"2 Louse","floor":4,"turns":2},{"damage":15,"enemies":"Exordium Wildlife","floor":5,"turns":7},{"damage":46,"enemies":"Gremlin Nob","floor":6,"turns":6},{"damage":3,"enemies":"Looter","floor":12,"turns":2},{"damage":28,"enemies":"Lagavulin","floor":13,"turns":8},{"damage":67,"enemies":"Slime Boss","floor":16,"turns":13}],"seed_played":"3774662506407364843","potions_obtained":[{"floor":1,"key":"AttackPotion"},{"floor":3,"key":"Ancient Potion"},{"floor":4,"key":"FairyPotion"},{"floor":6,"key":"FearPotion"}],"is_trial":false,"path_per_floor":["M","$","M","M","M","E","R","?","T","R","?","M","E","?","R","B"],"character_chosen":"THE_SILENT","items_purchased":["Underhanded Strike"],"campfire_rested":3,"item_purchase_floors":[2],"current_hp_per_floor":[63,63,63,63,48,2,23,40,40,61,61,58,30,30,51,0],"gold":125,"neow_bonus":"THREE_RARE_CARDS","is_prod":false,"is_daily":false,"chose_seed":false,"campfire_upgraded":0,"win_rate":0,"timestamp":1562522818,"path_taken":["M","$","M","M","M","E","R","?","T","R","?","M","E","?","R","BOSS"],"build_version":"2019-07-05","purchased_purges":1,"victory":false,"max_hp_per_floor":[70,70,70,70,70,70,70,70,70,70,70,70,70,70,70,70],"card_choices":[{"not_picked":["Adrenaline","Die Die Die"],"picked":"Tools of the Trade","floor":0},{"not_picked":["Backflip","Outmaneuver"],"picked":"Calculated Gamble","floor":1},{"not_picked":["Bane","Sucker Punch"],"picked":"Escape Plan","floor":3},{"not_picked":["Choke","Heel Hook"],"picked":"PiercingWail","floor":4},{"not_picked":["Blade Dance","Underhanded Strike"],"picked":"Reflex","floor":5},{"not_picked":["Deflect","Acrobatics"],"picked":"Prepared","floor":6},{"not_picked":["Malaise","Dodge and Roll"],"picked":"Terror","floor":12},{"not_picked":["Setup","Dodge and Roll"],"picked":"Dagger Throw","floor":13}],"player_experience":625229,"relics_obtained":[{"floor":6,"key":"Darkstone Periapt"},{"floor":9,"key":"Paper Crane"},{"floor":13,"key":"Juzu Bracelet"}],"event_choices":[{"damage_healed":17,"gold_gain":0,"player_choice":"Healed","damage_taken":0,"max_hp_gain":0,"max_hp_loss":0,"event_name":"The Cleric","floor":8,"gold_loss":35},{"damage_healed":0,"gold_gain":30,"player_choice":"Searched \u00271\u0027 times","damage_taken":0,"max_hp_gain":0,"max_hp_loss":0,"event_name":"Dead Adventurer","floor":11,"gold_loss":0},{"cards_removed":["Strike_G"],"damage_healed":0,"gold_gain":0,"player_choice":"Forget","damage_taken":0,"max_hp_gain":0,"max_hp_loss":0,"event_name":"Living Wall","floor":14,"gold_loss":0}],"is_beta":false,"boss_relics":[],"items_purged_floors":[2],"is_endless":false,"potions_floor_spawned":[1,3,4,6],"killed_by":"Slime Boss","ascension_level":5}