{"gold_per_floor":[113,124,124,136,155,155,175,175,244,273,273,29,29,47,47,120,170,188,22,38,88,88],"floor_reached":22,"playtime":1365,"items_purged":["Strike_B"],"score":351,"play_id":"d8a84110-3ac4-4a59-b4e0-2a4a21a7ace0","local_time":"20190318193219","is_ascension_mode":true,"campfire_choices":[{"floor":6,"key":"REST"},{"floor":8,"key":"REST"},{"floor":11,"key":"REST"},{"floor":15,"key":"REST"}],"neow_cost":"PERCENT_DAMAGE","seed_source_timestamp":608290205944484,"circlet_count":0,"master_deck":["AscendersBane","Strike_B","Strike_B","Strike_B+1","Defend_B","Defend_B","Defend_B","Defend_B","Zap","Dualcast","Coolheaded","Hologram","Capacitor","Gash","Consume","Capacitor","Redo","BootSequence","Machine Learning","White Noise","Cold Snap","Panacea","Loop","Gash"],"relics":["Cracked Core","Darkstone Periapt","Calipers","Tiny House"],"potions_floor_usage":[10,10,18,18],"damage_taken":[{"damage":0,"enemies":"Cultist","floor":1,"turns":4},{"damage":10,"enemies":"Small Slimes","floor":2,"turns":4},{"damage":1,"enemies":"2 Louse","floor":4,"turns":2},{"damage":39,"enemies":"Exordium Wildlife","floor":5,"turns":7},{"damage":5,"enemies":"Looter","floor":7,"turns":3},{"damage":27,"enemies":"Lagavulin","floor":10,"turns":9},{"damage":39,"enemies":"Lots of Slimes","floor":14,"turns":4},{"damage":34,"enemies":"The Guardian","floor":16,"turns":11},{"damage":18,"enemies":"Spheric Guardian","floor":18,"turns":8},{"damage":50,"enemies":"3 Byrds","floor":20,"turns":6},{"damage":18,"enemies":"Snecko","floor":22,"turns":2}],"seed_played":"6314181414717748151","potions_obtained":[{"floor":2,"key":"LiquidBronze"},{"floor":5,"key":"EssenceOfSteel"},{"floor":10,"key":"GamblersBrew"},{"floor":14,"key":"Swift Potion"}],"is_trial":false,"path_per_floor":["M","M","$","M","M","R","M","R","T","E","R","$","?","M","R","B",null,"M","$","M","?","M"],"character_chosen":"DEFECT","items_purchased":["Capacitor","Redo","BootSequence","Panacea","Loop"],"campfire_rested":4,"item_purchase_floors":[12,12,12,19,19],"current_hp_per_floor":[60,50,50,49,10,35,30,55,55,28,53,53,53,14,39,5,70,52,52,2,2,0],"gold":88,"neow_bonus":"TWENTY_PERCENT_HP_BONUS","is_prod":false,"is_daily":false,"chose_seed":false,"campfire_upgraded":0,"win_rate":0,"timestamp":1552937539,"path_taken":["M","?","$","M","M","R","M","R","T","E","R","$","?","M","R","BOSS","M","$","M","?","M"],"build_version":"2019-01-23","purchased_purges":1,"victory":false,"max_hp_per_floor":[85,85,85,85,85,85,85,85,85,85,85,85,85,85,85,85,90,90,90,90,90,90],"card_choices":[{"not_picked":["Go for the Eyes","FTL"],"picked":"Coolheaded","floor":1},{"not_picked":["Conserve Battery","Go for the Eyes"],"picked":"Hologram","floor":2},{"not_picked":["Leap","Ball Lightning"],"picked":"Capacitor","floor":4},{"not_picked":["Barrage","Machine Learning"],"picked":"Gash","floor":5},{"not_picked":["Undo","Beam Cell","Conserve Battery"],"picked":"SKIP","floor":7},{"not_picked":["Undo","White Noise"],"picked":"Consume","floor":10},{"not_picked":["Sweeping Beam","Leap","Static Discharge"],"picked":"SKIP","floor":14},{"not_picked":["Hyperbeam","Meteor Strike"],"picked":"Machine Learning","floor":16},{"not_picked":["Blizzard","Scrape"],"picked":"White Noise","floor":17},{"not_picked":["Double Energy","Ball Lightning"],"picked":"Cold Snap","floor":18},{"not_picked":["Barrage","Sweeping Beam"],"picked":"Gash","floor":20}],"player_experience":1591997,"relics_obtained":[{"floor":9,"key":"Darkstone Periapt"},{"floor":10,"key":"Calipers"}],"event_choices":[{"damage_healed":0,"gold_gain":0,"player_choice":"Fled","damage_taken":0,"max_hp_gain":0,"max_hp_loss":0,"event_name":"Scrap Ooze","floor":13,"gold_loss":0},{"damage_healed":0,"gold_gain":50,"player_choice":"Stole From Cult","damage_taken":0,"max_hp_gain":0,"max_hp_loss":0,"event_name":"Nest","floor":21,"gold_loss":0}],"is_beta":false,"boss_relics":[{"not_picked":["Philosopher\u0027s Stone","Runic Dome"],"picked":"Tiny House"}],"items_purged_floors":[12],"is_endless":false,"potions_floor_spawned":[2,5,10,14],"killed_by":"Snecko","ascension_level":15}