{"gold_per_floor":[114,129,106,121,121,121,159,68,118,156,175,175,213,232,232,357,357,376,376,395,414,11,11,49,49,49,49,87,137,187,218,230,367,379,410,441,491,27,27,65,65,84,84,122,141,160,179,198,198,198],"floor_reached":51,"playtime":2924,"items_purged":[],"score":1190,"play_id":"80d5a2f5-c72a-459e-8eae-dacd682c8c70","local_time":"20190707162246","daily_mods":["Heirloom","Blue Cards","DeadlyEvents"],"is_ascension_mode":false,"campfire_choices":[{"data":"1","floor":6,"key":"LIFT"},{"data":"2","floor":15,"key":"LIFT"},{"data":"3","floor":23,"key":"LIFT"},{"data":"Storm of Steel","floor":27,"key":"SMITH"},{"data":"Seek","floor":32,"key":"SMITH"},{"data":"Seek","floor":41,"key":"SMITH"},{"floor":49,"key":"REST"}],"neow_cost":"","seed_source_timestamp":0,"circlet_count":0,"master_deck":["Survivor","Neutralize","Sucker Punch","Cold Snap","Injury","Compile Driver","Swift Strike","Rebound","Sunder","Glacier","Storm of Steel+1","Flying Knee","Buffer","Setup","Heatsinks","Adrenaline","Aggregate","Sweeping Beam","Loop","Malaise","FTL","Reinforced Body","Cloak And Dagger+1","Shame","PiercingWail","PiercingWail","Accuracy","Dramatic Entrance","Finisher","Seek+1","Electrodynamics","Acrobatics","Seek+1","Acrobatics","Quick Slash+1","Quick Slash+1","Chrysalis","Slice","Beam Cell+1","Sweeping Beam+1","Skim+1","Well Laid Plans+1","Underhanded Strike","Parasite","Predator","Tempest","Acrobatics+1"],"special_seed":18084,"relics":["Ring of the Snake","Girya","Golden Idol","Dodecahedron","Potion Belt","Tough Bandages","Pantograph","Pandora\u0027s Box","Paper Crane","Red Mask","Ornamental Fan","Calipers","Sundial","MawBank","Vajra","Bronze Scales","WristBlade","Dream Catcher","Bottled Tornado","Lantern","Gremlin Horn","Singing Bowl"],"potions_floor_usage":[7,13,16,33,39,40,40,40,50,50,50,50],"damage_taken":[{"damage":0,"enemies":"Small Slimes","floor":1,"turns":3},{"damage":1,"enemies":"Cultist","floor":2,"turns":4},{"damage":0,"enemies":"2 Louse","floor":4,"turns":3},{"damage":4,"enemies":"Gremlin Nob","floor":7,"turns":5},{"damage":24,"enemies":"3 Sentries","floor":10,"turns":9},{"damage":4,"enemies":"2 Fungi Beasts","floor":11,"turns":3},{"damage":22,"enemies":"Lagavulin","floor":13,"turns":6},{"damage":0,"enemies":"Blue Slaver","floor":14,"turns":3},{"damage":22,"enemies":"The Guardian","floor":16,"turns":12},{"damage":0,"enemies":"Spheric Guardian","floor":18,"turns":3},{"damage":0,"enemies":"Chosen","floor":20,"turns":4},{"damage":0,"enemies":"Masked Bandits","floor":21,"turns":4},{"damage":0,"enemies":"Gremlin Leader","floor":24,"turns":8},{"damage":0,"enemies":"Slavers","floor":28,"turns":4},{"damage":0,"enemies":"Book of Stabbing","floor":29,"turns":5},{"damage":0,"enemies":"Slavers","floor":30,"turns":3},{"damage":0,"enemies":"Sentry and Sphere","floor":31,"turns":3},{"damage":0,"enemies":"Automaton","floor":33,"turns":7},{"damage":0,"enemies":"Orb Walker","floor":35,"turns":1},{"damage":0,"enemies":"3 Shapes","floor":36,"turns":3},{"damage":0,"enemies":"Nemesis","floor":37,"turns":5},{"damage":0,"enemies":"Giant Head","floor":39,"turns":7},{"damage":0,"enemies":"Nemesis","floor":40,"turns":3},{"damage":0,"enemies":"3 Darklings","floor":42,"turns":2},{"damage":0,"enemies":"Reptomancer","floor":44,"turns":3},{"damage":0,"enemies":"4 Shapes","floor":45,"turns":1},{"damage":14,"enemies":"Spire Growth","floor":46,"turns":3},{"damage":0,"enemies":"Writhing Mass","floor":47,"turns":4},{"damage":0,"enemies":"3 Darklings","floor":48,"turns":1},{"damage":0,"enemies":"Donu and Deca","floor":50,"turns":7}],"seed_played":"-6942843224144824641","potions_obtained":[{"floor":2,"key":"EssenceOfSteel"},{"floor":11,"key":"Regen Potion"},{"floor":13,"key":"Weak Potion"},{"floor":18,"key":"SkillPotion"},{"floor":28,"key":"GamblersBrew"},{"floor":29,"key":"Dexterity Potion"},{"floor":31,"key":"SmokeBomb"},{"floor":33,"key":"Block Potion"},{"floor":36,"key":"Poison Potion"},{"floor":42,"key":"Dexterity Potion"},{"floor":44,"key":"Energy Potion"},{"floor":46,"key":"SteroidPotion"},{"floor":48,"key":"Energy Potion"}],"is_trial":false,"path_per_floor":["M","M","?","M","?","R","E","$","T","E","M","?","E","M","R","B",null,"M","?","M","?","$","R","E","?","T","R","E","E","E","M","R","B",null,"M","M","E","$","E","E","R","M","T","E","M","M","M","M","R","B",null],"character_chosen":"THE_SILENT","items_purchased":["Swift Strike","Ornamental Fan","Accuracy","Dramatic Entrance","Bottled Tornado","Chrysalis","Slice"],"campfire_rested":1,"item_purchase_floors":[8,22,22,22,38,38,38],"current_hp_per_floor":[70,69,69,69,69,69,65,65,65,41,37,37,29,29,29,32,70,70,70,70,70,70,70,70,70,70,70,70,70,70,70,70,70,70,70,70,70,70,70,70,70,70,70,70,70,56,56,56,70,70],"gold":198,"neow_bonus":"","is_prod":false,"is_daily":true,"chose_seed":false,"campfire_upgraded":3,"win_rate":0,"timestamp":1562512966,"path_taken":["M","M","?","M","?","R","E","$","T","E","M","?","?","M","R","BOSS","M","?","M","?","$","R","E","?","T","R","E","?","?","M","R","BOSS","M","?","?","?","?","E","R","M","T","E","M","M","?","M","R","BOSS"],"build_version":"2019-07-05","purchased_purges":0,"victory":true,"max_hp_per_floor":[70,70,70,70,70,70,70,70,70,70,70,70,70,70,70,70,70,70,70,70,70,70,70,70,70,70,70,70,70,70,70,70,70,70,70,70,70,70,70,70,70,70,70,70,70,70,70,70,70,70],"card_choices":[{"not_picked":["Poisoned Stab","Steam"],"picked":"Sucker Punch","floor":1},{"not_picked":["Redo","Reinforced Body","Bouncing Flask"],"picked":"SKIP","floor":2},{"not_picked":["Quick Slash","Prepared"],"picked":"Cold Snap","floor":4},{"not_picked":["Streamline","Sunder"],"picked":"Compile Driver","floor":7},{"not_picked":["Coolheaded","Reflex"],"picked":"Rebound","floor":10},{"not_picked":["Stack","Tempest"],"picked":"Sunder","floor":11},{"not_picked":["Defragment","Turbo"],"picked":"Storm of Steel","floor":13},{"not_picked":["Outmaneuver","Stack"],"picked":"Flying Knee","floor":14},{"not_picked":["Envenom","Fission"],"picked":"Buffer","floor":16},{"not_picked":["Terror","Barrage"],"picked":"Cloak And Dagger+1","floor":18},{"not_picked":["Crippling Poison","Eviscerate+1"],"picked":"PiercingWail","floor":20},{"not_picked":["Choke","Expertise"],"picked":"PiercingWail","floor":21},{"not_picked":["Heatsinks","Darkness","BootSequence"],"picked":"SKIP","floor":24},{"not_picked":["Stack","Hello World"],"picked":"Finisher","floor":28},{"not_picked":["Compile Driver","Turbo"],"picked":"Seek","floor":29},{"not_picked":["Dodge and Roll","Sunder"],"picked":"Electrodynamics","floor":30},{"not_picked":["Auto Shields+1","Barrage"],"picked":"Acrobatics","floor":31},{"not_picked":["Venomology","Amplify"],"picked":"Seek","floor":33},{"not_picked":["Go for the Eyes+1","Recycle+1"],"picked":"Acrobatics","floor":35},{"not_picked":["Chaos+1","Cloak And Dagger"],"picked":"Quick Slash+1","floor":36},{"not_picked":["Self Repair+1","Compile Driver"],"picked":"Quick Slash+1","floor":37},{"not_picked":["Backflip","Deflect"],"picked":"Beam Cell+1","floor":40},{"not_picked":["Corpse Explosion","Reinforced Body"],"picked":"Sweeping Beam+1","floor":42},{"not_picked":["PiercingWail","Finisher+1"],"picked":"Skim+1","floor":44},{"not_picked":["Static Discharge","Bane+1"],"picked":"Well Laid Plans+1","floor":45},{"not_picked":["Gash+1","Cloak And Dagger"],"picked":"Underhanded Strike","floor":46},{"not_picked":["Grand Finale","Cold Snap"],"picked":"Predator","floor":47},{"not_picked":["Bane","Leap"],"picked":"Tempest","floor":48},{"not_picked":["Dagger Spray","Endless Agony+1"],"picked":"Acrobatics+1","floor":49}],"player_experience":371543,"relics_obtained":[{"floor":7,"key":"Dodecahedron"},{"floor":9,"key":"Potion Belt"},{"floor":10,"key":"Tough Bandages"},{"floor":13,"key":"Pantograph"},{"floor":21,"key":"Red Mask"},{"floor":24,"key":"Calipers"},{"floor":26,"key":"Sundial"},{"floor":28,"key":"MawBank"},{"floor":29,"key":"Vajra"},{"floor":30,"key":"Bronze Scales"},{"floor":37,"key":"Dream Catcher"},{"floor":40,"key":"Lantern"},{"floor":43,"key":"Gremlin Horn"},{"floor":44,"key":"Singing Bowl"}],"event_choices":[{"damage_healed":0,"gold_gain":0,"player_choice":"Left Gold","damage_taken":0,"max_hp_gain":0,"max_hp_loss":0,"event_name":"World of Goop","floor":3,"gold_loss":23},{"damage_healed":0,"gold_gain":0,"player_choice":"Take Wound","damage_taken":0,"relics_obtained":["Golden Idol"],"max_hp_gain":0,"max_hp_loss":0,"event_name":"Golden Idol","floor":5,"gold_loss":0,"cards_obtained":["Injury"]},{"damage_healed":0,"gold_gain":0,"cards_transformed":["Strike_G"],"player_choice":"Transformed","damage_taken":0,"max_hp_gain":0,"max_hp_loss":0,"event_name":"Transmorgrifier","floor":12,"gold_loss":0,"cards_obtained":["Glacier"]},{"damage_healed":0,"gold_gain":0,"player_choice":"Stole Relic","damage_taken":0,"relics_obtained":["Paper Crane"],"max_hp_gain":0,"max_hp_loss":0,"event_name":"Addict","floor":19,"gold_loss":0,"cards_obtained":["Shame"]},{"damage_healed":0,"gold_gain":0,"player_choice":"Fought Bandits","damage_taken":0,"max_hp_gain":0,"max_hp_loss":0,"event_name":"Masked Bandits","floor":21,"gold_loss":0},{"damage_healed":0,"gold_gain":0,"player_choice":"Ignored","damage_taken":0,"max_hp_gain":0,"max_hp_loss":0,"event_name":"Ghosts","floor":25,"gold_loss":0}],"is_beta":false,"boss_relics":[{"not_picked":["Coffee Dripper","Empty Cage"],"picked":"Pandora\u0027s Box"},{"not_picked":["Tiny House","Eternal Feather"],"picked":"WristBlade"}],"items_purged_floors":[],"is_endless":false,"potions_floor_spawned":[2,11,13,18,28,29,31,33,36,42,44,46,48],"ascension_level":0}