{"gold_per_floor":[113,38,52,70,70,70,100,100,154,154,180,193,228,239,239,335,335,353,368,368,45,55,84,97,97,124,124,124,158,168,186,186,289,289,303,318,318,92,0,0,15,40,40,68,82,182,194,224,224,224],"floor_reached":51,"playtime":4092,"items_purged":["Strike_B","Sadistic Nature"],"score":805,"play_id":"54cd9796-ab19-4a66-88e2-217d706d617f","local_time":"20190422153139","is_ascension_mode":true,"campfire_choices":[{"data":"Defragment","floor":6,"key":"SMITH"},{"floor":8,"key":"REST"},{"data":"Streamline","floor":15,"key":"SMITH"},{"floor":25,"key":"REST"},{"data":"Creative AI","floor":27,"key":"SMITH"},{"floor":32,"key":"REST"},{"data":"Apotheosis","floor":40,"key":"SMITH"},{"floor":49,"key":"REST"}],"neow_cost":"NONE","seed_source_timestamp":0,"circlet_count":0,"master_deck":["Strike_B","Strike_B","Strike_B","Defend_B","Defend_B","Defend_B","Defend_B","Zap","Dualcast","Defragment+1","Reinforced Body","Beam Cell","Cold Snap","Conserve Battery","Loop","Electrodynamics","Streamline+1","Creative AI+1","Cold Snap+1","Fusion","Seek","Reprogram+1","Amplify","Glacier","Apotheosis+1","Defragment+1"],"special_seed":0,"relics":["Cracked Core","Happy Flower","Smiling Mask","Matryoshka","Pen Nib","Orichalcum","Calipers","Du-Vu Doll","Inserter","Potion Belt","Art of War","DataDisk","MutagenicStrength","Boot","Sozu","Red Mask","Ancient Tea Set","Dead Branch","Gremlin Horn","Peace Pipe","Juzu Bracelet"],"potions_floor_usage":[11,18,18,23,23,23,23,30,30,44],"damage_taken":[{"damage":1,"enemies":"Cultist","floor":1,"turns":3},{"damage":0,"enemies":"2 Louse","floor":3,"turns":3},{"damage":6,"enemies":"Jaw Worm","floor":4,"turns":4},{"damage":39,"enemies":"3 Sentries","floor":7,"turns":8},{"damage":8,"enemies":"Gremlin Nob","floor":11,"turns":4},{"damage":0,"enemies":"Exordium Wildlife","floor":12,"turns":3},{"damage":3,"enemies":"3 Sentries","floor":13,"turns":8},{"damage":0,"enemies":"Blue Slaver","floor":14,"turns":3},{"damage":18,"enemies":"Hexaghost","floor":16,"turns":10},{"damage":0,"enemies":"Spheric Guardian","floor":18,"turns":3},{"damage":12,"enemies":"Shell Parasite","floor":19,"turns":6},{"damage":2,"enemies":"Cultist and Chosen","floor":22,"turns":4},{"damage":17,"enemies":"Slavers","floor":23,"turns":4},{"damage":10,"enemies":"3 Cultists","floor":24,"turns":4},{"damage":25,"enemies":"Book of Stabbing","floor":29,"turns":6},{"damage":5,"enemies":"Centurion and Healer","floor":30,"turns":5},{"damage":10,"enemies":"Shelled Parasite and Fungi","floor":31,"turns":5},{"damage":33,"enemies":"Automaton","floor":33,"turns":13},{"damage":1,"enemies":"3 Shapes","floor":35,"turns":3},{"damage":7,"enemies":"Orb Walker","floor":36,"turns":3},{"damage":4,"enemies":"Writhing Mass","floor":41,"turns":6},{"damage":12,"enemies":"Nemesis","floor":44,"turns":7},{"damage":0,"enemies":"Maw","floor":45,"turns":9},{"damage":0,"enemies":"Mind Bloom Boss Battle","floor":46,"turns":7},{"damage":1,"enemies":"Jaw Worm Horde","floor":47,"turns":2},{"damage":0,"enemies":"Giant Head","floor":48,"turns":7},{"damage":8,"enemies":"Donu and Deca","floor":50,"turns":8}],"seed_played":"-6995620384428955692","potions_obtained":[{"floor":4,"key":"SteroidPotion"},{"floor":11,"key":"Fire Potion"},{"floor":12,"key":"FearPotion"},{"floor":13,"key":"Swift Potion"},{"floor":18,"key":"EntropicBrew"},{"floor":24,"key":"EssenceOfSteel"},{"floor":29,"key":"EssenceOfSteel"},{"floor":33,"key":"Block Potion"}],"is_trial":false,"path_per_floor":["M","$","M","M","?","R","E","R","T","?","E","M","E","M","R","B",null,"M","M","?","$","M","E","M","R","T","R","?","E","M","M","R","B",null,"M","M","?","$","?","R","M","T","T","E","M","?","M","E","R","B",null],"character_chosen":"DEFECT","items_purchased":["Seek","Sadistic Nature","Apotheosis"],"campfire_rested":4,"item_purchase_floors":[21,21,38],"current_hp_per_floor":[74,74,74,68,50,50,11,33,33,58,50,50,47,47,47,29,75,75,63,63,63,61,44,34,56,56,56,56,31,26,16,38,5,75,74,67,67,67,67,67,63,63,63,51,51,51,50,50,71,63],"gold":224,"neow_bonus":"RANDOM_COMMON_RELIC","is_prod":false,"is_daily":false,"chose_seed":false,"campfire_upgraded":4,"win_rate":0,"timestamp":1555943499,"path_taken":["M","$","M","?","?","R","E","R","T","?","E","?","E","M","R","BOSS","M","M","?","$","M","E","M","R","T","R","?","E","M","M","R","BOSS","M","M","?","$","?","R","M","?","T","E","M","?","M","E","R","BOSS"],"build_version":"2019-01-23","purchased_purges":2,"victory":true,"max_hp_per_floor":[75,75,75,75,75,75,75,75,75,75,75,75,75,75,75,75,75,75,75,75,75,75,75,75,75,75,75,75,75,75,75,75,75,75,75,75,71,71,71,71,71,71,71,71,71,71,71,71,71,71],"card_choices":[{"not_picked":["Go for the Eyes","Streamline"],"picked":"Defragment","floor":1},{"not_picked":["Compile Driver","Skim"],"picked":"Reinforced Body","floor":3},{"not_picked":["Steam","Redo"],"picked":"Beam Cell","floor":4},{"not_picked":["Amplify","Genetic Algorithm"],"picked":"Cold Snap","floor":7},{"not_picked":["Steam","Sweeping Beam"],"picked":"Conserve Battery","floor":11},{"not_picked":["Steam","Beam Cell"],"picked":"Loop","floor":12},{"not_picked":["Barrage","Hologram"],"picked":"Electrodynamics","floor":13},{"not_picked":["Hologram","Conserve Battery"],"picked":"Streamline","floor":14},{"not_picked":["Meteor Strike","All For One"],"picked":"Creative AI","floor":16},{"not_picked":["Beam Cell","Conserve Battery","Barrage+1"],"picked":"SKIP","floor":18},{"not_picked":["Loop","Capacitor"],"picked":"Cold Snap+1","floor":19},{"not_picked":["Heatsinks+1","White Noise"],"picked":"Reprogram+1","floor":22},{"not_picked":["Ball Lightning","Streamline","Hologram"],"picked":"SKIP","floor":23},{"not_picked":["Turbo+1","Leap+1","Conserve Battery"],"picked":"SKIP","floor":24},{"not_picked":["Thunder Strike","Barrage+1","Coolheaded"],"picked":"SKIP","floor":29},{"not_picked":["Steam+1","Conserve Battery","Aggregate+1"],"picked":"SKIP","floor":30},{"not_picked":["Ball Lightning","Heatsinks","Steam Power"],"picked":"SKIP","floor":31},{"not_picked":["Seek","Buffer"],"picked":"Amplify","floor":33},{"not_picked":["Coolheaded+1","Darkness+1","Barrage"],"picked":"SKIP","floor":35},{"not_picked":["Rebound","Stack+1"],"picked":"Glacier","floor":36},{"not_picked":["Steam","Leap","Reinforced Body+1"],"picked":"SKIP","floor":41},{"not_picked":["Rebound+1","Glacier+1","Conserve Battery"],"picked":"SKIP","floor":44},{"not_picked":["Blizzard","Streamline","Rebound+1"],"picked":"SKIP","floor":45},{"not_picked":["Reinforced Body+1","Gash+1"],"picked":"Defragment+1","floor":47},{"not_picked":["Stack+1","Loop","Sweeping Beam+1"],"picked":"SKIP","floor":48}],"player_experience":1815105,"relics_obtained":[{"floor":7,"key":"Matryoshka"},{"floor":9,"key":"Pen Nib"},{"floor":9,"key":"Orichalcum"},{"floor":11,"key":"Calipers"},{"floor":13,"key":"Du-Vu Doll"},{"floor":23,"key":"Potion Belt"},{"floor":26,"key":"Art of War"},{"floor":26,"key":"DataDisk"},{"floor":29,"key":"Boot"},{"floor":42,"key":"Ancient Tea Set"},{"floor":43,"key":"Dead Branch"},{"floor":44,"key":"Gremlin Horn"},{"floor":46,"key":"Peace Pipe"},{"floor":48,"key":"Juzu Bracelet"}],"event_choices":[{"damage_healed":0,"gold_gain":0,"player_choice":"Success","damage_taken":18,"relics_obtained":["Smiling Mask"],"max_hp_gain":0,"max_hp_loss":0,"event_name":"Scrap Ooze","floor":5,"gold_loss":0},{"damage_healed":25,"gold_gain":0,"player_choice":"Banana","damage_taken":0,"max_hp_gain":0,"max_hp_loss":0,"event_name":"Big Fish","floor":10,"gold_loss":0},{"damage_healed":0,"gold_gain":0,"player_choice":"Read","damage_taken":0,"max_hp_gain":0,"max_hp_loss":0,"event_name":"The Library","floor":20,"gold_loss":0,"cards_obtained":["Fusion"]},{"damage_healed":0,"gold_gain":0,"player_choice":"Inject Mutagens","damage_taken":0,"relics_obtained":["MutagenicStrength"],"max_hp_gain":0,"max_hp_loss":0,"event_name":"Drug Dealer","floor":28,"gold_loss":0},{"damage_healed":0,"gold_gain":0,"player_choice":"Max HP","damage_taken":0,"max_hp_gain":0,"max_hp_loss":4,"event_name":"Winding Halls","floor":37,"gold_loss":0},{"damage_healed":0,"gold_gain":0,"player_choice":"Paid","damage_taken":0,"relics_obtained":["Red Mask"],"max_hp_gain":0,"max_hp_loss":0,"event_name":"Tomb of Lord Red Mask","floor":39,"gold_loss":92},{"damage_healed":0,"gold_gain":0,"player_choice":"Fight","damage_taken":0,"max_hp_gain":0,"max_hp_loss":0,"event_name":"MindBloom","floor":46,"gold_loss":0}],"is_beta":false,"boss_relics":[{"not_picked":["Empty Cage","Snecko Eye"],"picked":"Inserter"},{"not_picked":["Fusion Hammer","Philosopher\u0027s Stone"],"picked":"Sozu"}],"items_purged_floors":[2,38],"is_endless":false,"potions_floor_spawned":[4,11,12,13,18,24,29,33,44,47],"ascension_level":1}