{"gold_per_floor":[111,186,186,43,57,57,72,86,110,129,154,179,191,203],"floor_reached":14,"playtime":381,"items_purged":[],"score":138,"play_id":"18f21cb2-1a60-4f32-b081-c47e87b7905f","local_time":"20190509231632","is_ascension_mode":true,"campfire_choices":[{"data":"Neutralize","floor":6,"key":"SMITH"}],"neow_cost":"NONE","seed_source_timestamp":530848476305500,"circlet_count":0,"master_deck":["AscendersBane","Defend_G","Defend_G","Defend_G","Defend_G","Defend_G","Strike_G","Strike_G","Strike_G","Strike_G","Strike_G","Survivor","Neutralize+1","Poisoned Stab+1","Acrobatics","Deadly Poison","Bane"],"relics":["Ring of the Snake","Snake Skull","Ancient Tea Set","MawBank","Ornamental Fan"],"potions_floor_usage":[11,11],"damage_taken":[{"damage":0,"enemies":"Jaw Worm","floor":1,"turns":5},{"damage":0,"enemies":"Cultist","floor":5,"turns":3},{"damage":9,"enemies":"Small Slimes","floor":7,"turns":4},{"damage":1,"enemies":"Exordium Thugs","floor":8,"turns":5},{"damage":12,"enemies":"2 Fungi Beasts","floor":10,"turns":3},{"damage":41,"enemies":"Gremlin Nob","floor":11,"turns":5},{"damage":5,"enemies":"Red Slaver","floor":12,"turns":2},{"damage":7,"enemies":"3 Sentries","floor":14,"turns":3}],"seed_played":"8789802834985682754","potions_obtained":[{"floor":5,"key":"EssenceOfSteel"},{"floor":10,"key":"Regen Potion"}],"is_trial":false,"path_per_floor":["M","?","?","$","M","R","M","M","T","M","E","M","T","E"],"character_chosen":"THE_SILENT","items_purchased":["Snake Skull"],"campfire_rested":0,"item_purchase_floors":[4],"current_hp_per_floor":[70,59,59,59,59,59,50,49,49,37,10,5,5,0],"gold":203,"neow_bonus":"TEN_PERCENT_HP_BONUS","is_prod":false,"is_daily":false,"chose_seed":false,"campfire_upgraded":1,"win_rate":0,"timestamp":1557468992,"path_taken":["M","?","?","$","?","R","M","M","T","M","E","M","?","E"],"build_version":"2019-01-23","purchased_purges":0,"victory":false,"max_hp_per_floor":[77,77,77,77,77,77,77,77,77,77,77,77,77,77],"card_choices":[{"not_picked":["Bane","Endless Agony"],"picked":"Poisoned Stab","floor":1},{"not_picked":["Quick Slash","Underhanded Strike","Predator"],"picked":"SKIP","floor":5},{"not_picked":["Caltrops","Cloak And Dagger"],"picked":"Acrobatics","floor":7},{"not_picked":["Choke","Dodge and Roll"],"picked":"Deadly Poison","floor":8},{"not_picked":["Finisher","Setup","Infinite Blades"],"picked":"SKIP","floor":10},{"not_picked":["Quick Slash","Flechettes"],"picked":"Bane","floor":11},{"not_picked":["Underhanded Strike","Tactician","Acrobatics"],"picked":"SKIP","floor":12}],"player_experience":1338474,"relics_obtained":[{"floor":9,"key":"Ancient Tea Set"},{"floor":11,"key":"MawBank"},{"floor":13,"key":"Ornamental Fan"}],"event_choices":[{"damage_healed":0,"gold_gain":75,"player_choice":"Gather Gold","damage_taken":11,"max_hp_gain":0,"max_hp_loss":0,"event_name":"World of Goop","floor":2,"gold_loss":0},{"damage_healed":0,"gold_gain":0,"player_choice":"Forge","damage_taken":0,"max_hp_gain":0,"max_hp_loss":0,"event_name":"Accursed Blacksmith","floor":3,"gold_loss":0,"cards_upgraded":["Poisoned Stab"]}],"is_beta":false,"boss_relics":[],"items_purged_floors":[],"is_endless":false,"potions_floor_spawned":[5,10],"killed_by":"3 Sentries","ascension_level":10}