{"gold_per_floor":[113,126,126,144,156,81,98,113,140,158,7,35,45,63,63,168,168,183,183,201,217,142,176,193,228,276,82,82,102,102,102,102,205,205,221,221,221,221,268,268,291,302,302,302,315,109,121,150,150,255,255,268,290,148,207,227,260,260,279,351,364,364,390,407,423,423,521,521,521,521,81,81,81,81,81,81,81,81,81,81,81,81],"floor_reached":82,"playtime":4269,"items_purged":["Strike_B","Strike_B"],"score":1626,"play_id":"ad8b1114-6bf7-4515-9a82-d3eeb00e841e","local_time":"20190324152704","is_ascension_mode":false,"campfire_choices":[{"data":"Zap","floor":15,"key":"SMITH"},{"floor":28,"key":"REST"},{"data":"Violence","floor":30,"key":"SMITH"},{"floor":32,"key":"REST"},{"floor":40,"key":"REST"},{"floor":44,"key":"REST"},{"data":"Dualcast","floor":49,"key":"SMITH"},{"data":"Tempest","floor":62,"key":"SMITH"},{"floor":66,"key":"REST"},{"data":"Defragment","floor":74,"key":"SMITH"}],"neow_cost":"","seed_source_timestamp":0,"circlet_count":0,"master_deck":["Defend_B","Defend_B+1","Defend_B+1","Zap+1","Dualcast+1","Ball Lightning+1","Tempest+1","Gash","Gash","FTL","Gash","Beam Cell+1","Go for the Eyes","Cold Snap","All For One","Beam Cell+1","Gash","Scrape+1","Violence+1","All For One","Rebound+1","Consume+1","Fission+1","Seek+1","FTL","FTL","Redo+1","Fission+1","Defragment+1","Genetic Algorithm+1","Machine Learning"],"special_seed":0,"relics":["FrozenCore","PreservedInsect","Turnip","War Paint","Bronze Scales","Omamori","Inserter","Nunchaku","Lantern","Toxic Egg 2","Lee\u0027s Waffle","Whetstone","Sozu","Odd Mushroom","Shuriken","Ectoplasm","Letter Opener","Kunai","Sling","Bag of Preparation"],"potions_floor_usage":[12,16,20,23,33,50,77],"damage_taken":[{"damage":0.0,"enemies":"Cultist","floor":1.0,"turns":2.0},{"damage":2.0,"enemies":"Small Slimes","floor":2.0,"turns":3.0},{"damage":6,"enemies":"Jaw Worm","floor":4,"turns":2},{"damage":6,"enemies":"3 Louse","floor":5,"turns":2},{"damage":13,"enemies":"Exordium Wildlife","floor":7,"turns":3},{"damage":1,"enemies":"Large Slime","floor":8,"turns":3},{"damage":0,"enemies":"2 Fungi Beasts","floor":10,"turns":2},{"damage":0,"enemies":"3 Sentries","floor":12,"turns":4},{"damage":2,"enemies":"Looter","floor":13,"turns":2},{"damage":6,"enemies":"Exordium Thugs","floor":14,"turns":3},{"damage":0,"enemies":"Slime Boss","floor":16,"turns":5},{"damage":5,"enemies":"Shell Parasite","floor":18,"turns":6},{"damage":7,"enemies":"2 Thieves","floor":20,"turns":5},{"damage":5,"enemies":"Snake Plant","floor":21,"turns":3},{"damage":27,"enemies":"Slavers","floor":23,"turns":4},{"damage":0,"enemies":"3 Cultists","floor":24,"turns":5},{"damage":8,"enemies":"Gremlin Leader","floor":25,"turns":3},{"damage":0,"enemies":"Chosen and Byrds","floor":29,"turns":3},{"damage":7,"enemies":"Automaton","floor":33,"turns":6},{"damage":9,"enemies":"3 Darklings","floor":35,"turns":2},{"damage":59,"enemies":"2 Orb Walkers","floor":39,"turns":5},{"damage":5,"enemies":"3 Shapes","floor":42,"turns":4},{"damage":0,"enemies":"Transient","floor":45,"turns":5},{"damage":0,"enemies":"Sphere and 2 Shapes","floor":47,"turns":2},{"damage":0,"enemies":"Giant Head","floor":48,"turns":3},{"damage":43,"enemies":"Time Eater","floor":50,"turns":8},{"damage":12,"enemies":"2 Louse","floor":52,"turns":2},{"damage":14,"enemies":"The Mushroom Lair","floor":53,"turns":2},{"damage":0,"enemies":"Jaw Worm","floor":56,"turns":1},{"damage":0,"enemies":"3 Sentries","floor":57,"turns":2},{"damage":0,"enemies":"Cultist","floor":59,"turns":2},{"damage":0,"enemies":"Blue Slaver","floor":61,"turns":1},{"damage":0,"enemies":"Lagavulin","floor":63,"turns":3},{"damage":3,"enemies":"2 Fungi Beasts","floor":64,"turns":2},{"damage":10,"enemies":"Lots of Slimes","floor":65,"turns":2},{"damage":52,"enemies":"Hexaghost","floor":67,"turns":3},{"damage":2,"enemies":"Chosen","floor":69,"turns":3},{"damage":0,"enemies":"3 Byrds","floor":72,"turns":2},{"damage":21,"enemies":"Slavers","floor":75,"turns":3},{"damage":0,"enemies":"Book of Stabbing","floor":77,"turns":2},{"damage":0,"enemies":"Shelled Parasite and Fungi","floor":78,"turns":1},{"damage":13,"enemies":"Colosseum Slavers","floor":79,"turns":2},{"damage":6,"enemies":"Snecko","floor":80,"turns":3},{"damage":16,"enemies":"Gremlin Leader","floor":81,"turns":2},{"damage":30,"enemies":"Snake Plant","floor":82,"turns":2}],"seed_played":"-2403043134994358243","potions_obtained":[{"floor":2,"key":"Poison Potion"},{"floor":5,"key":"Weak Potion"},{"floor":7,"key":"GamblersBrew"},{"floor":8,"key":"Block Potion"},{"floor":12,"key":"Swift Potion"},{"floor":14,"key":"FocusPotion"},{"floor":23,"key":"GamblersBrew"},{"floor":24,"key":"Strength Potion"},{"floor":29,"key":"Block Potion"},{"floor":42,"key":"PowerPotion"}],"is_trial":true,"path_per_floor":["M","M","?","M","M","$","M","M","T","M","$","E","M","M","R","B",null,"M","?","M","M","?","E","M","E","T","$","R","M","R","$","R","B",null,"M","?","?","$","?","R","T","M","T","R","M","$","M","E","R","B",null,"M","?","$","?","M","E","?","M","T","M","R","E","M","M","R","B",null,"M","?","$","M","?","R","E","?","E","M","?","M","E","M"],"character_chosen":"DEFECT","items_purchased":["Go for the Eyes","Violence","Lee\u0027s Waffle","Seek+1","Kunai","Sling"],"campfire_rested":5,"item_purchase_floors":[11,27,46,54,71,71],"current_hp_per_floor":[75,73,73,67,61,61,48,47,47,47,47,47,45,39,39,39,75,70,70,63,58,58,31,31,23,23,23,45,45,45,45,67,60,75,66,66,75,75,16,38,38,33,33,55,55,82,82,82,82,39,82,70,56,56,56,56,56,56,56,56,56,56,56,53,43,67,15,82,80,80,80,80,80,80,59,59,59,59,46,40,24,0],"gold":81,"neow_bonus":"","is_prod":false,"is_daily":false,"chose_seed":false,"campfire_upgraded":5,"win_rate":0,"timestamp":1553441224,"path_taken":["M","?","?","M","M","$","M","M","T","?","$","E","M","M","R","BOSS","M","?","M","M","?","E","M","E","T","?","R","?","R","$","R","BOSS","M","?","?","$","?","R","?","M","T","R","M","?","M","E","R","BOSS","M","?","$","?","M","E","?","?","T","M","R","E","M","M","R","BOSS","M","?","$","M","?","R","E","?","E","M","?","M","E","M"],"build_version":"2019-01-23","purchased_purges":2,"victory":false,"max_hp_per_floor":[75,75,75,75,75,75,75,75,75,75,75,75,75,75,75,75,75,75,75,75,75,75,75,75,75,75,75,75,75,75,75,75,75,75,75,75,75,75,75,75,75,75,75,75,75,82,82,82,82,82,82,82,82,82,82,82,82,82,82,82,82,82,82,82,82,82,82,82,82,82,82,82,82,82,82,82,82,82,82,82,82,82],"card_choices":[{"not_picked":["Steam Power","Sweeping Beam"],"picked":"Ball Lightning","floor":1.0},{"not_picked":["Capacitor","Rebound"],"picked":"Tempest","floor":2},{"not_picked":["Darkness","Double Energy"],"picked":"Gash","floor":4},{"not_picked":["Darkness","Ball Lightning"],"picked":"Gash","floor":5},{"not_picked":["Cold Snap","Barrage"],"picked":"FTL","floor":7},{"not_picked":["Steam Power","Biased Cognition"],"picked":"Gash","floor":8},{"not_picked":["Conserve Battery","Turbo"],"picked":"Beam Cell","floor":10},{"not_picked":["Undo","Auto Shields"],"picked":"Cold Snap","floor":12},{"not_picked":["Stack","Go for the Eyes","Self Repair"],"picked":"SKIP","floor":13},{"not_picked":["Leap","Turbo","Cold Snap"],"picked":"SKIP","floor":14},{"not_picked":["Echo Form","Thunder Strike"],"picked":"All For One","floor":16},{"not_picked":["Steam","Storm+1"],"picked":"Beam Cell+1","floor":18},{"not_picked":["Ball Lightning","Chill"],"picked":"Gash","floor":20},{"not_picked":["Steam Power+1","Aggregate+1","Hologram"],"picked":"SKIP","floor":21},{"not_picked":["Sweeping Beam","Redo"],"picked":"Skim+1","floor":23},{"not_picked":["Rebound","Darkness","Beam Cell"],"picked":"SKIP","floor":24},{"not_picked":["Tempest","Multi-Cast"],"picked":"Scrape+1","floor":25},{"not_picked":["Turbo","Redo","Sweeping Beam"],"picked":"SKIP","floor":29},{"not_picked":["Meteor Strike","Biased Cognition"],"picked":"All For One","floor":33},{"not_picked":["Barrage+1","Conserve Battery","Beam Cell+1"],"picked":"SKIP","floor":35},{"not_picked":["Storm+1","Stack","Go for the Eyes"],"picked":"SKIP","floor":42},{"not_picked":["Ball Lightning+1","Barrage"],"picked":"Rebound+1","floor":45},{"not_picked":["Rip and Tear+1","Turbo+1"],"picked":"Consume+1","floor":47},{"not_picked":["Reprogram+1","Rebound","Stack+1"],"picked":"SKIP","floor":48},{"not_picked":["Echo Form","Meteor Strike"],"picked":"Fission+1","floor":50},{"not_picked":["Stack+1","Loop","Cold Snap"],"picked":"SKIP","floor":52},{"not_picked":["Stack+1","Leap+1","Lockon"],"picked":"SKIP","floor":56},{"not_picked":["Streamline","Glacier+1"],"picked":"FTL","floor":57},{"not_picked":["Biased Cognition","Ball Lightning","Scrape"],"picked":"SKIP","floor":59},{"not_picked":["Force Field+1","Streamline","Leap+1"],"picked":"SKIP","floor":61},{"not_picked":["Blizzard","Go for the Eyes","Leap+1"],"picked":"SKIP","floor":63},{"not_picked":["Streamline","Leap+1","Skim+1"],"picked":"SKIP","floor":64},{"not_picked":["Hologram+1","Stack+1"],"picked":"Redo+1","floor":65},{"not_picked":["Biased Cognition","Reboot+1"],"picked":"Fission+1","floor":67},{"not_picked":["Recycle+1","Coolheaded+1"],"picked":"Defragment","floor":69},{"not_picked":["Beam Cell","Reinforced Body+1","Fusion+1"],"picked":"SKIP","floor":72},{"not_picked":["Beam Cell","Coolheaded+1"],"picked":"Genetic Algorithm+1","floor":75},{"not_picked":["Reinforced Body+1","Undo+1","Sunder"],"picked":"SKIP","floor":77},{"not_picked":["Self Repair","Glacier+1","Redo+1"],"picked":"SKIP","floor":78},{"not_picked":["Turbo+1","Hologram+1","Barrage"],"picked":"SKIP","floor":80},{"not_picked":["White Noise+1","Darkness+1"],"picked":"Machine Learning","floor":81}],"player_experience":1618603,"relics_obtained":[{"floor":9,"key":"PreservedInsect"},{"floor":12,"key":"Turnip"},{"floor":23,"key":"War Paint"},{"floor":25,"key":"Bronze Scales"},{"floor":26,"key":"Omamori"},{"floor":39,"key":"Nunchaku"},{"floor":41,"key":"Lantern"},{"floor":43,"key":"Toxic Egg 2"},{"floor":48,"key":"Whetstone"},{"floor":53,"key":"Odd Mushroom"},{"floor":60,"key":"Shuriken"}],"event_choices":[{"cards_removed":["Strike_B"],"damage_healed":0,"gold_gain":0,"player_choice":"Offered Basic","damage_taken":0,"max_hp_gain":0,"max_hp_loss":0,"event_name":"Bonfire Elementals","floor":3,"gold_loss":0},{"damage_healed":0,"gold_gain":0,"player_choice":"Ignored","damage_taken":0,"max_hp_gain":0,"max_hp_loss":0,"event_name":"Vampires","floor":19,"gold_loss":0},{"cards_removed":["Strike_B"],"damage_healed":0,"gold_gain":0,"player_choice":"Gave Gold","damage_taken":0,"max_hp_gain":0,"max_hp_loss":0,"event_name":"Beggar","floor":22,"gold_loss":75},{"cards_removed":["Skim"],"damage_healed":0,"gold_gain":0,"player_choice":"Removed Skill","damage_taken":0,"max_hp_gain":0,"max_hp_loss":0,"event_name":"Falling","floor":36,"gold_loss":0},{"damage_healed":19,"gold_gain":0,"player_choice":"Writhe","damage_taken":0,"max_hp_gain":0,"max_hp_loss":0,"event_name":"Winding Halls","floor":37,"gold_loss":0,"cards_obtained":["Writhe"]},{"damage_healed":0,"gold_gain":0,"player_choice":"Fight","damage_taken":0,"max_hp_gain":0,"max_hp_loss":0,"event_name":"Mysterious Sphere","floor":39,"gold_loss":0},{"damage_healed":0,"gold_gain":0,"player_choice":"Fought Mushrooms","damage_taken":0,"max_hp_gain":0,"max_hp_loss":0,"event_name":"Mushrooms","floor":53,"gold_loss":0},{"damage_healed":0,"gold_gain":59,"player_choice":"Gained Gold","damage_taken":0,"max_hp_gain":0,"max_hp_loss":0,"event_name":"Golden Wing","floor":55,"gold_loss":0},{"damage_healed":0,"gold_gain":0,"cards_transformed":["Defend_B"],"player_choice":"Transformed","damage_taken":0,"max_hp_gain":0,"max_hp_loss":0,"event_name":"Transmorgrifier","floor":58,"gold_loss":0,"cards_obtained":["FTL"]},{"damage_healed":0,"gold_gain":0,"player_choice":"Opened","damage_taken":0,"relics_obtained":["Letter Opener"],"max_hp_gain":0,"max_hp_loss":0,"event_name":"The Mausoleum","floor":70,"gold_loss":0},{"damage_healed":0,"gold_gain":0,"player_choice":"Ignored","damage_taken":0,"max_hp_gain":0,"max_hp_loss":0,"event_name":"Vampires","floor":73,"gold_loss":0},{"damage_healed":0,"gold_gain":0,"player_choice":"Stole Relic","damage_taken":0,"relics_obtained":["Bag of Preparation"],"max_hp_gain":0,"max_hp_loss":0,"event_name":"Addict","floor":76,"gold_loss":0,"cards_obtained":["Shame"]},{"damage_healed":0,"gold_gain":0,"player_choice":"Fight","damage_taken":0,"max_hp_gain":0,"max_hp_loss":0,"event_name":"Colosseum","floor":79,"gold_loss":0},{"damage_healed":0,"gold_gain":0,"player_choice":"Fled From Nobs","damage_taken":0,"max_hp_gain":0,"max_hp_loss":0,"event_name":"Colosseum","floor":79,"gold_loss":0}],"is_beta":false,"boss_relics":[{"not_picked":["Ectoplasm","Runic Dome"],"picked":"FrozenCore"},{"not_picked":["White Beast Statue","Philosopher\u0027s Stone"],"picked":"Inserter"},{"not_picked":["Pandora\u0027s Box","Velvet Choker"],"picked":"Sozu"},{"not_picked":["Fusion Hammer","Pandora\u0027s Box"],"picked":"Ectoplasm"}],"items_purged_floors":[6,11],"is_endless":true,"potions_floor_spawned":[2,5,7,8,12,14,23,24,29,42,45,48,53,63,64,65,67,72,77,78,80],"killed_by":"Snake Plant","ascension_level":0}