{"gold_per_floor":[110,1,11,25,25,25,39,39,39,226,238,280,302,57,57,162,162,174,174,13,28,44,44,56,125,125,125,125,125,137,152,152,250,250,266,266,280,50,60,60,74,74,101,101,101,120,137,12,12,12],"floor_reached":50,"playtime":3386,"items_purged":["Parasite","Doubt","Setup"],"score":555,"play_id":"e20e6229-a7d8-4fe7-84bc-f4f7e0e13515","local_time":"20190707121855","is_ascension_mode":true,"campfire_choices":[{"data":"Noxious Fumes","floor":6,"key":"SMITH"},{"floor":8,"key":"REST"},{"floor":15,"key":"REST"},{"floor":23,"key":"REST"},{"floor":27,"key":"REST"},{"floor":29,"key":"RECALL"},{"floor":32,"key":"REST"},{"floor":40,"key":"REST"},{"floor":42,"key":"REST"},{"floor":44,"key":"REST"},{"floor":49,"key":"REST"}],"neow_cost":"CURSE","seed_source_timestamp":1899882718314200,"circlet_count":0,"master_deck":["Survivor","Neutralize","Dodge and Roll+1","Noxious Fumes+1","Deflect","Poisoned Stab","Crippling Poison","Prepared","Tools of the Trade+1","Bullet Time","Eviscerate","Dagger Spray","Dagger Spray","Noxious Fumes+1","Terror","Venomology","Bane","Dodge and Roll","Bandage Up","Poisoned Stab","Noxious Fumes+1","Envenom+1","Crippling Poison+1","Dodge and Roll","Envenom+1","Flechettes","Backflip","Backstab","Cloak And Dagger+1","Calculated Gamble+1"],"relics":["Ring of the Snake","Gambling Chip","Mercury Hourglass","MawBank","Frozen Egg 2","Ice Cream","Oddly Smooth Stone","Pandora\u0027s Box","Pantograph","Fusion Hammer","OrangePellets","Centennial Puzzle"],"potions_floor_usage":[12,13,16,18,21,22,24,30,30,33,33,33,41,46,46,47,47,50],"damage_taken":[{"damage":3,"enemies":"Jaw Worm","floor":1,"turns":4},{"damage":7,"enemies":"Small Slimes","floor":3,"turns":4},{"damage":2,"enemies":"Cultist","floor":4,"turns":4},{"damage":1,"enemies":"Exordium Thugs","floor":7,"turns":4},{"damage":28,"enemies":"Gremlin Nob","floor":12,"turns":5},{"damage":15,"enemies":"Large Slime","floor":13,"turns":5},{"damage":18,"enemies":"Hexaghost","floor":16,"turns":10},{"damage":14,"enemies":"2 Thieves","floor":18,"turns":3},{"damage":1,"enemies":"3 Byrds","floor":21,"turns":3},{"damage":19,"enemies":"Centurion and Healer","floor":22,"turns":5},{"damage":18,"enemies":"Shelled Parasite and Fungi","floor":24,"turns":5},{"damage":3,"enemies":"Cultist and Chosen","floor":30,"turns":4},{"damage":31,"enemies":"Snake Plant","floor":31,"turns":4},{"damage":30,"enemies":"Collector","floor":33,"turns":6},{"damage":6,"enemies":"Orb Walker","floor":35,"turns":3},{"damage":23,"enemies":"3 Shapes","floor":37,"turns":4},{"damage":22,"enemies":"3 Darklings","floor":39,"turns":4},{"damage":39,"enemies":"Transient","floor":41,"turns":5},{"damage":11,"enemies":"Spire Growth","floor":46,"turns":4},{"damage":27,"enemies":"Writhing Mass","floor":47,"turns":5},{"damage":74,"enemies":"Donu and Deca","floor":50,"turns":6}],"seed_played":"2376666797879598876","potions_obtained":[{"floor":4,"key":"Block Potion"},{"floor":7,"key":"Ancient Potion"},{"floor":13,"key":"FearPotion"},{"floor":16,"key":"Block Potion"},{"floor":21,"key":"Fire Potion"},{"floor":31,"key":"Block Potion"},{"floor":33,"key":"GamblersBrew"},{"floor":41,"key":"SkillPotion"},{"floor":46,"key":"Fire Potion"}],"is_trial":false,"path_per_floor":["M","$","M","M","?","R","M","R","T","?","?","E","M","$","R","B",null,"M","?","$","M","M","R","M","T","T","R","?","R","M","M","R","B",null,"M","?","M","$","M","R","M","R","T","R","?","M","M","$","R","B"],"character_chosen":"THE_SILENT","items_purchased":["Noxious Fumes","Oddly Smooth Stone","Dodge and Roll","Bandage Up","Poisoned Stab","OrangePellets","Backflip"],"campfire_rested":9,"item_purchase_floors":[2,14,20,20,20,38,38],"current_hp_per_floor":[67,67,60,58,55,55,54,67,67,67,67,39,24,24,44,26,57,43,43,43,46,31,51,37,37,37,57,57,57,58,31,51,37,60,54,54,35,35,17,37,2,22,22,42,42,35,12,12,32,0],"gold":12,"neow_bonus":"ONE_RARE_RELIC","is_prod":false,"is_daily":false,"chose_seed":false,"campfire_upgraded":1,"win_rate":0,"timestamp":1562527135,"path_taken":["M","$","M","M","?","R","M","R","T","?","?","E","M","$","R","BOSS","M","?","$","M","?","R","M","?","T","R","?","R","?","M","R","BOSS","M","?","?","$","M","R","M","R","T","R","?","M","M","?","R","BOSS"],"build_version":"2019-07-05","purchased_purges":3,"victory":false,"max_hp_per_floor":[70,67,67,67,67,67,67,67,67,67,67,67,67,67,67,67,67,67,67,67,67,67,67,67,67,67,67,67,67,67,67,67,67,67,67,67,67,67,67,67,67,67,67,67,67,67,67,67,67,67],"card_choices":[{"not_picked":["Flechettes","Finisher"],"picked":"Dodge and Roll","floor":1},{"not_picked":["Dodge and Roll","Blur"],"picked":"Deflect","floor":3},{"not_picked":["Flechettes","Heel Hook","Concentrate"],"picked":"SKIP","floor":4},{"not_picked":["Calculated Gamble","Accuracy"],"picked":"Poisoned Stab","floor":7},{"not_picked":["Poisoned Stab","PiercingWail"],"picked":"Crippling Poison","floor":12},{"not_picked":["Poisoned Stab","Sucker Punch"],"picked":"Prepared","floor":13},{"not_picked":["Glass Knife","Die Die Die"],"picked":"Tools of the Trade+1","floor":16},{"not_picked":["All Out Attack","Outmaneuver+1","Underhanded Strike"],"picked":"SKIP","floor":18},{"not_picked":["Acrobatics+1","Finisher+1","Well Laid Plans+1"],"picked":"SKIP","floor":21},{"not_picked":["Outmaneuver","Backflip"],"picked":"Noxious Fumes+1","floor":22},{"not_picked":["Dagger Spray+1","Heel Hook"],"picked":"Envenom+1","floor":24},{"not_picked":["Dash","Noxious Fumes+1"],"picked":"Crippling Poison+1","floor":30},{"not_picked":["Dagger Spray","Quick Slash"],"picked":"Dodge and Roll","floor":31},{"not_picked":["Wraith Form v2+1","Venomology"],"picked":"Envenom+1","floor":33},{"not_picked":["Crippling Poison","Concentrate","Bane"],"picked":"SKIP","floor":35},{"not_picked":["Setup+1","Tactician+1"],"picked":"Flechettes","floor":37},{"not_picked":["Well Laid Plans+1","Flying Knee+1","Deadly Poison"],"picked":"SKIP","floor":39},{"not_picked":["Distraction","Acrobatics"],"picked":"Backstab","floor":41},{"not_picked":["Deadly Poison+1","Poisoned Stab"],"picked":"Cloak And Dagger+1","floor":46},{"not_picked":["Slice+1","Acrobatics"],"picked":"Calculated Gamble+1","floor":47}],"player_experience":627288,"relics_obtained":[{"floor":9,"key":"MawBank"},{"floor":12,"key":"Ice Cream"},{"floor":25,"key":"Pantograph"},{"floor":43,"key":"Centennial Puzzle"}],"event_choices":[{"damage_healed":0,"gold_gain":0,"player_choice":"Success","damage_taken":3,"relics_obtained":["Mercury Hourglass"],"max_hp_gain":0,"max_hp_loss":0,"event_name":"Scrap Ooze","floor":5,"gold_loss":0},{"damage_healed":0,"gold_gain":175,"player_choice":"AGREE","damage_taken":0,"max_hp_gain":0,"max_hp_loss":0,"event_name":"Liars Game","floor":10,"gold_loss":0,"cards_obtained":["Doubt"]},{"damage_healed":0,"gold_gain":0,"player_choice":"Searched \u00271\u0027 times","damage_taken":0,"relics_obtained":["Frozen Egg 2"],"max_hp_gain":0,"max_hp_loss":0,"event_name":"Dead Adventurer","floor":11,"gold_loss":0},{"damage_healed":0,"gold_gain":0,"player_choice":"Upgraded","damage_taken":0,"max_hp_gain":0,"max_hp_loss":0,"event_name":"Upgrade Shrine","floor":19,"gold_loss":0,"cards_upgraded":["Dodge and Roll"]},{"damage_healed":0,"gold_gain":0,"cards_transformed":["Venomology"],"player_choice":"Transformed","damage_taken":0,"max_hp_gain":0,"max_hp_loss":0,"event_name":"Transmorgrifier","floor":28,"gold_loss":0,"cards_obtained":["Setup"]},{"cards_removed":["Setup"],"damage_healed":0,"gold_gain":0,"player_choice":"Purged","damage_taken":0,"max_hp_gain":0,"max_hp_loss":0,"event_name":"Purifier","floor":36,"gold_loss":0},{"damage_healed":0,"gold_gain":0,"player_choice":"Bought 0 Potions","damage_taken":0,"max_hp_gain":0,"max_hp_loss":0,"event_name":"The Woman in Blue","floor":45,"gold_loss":0}],"is_beta":false,"boss_relics":[{"not_picked":["Ectoplasm","Coffee Dripper"],"picked":"Pandora\u0027s Box"},{"not_picked":["White Beast Statue","Black Star"],"picked":"Fusion Hammer"}],"items_purged_floors":[2,14,48],"is_endless":false,"potions_floor_spawned":[4,7,13,16,21,31,33,41,46],"killed_by":"Donu and Deca","ascension_level":5}