{"gold_per_floor":[113,130,130,143,143,143,157,157,238,238,248,260,271,298,298,395,395,406,425,425,436,351,377,154,154,208,220,220,233,263,275,275,380,380,391,406,406,406,425,425,459,459,459,509,187,203,231,281,281,281],"floor_reached":51,"playtime":3854,"items_purged":["Strike_R","Flex"],"score":955,"play_id":"ffc3d177-cf32-44b9-bc15-14c172073b7d","local_time":"20180722012954","is_ascension_mode":true,"campfire_choices":[{"data":"Bash","floor":6,"key":"SMITH"},{"data":"Shrug It Off","floor":8,"key":"SMITH"},{"data":"Pommel Strike","floor":10,"key":"SMITH"},{"data":"Shrug It Off","floor":15,"key":"SMITH"},{"data":"Searing Blow+2","floor":25,"key":"SMITH"},{"data":"Searing Blow+3","floor":28,"key":"SMITH"},{"floor":32,"key":"REST"},{"data":"Searing Blow+4","floor":40,"key":"SMITH"},{"data":"Searing Blow+5","floor":42,"key":"SMITH"},{"data":"Searing Blow+7","floor":49,"key":"SMITH"}],"neow_cost":"NONE","seed_source_timestamp":824730722771267,"circlet_count":0,"master_deck":["Bash+1","Pommel Strike+1","Rampage+1","Shrug It Off+1","Heavy Blade+1","Shrug It Off+1","Cleave+1","Offering+1","Whirlwind+1","Dual Wield+1","Searing Blow+8","Double Tap+1","Reaper+1","Flame Barrier+1","Heavy Blade+1","Perfected Strike+1","Twin Strike+1","Clothesline+1","Sever Soul+1","Carnage+1","Uppercut+1","Shockwave+1"],"relics":["Burning Blood","Mango","Paper Frog","Question Card","Snecko Eye","Champion Belt","Centennial Puzzle","Whetstone","Strawberry","Ancient Tea Set","Pandora\u0027s Box","SsserpentHead","Pen Nib","Matryoshka","Red Skull","Letter Opener","Mark of the Bloom"],"potions_floor_usage":[16,16,23,33,33,47,50,50],"damage_taken":[{"damage":1,"enemies":"Cultist","floor":1,"turns":5},{"damage":4,"enemies":"Jaw Worm","floor":2,"turns":4},{"damage":0,"enemies":"Small Slimes","floor":4,"turns":3},{"damage":20,"enemies":"Exordium Wildlife","floor":7,"turns":5},{"damage":17,"enemies":"Lots of Slimes","floor":11,"turns":6},{"damage":3,"enemies":"Blue Slaver","floor":12,"turns":4},{"damage":3,"enemies":"2 Fungi Beasts","floor":13,"turns":4},{"damage":18,"enemies":"Gremlin Nob","floor":14,"turns":4},{"damage":35,"enemies":"Slime Boss","floor":16,"turns":9},{"damage":9,"enemies":"3 Byrds","floor":18,"turns":4},{"damage":4,"enemies":"Shell Parasite","floor":19,"turns":3},{"damage":21,"enemies":"Cultist and Chosen","floor":21,"turns":5},{"damage":38,"enemies":"Slavers","floor":23,"turns":4},{"damage":3,"enemies":"Centurion and Healer","floor":27,"turns":2},{"damage":6,"enemies":"3 Cultists","floor":29,"turns":3},{"damage":10,"enemies":"Gremlin Leader","floor":30,"turns":4},{"damage":18,"enemies":"Snake Plant","floor":31,"turns":2},{"damage":77,"enemies":"Champ","floor":33,"turns":9},{"damage":5,"enemies":"3 Darklings","floor":35,"turns":1},{"damage":0,"enemies":"3 Shapes","floor":36,"turns":2},{"damage":15,"enemies":"Sphere and 2 Shapes","floor":39,"turns":3},{"damage":30,"enemies":"Giant Head","floor":41,"turns":6},{"damage":22,"enemies":"Maw","floor":46,"turns":5},{"damage":30,"enemies":"2 Orb Walkers","floor":47,"turns":3},{"damage":47,"enemies":"Donu and Deca","floor":50,"turns":7}],"seed_played":"-7960833306532007201","potions_obtained":[{"floor":2,"key":"SkillPotion"},{"floor":11,"key":"Explosive Potion"},{"floor":12,"key":"AttackPotion"},{"floor":18,"key":"Regen Potion"},{"floor":19,"key":"FearPotion"},{"floor":29,"key":"FairyPotion"},{"floor":33,"key":"SmokeBomb"},{"floor":39,"key":"EssenceOfSteel"},{"floor":41,"key":"Explosive Potion"}],"is_trial":false,"path_per_floor":["M","M","?","M","T","R","M","R","T","R","M","M","M","E","R","B",null,"M","M","?","M","?","E","$","R","T","M","R","M","E","M","R","B",null,"M","M","?","?","M","R","E","R","T","?","$","M","E","?","R","B"],"character_chosen":"IRONCLAD","items_purchased":["Whetstone","EssenceOfSteel","Red Skull"],"campfire_rested":1,"item_purchase_floors":[24,45,45],"current_hp_per_floor":[80,80,64,70,84,84,70,70,70,70,59,62,65,53,53,24,77,77,79,79,64,64,35,35,35,42,45,45,48,44,32,65,24,89,90,111,111,111,105,105,85,85,85,126,126,110,86,86,86,39],"gold":281,"neow_bonus":"REMOVE_CARD","is_prod":false,"is_daily":false,"chose_seed":false,"campfire_upgraded":9,"win_rate":0,"timestamp":1532248194,"path_taken":["M","M","?","M","?","R","M","R","T","R","M","M","M","E","R","BOSS","M","M","?","M","?","E","$","R","T","M","R","M","E","?","R","BOSS","M","M","?","?","M","R","E","R","T","?","$","M","E","?","R","BOSS"],"build_version":"2018-07-19v2","purchased_purges":2,"victory":true,"max_hp_per_floor":[80,80,80,80,94,94,94,94,94,94,94,94,94,94,94,94,94,97,97,97,97,97,100,100,100,107,107,107,110,110,110,110,110,110,110,113,113,113,116,116,116,116,116,126,126,126,126,126,126,126],"card_choices":[{"not_picked":["True Grit","Armaments"],"picked":"Pommel Strike","floor":1},{"not_picked":["Sword Boomerang","Havoc"],"picked":"Rampage","floor":2},{"not_picked":["Combust","Rampage"],"picked":"Shrug It Off","floor":4},{"not_picked":["Power Through","Wild Strike"],"picked":"Heavy Blade","floor":7},{"not_picked":["Thunderclap","Warcry"],"picked":"Shrug It Off","floor":11},{"not_picked":["Rupture","Shockwave","Clash"],"picked":"SKIP","floor":12},{"not_picked":["Clash","Rupture"],"picked":"Cleave","floor":13},{"not_picked":["Armaments","Spot Weakness"],"picked":"Feed","floor":14},{"not_picked":["Dark Embrace","Fiend Fire","Impervious"],"picked":"Offering","floor":16},{"not_picked":["Thunderclap+1","Dropkick","Wild Strike","Perfected Strike"],"picked":"SKIP","floor":18},{"not_picked":["Sever Soul","Twin Strike","Iron Wave"],"picked":"Whirlwind+1","floor":19},{"not_picked":["Flex","Spot Weakness","Uppercut"],"picked":"Dual Wield","floor":21},{"not_picked":["Anger","Inflame","Thunderclap"],"picked":"Searing Blow+1","floor":23},{"not_picked":["Berserk","Warcry","Sword Boomerang","Anger"],"picked":"SKIP","floor":27},{"not_picked":["Second Wind","Rampage","Havoc","Pommel Strike"],"picked":"SKIP","floor":29},{"not_picked":["Havoc","Iron Wave","Dropkick+1","Flex"],"picked":"SKIP","floor":30},{"not_picked":["Hemokinesis","Flex+1","Havoc"],"picked":"Double Tap","floor":31},{"not_picked":["Immolate","Exhume","Limit Break"],"picked":"Reaper","floor":33},{"not_picked":["Twin Strike","Anger","Body Slam"],"picked":"Sever Soul","floor":35},{"not_picked":["Clothesline","Shrug It Off+1","Heavy Blade+1"],"picked":"Carnage","floor":36},{"not_picked":["Fire Breathing+1","Infernal Blade","Feel No Pain","Flex"],"picked":"SKIP","floor":39},{"not_picked":["Intimidate+1","Body Slam+1","Wild Strike","Reckless Charge+1"],"picked":"SKIP","floor":41},{"not_picked":["Hemokinesis","Inflame","Dual Wield"],"picked":"Uppercut","floor":46},{"not_picked":["Flex","Whirlwind+1","Uppercut"],"picked":"Shockwave+1","floor":47}],"player_experience":128378,"relics_obtained":[{"floor":5,"key":"Mango"},{"floor":9,"key":"Paper Frog"},{"floor":14,"key":"Question Card"},{"floor":23,"key":"Centennial Puzzle"},{"floor":26,"key":"Strawberry"},{"floor":30,"key":"Ancient Tea Set"},{"floor":41,"key":"Pen Nib"},{"floor":43,"key":"Matryoshka"},{"floor":47,"key":"Letter Opener"}],"event_choices":[{"event_name":"Shining Light","player_choice":"Entered Light","floor":3,"damage_taken":0},{"event_name":"Drug Dealer","player_choice":"Ignored","floor":20,"damage_taken":0},{"event_name":"Addict","player_choice":"Obtained Relic","floor":22,"damage_taken":0},{"event_name":"Falling","player_choice":"Removed Attack","floor":37,"damage_taken":0},{"event_name":"FaceTrader","player_choice":"Trade","floor":38,"damage_taken":0},{"event_name":"Bonfire Elementals","player_choice":"RARE","floor":44,"damage_taken":0},{"event_name":"MindBloom","player_choice":"Upgrade","floor":48,"damage_taken":0}],"is_beta":false,"boss_relics":[{"not_picked":["Black Blood","Orrery"],"picked":"Snecko Eye"},{"not_picked":["Coffee Dripper","Eternal Feather"],"picked":"Pandora\u0027s Box"}],"items_purged_floors":[24,45],"is_endless":false,"potions_floor_spawned":[2,11,12,18,19,29,30,33,39,41],"ascension_level":5}