{"gold_per_floor":[315,333,343,114,114,149,149,161,185,201,229,229,239,255,255,359,359,372,372,389,406,82,112,131,159,159,159,15,29,29,47,47,151,151,169,188,98,117,128,128,160,160,183,200,55,55,55,65,65,65],"floor_reached":51,"playtime":4548,"items_purged":["Strike_G"],"score":733,"play_id":"1bfc7031-50aa-449e-b1d6-7bbd70f3aadc","local_time":"20190707114050","is_ascension_mode":false,"campfire_choices":[{"floor":7,"key":"REST"},{"floor":12,"key":"REST"},{"floor":15,"key":"REST"},{"data":"Footwork","floor":27,"key":"SMITH"},{"data":"Footwork","floor":30,"key":"SMITH"},{"floor":32,"key":"REST"},{"data":"Envenom","floor":40,"key":"SMITH"},{"data":"Leg Sweep","floor":42,"key":"SMITH"},{"data":"Crippling Poison","floor":46,"key":"SMITH"},{"data":"Catalyst","floor":49,"key":"SMITH"}],"neow_cost":"NO_GOLD","seed_source_timestamp":88947223133200,"circlet_count":0,"master_deck":["Defend_G+1","Defend_G+1","Defend_G+1","Defend_G+1","Defend_G+1","Survivor","Neutralize","Quick Slash","Backflip","Dodge and Roll","Footwork+1","Flechettes","Skewer","Flying Knee","Deadly Poison","Dagger Spray","Footwork+1","Bullet Time+1","Crippling Poison+1","Deadly Poison+1","Leg Sweep+1","Noxious Fumes","Corpse Explosion","Envenom+1","Leg Sweep+1","Crippling Poison+1","Escape Plan+1","PiercingWail","Caltrops","Caltrops+1","Dash","Footwork+1","Catalyst+1"],"relics":["Ring of the Serpent","Old Coin","Vajra","Bag of Preparation","Ancient Tea Set","Mummified Hand","Shuriken","Ice Cream","Meat on the Bone","Oddly Smooth Stone","Astrolabe","Strawberry","Omamori","Lantern"],"potions_floor_usage":[20,21,23,33,39,44],"damage_taken":[{"damage":3,"enemies":"Small Slimes","floor":1,"turns":4},{"damage":1,"enemies":"Jaw Worm","floor":2,"turns":6},{"damage":0,"enemies":"Cultist","floor":3,"turns":4},{"damage":25,"enemies":"Lagavulin","floor":6,"turns":14},{"damage":5,"enemies":"Exordium Wildlife","floor":8,"turns":5},{"damage":7,"enemies":"Red Slaver","floor":10,"turns":5},{"damage":19,"enemies":"Gremlin Nob","floor":11,"turns":5},{"damage":0,"enemies":"Large Slime","floor":13,"turns":5},{"damage":0,"enemies":"Exordium Thugs","floor":14,"turns":4},{"damage":8,"enemies":"The Guardian","floor":16,"turns":15},{"damage":3,"enemies":"Chosen","floor":18,"turns":5},{"damage":6,"enemies":"2 Thieves","floor":20,"turns":5},{"damage":5,"enemies":"Sentry and Sphere","floor":21,"turns":10},{"damage":11,"enemies":"Gremlin Leader","floor":23,"turns":8},{"damage":0,"enemies":"Snecko","floor":24,"turns":4},{"damage":17,"enemies":"Slavers","floor":25,"turns":6},{"damage":0,"enemies":"Snake Plant","floor":29,"turns":5},{"damage":0,"enemies":"Centurion and Healer","floor":31,"turns":4},{"damage":32,"enemies":"Automaton","floor":33,"turns":13},{"damage":13,"enemies":"3 Darklings","floor":35,"turns":7},{"damage":6,"enemies":"Orb Walker","floor":36,"turns":5},{"damage":1,"enemies":"Transient","floor":38,"turns":5},{"damage":7,"enemies":"Sphere and 2 Shapes","floor":39,"turns":6},{"damage":18,"enemies":"Giant Head","floor":41,"turns":9},{"damage":0,"enemies":"Spire Growth","floor":44,"turns":6},{"damage":7,"enemies":"Transient","floor":48,"turns":5},{"damage":10,"enemies":"Donu and Deca","floor":50,"turns":8}],"seed_played":"7866069943869481100","potions_obtained":[{"floor":8,"key":"Fire Potion"},{"floor":10,"key":"Block Potion"},{"floor":11,"key":"Swift Potion"},{"floor":16,"key":"Block Potion"},{"floor":18,"key":"GhostInAJar"},{"floor":21,"key":"Ancient Potion"},{"floor":24,"key":"AttackPotion"},{"floor":29,"key":"Dexterity Potion"},{"floor":33,"key":"SpeedPotion"},{"floor":38,"key":"Block Potion"},{"floor":39,"key":"AttackPotion"},{"floor":41,"key":"Block Potion"},{"floor":44,"key":"Fire Potion"}],"is_trial":false,"path_per_floor":["M","M","M","$","?","E","R","M","T","M","E","R","M","M","R","B",null,"M","?","M","M","$","E","M","E","T","R","$","M","R","M","R","B",null,"M","M","?","M","M","R","E","R","T","M","$","R","?","M","R","B",null],"character_chosen":"THE_SILENT","items_purchased":["Footwork","Flechettes","Mummified Hand","Noxious Fumes","Oddly Smooth Stone","Lantern"],"campfire_rested":4,"item_purchase_floors":[4,4,22,22,28,45],"current_hp_per_floor":[67,66,66,66,52,27,48,43,43,36,17,38,38,38,59,51,70,67,67,61,56,56,45,45,28,28,28,28,40,40,40,61,41,70,57,51,51,50,43,43,44,44,44,44,44,44,44,49,49,39],"gold":65,"neow_bonus":"ONE_RARE_RELIC","is_prod":false,"is_daily":false,"chose_seed":false,"campfire_upgraded":6,"win_rate":0,"timestamp":1562517650,"path_taken":["M","M","M","$","?","E","R","M","T","M","E","R","M","M","R","BOSS","M","?","M","M","$","E","M","E","T","R","?","M","R","?","R","BOSS","M","M","?","M","?","R","E","R","T","M","$","R","?","M","R","BOSS"],"build_version":"2019-07-05","purchased_purges":1,"victory":true,"max_hp_per_floor":[70,70,70,70,70,70,70,70,70,70,70,70,70,70,70,70,70,70,70,70,70,70,70,70,70,70,70,70,70,70,70,70,70,70,70,70,70,70,70,70,77,77,77,77,77,77,77,77,77,77],"card_choices":[{"not_picked":["PiercingWail","Flying Knee"],"picked":"Quick Slash","floor":1},{"not_picked":["Crippling Poison","Prepared"],"picked":"Backflip","floor":2},{"not_picked":["Dagger Throw","Reflex"],"picked":"Dodge and Roll","floor":3},{"not_picked":["Cloak And Dagger","Outmaneuver"],"picked":"Skewer","floor":6},{"not_picked":["Deadly Poison","Doppelganger"],"picked":"Flying Knee","floor":8},{"not_picked":["Dagger Throw","Calculated Gamble"],"picked":"Deadly Poison","floor":10},{"not_picked":["Setup","Acrobatics","Prepared"],"picked":"SKIP","floor":11},{"not_picked":["Infinite Blades","Quick Slash"],"picked":"Dagger Spray","floor":13},{"not_picked":["Blade Dance","Skewer"],"picked":"Footwork","floor":14},{"not_picked":["Storm of Steel","Venomology"],"picked":"Bullet Time","floor":16},{"not_picked":["Endless Agony+1","Dagger Spray"],"picked":"Crippling Poison","floor":18},{"not_picked":["Skewer","Flechettes"],"picked":"Deadly Poison+1","floor":20},{"not_picked":["Cloak And Dagger","Tactician"],"picked":"Leg Sweep","floor":21},{"not_picked":["Acrobatics","Dagger Spray","Dagger Throw"],"picked":"SKIP","floor":23},{"not_picked":["Slice","Sucker Punch","Dagger Throw"],"picked":"SKIP","floor":24},{"not_picked":["Flying Knee","Tactician","Sucker Punch"],"picked":"SKIP","floor":25},{"not_picked":["Flying Knee","Reflex"],"picked":"Corpse Explosion","floor":29},{"not_picked":["Backflip","Deadly Poison","Dagger Spray"],"picked":"SKIP","floor":31},{"not_picked":["Night Terror","Die Die Die"],"picked":"Envenom","floor":33},{"not_picked":["Eviscerate","Cloak And Dagger"],"picked":"PiercingWail","floor":35},{"not_picked":["Poisoned Stab","Leg Sweep"],"picked":"Caltrops","floor":36},{"not_picked":["Acrobatics","Dodge and Roll"],"picked":"Caltrops+1","floor":38},{"not_picked":["Quick Slash","Setup"],"picked":"Dash","floor":39},{"not_picked":["Reflex","Cloak And Dagger+1"],"picked":"Footwork+1","floor":41},{"not_picked":["Underhanded Strike","Concentrate","Dagger Spray"],"picked":"SKIP","floor":44},{"not_picked":["Terror+1","Reflex+1"],"picked":"Catalyst","floor":48}],"player_experience":282101,"relics_obtained":[{"floor":6,"key":"Vajra"},{"floor":9,"key":"Bag of Preparation"},{"floor":11,"key":"Ancient Tea Set"},{"floor":23,"key":"Shuriken"},{"floor":25,"key":"Ice Cream"},{"floor":26,"key":"Meat on the Bone"},{"floor":41,"key":"Strawberry"},{"floor":43,"key":"Omamori"}],"event_choices":[{"damage_healed":0,"gold_gain":0,"player_choice":"Entered Light","damage_taken":14,"max_hp_gain":0,"max_hp_loss":0,"event_name":"Shining Light","floor":5,"gold_loss":0,"cards_upgraded":["Defend_G","Defend_G"]},{"damage_healed":0,"gold_gain":0,"player_choice":"Simplicity","damage_taken":0,"max_hp_gain":0,"max_hp_loss":0,"event_name":"Back to Basics","floor":19,"gold_loss":0,"cards_upgraded":["Strike_G","Strike_G","Strike_G","Strike_G","Defend_G","Defend_G","Defend_G"]},{"cards_removed":["Strike_G"],"damage_healed":0,"gold_gain":0,"player_choice":"Upgrade and Remove","damage_taken":0,"max_hp_gain":0,"max_hp_loss":0,"event_name":"Designer","floor":37,"gold_loss":90,"cards_upgraded":["Bullet Time"]},{"damage_healed":0,"gold_gain":0,"player_choice":"Bought 0 Potions","damage_taken":0,"max_hp_gain":0,"max_hp_loss":0,"event_name":"The Woman in Blue","floor":47,"gold_loss":0}],"is_beta":false,"boss_relics":[{"not_picked":["WristBlade","Lizard Tail"],"picked":"Ring of the Serpent"},{"not_picked":["Eternal Feather","Coffee Dripper"],"picked":"Astrolabe"}],"items_purged_floors":[4],"is_endless":false,"potions_floor_spawned":[8,10,11,16,18,21,24,29,33,38,39,41,44],"ascension_level":0}