{"gold_per_floor":[113,113,125,125,143,143,177,177,201,201,233,67,67,79,79,153,153,173,123,143,93,104,15,15,15,15,47,5,5,16,32,32,107,107,122,141,0,0,11,11,11],"floor_reached":41,"playtime":1958,"items_purged":["Strike_R","Fire Breathing","Corruption"],"score":733,"play_id":"e77ab353-62a3-4966-8c01-fcae105640de","local_time":"20190420153129","is_ascension_mode":true,"campfire_choices":[{"data":"Iron Wave","floor":6.0,"key":"SMITH"},{"data":"Heavy Blade","floor":8.0,"key":"SMITH"},{"data":"Strike_R","floor":10.0,"key":"SMITH"},{"floor":13.0,"key":"REST"},{"data":"Spot Weakness","floor":15.0,"key":"SMITH"},{"floor":24.0,"key":"REST"},{"data":"True Grit","floor":29.0,"key":"SMITH"},{"floor":32.0,"key":"REST"},{"floor":40,"key":"REST"}],"neow_cost":"TEN_PERCENT_HP_LOSS","seed_source_timestamp":0,"circlet_count":0,"master_deck":["AscendersBane","Bash+1","Heavy Blade+1","Iron Wave+1","Spot Weakness+1","Seeing Red","Offering","Dropkick","Disarm","Disarm","Sword Boomerang","Fiend Fire","Feed","Battle Trance","Shockwave","Armaments","Metallicize","True Grit+1","Shrug It Off+1"],"special_seed":0,"relics":["Black Blood","Champion Belt","Oddly Smooth Stone","Happy Flower","Smiling Mask","Pandora\u0027s Box","WarpedTongs","The Courier","Orichalcum","Red Mask"],"potions_floor_usage":[35,36,39],"damage_taken":[{"damage":4.0,"enemies":"Jaw Worm","floor":1.0,"turns":3.0},{"damage":0.0,"enemies":"Cultist","floor":3.0,"turns":3.0},{"damage":1.0,"enemies":"2 Louse","floor":5.0,"turns":4.0},{"damage":13.0,"enemies":"3 Sentries","floor":7.0,"turns":6.0},{"damage":39.0,"enemies":"Lagavulin","floor":11.0,"turns":6.0},{"damage":16.0,"enemies":"Exordium Thugs","floor":14.0,"turns":5.0},{"damage":14.0,"enemies":"The Guardian","floor":16.0,"turns":6.0},{"damage":12.0,"enemies":"3 Byrds","floor":18.0,"turns":3.0},{"damage":22.0,"enemies":"2 Thieves","floor":20.0,"turns":4.0},{"damage":19.0,"enemies":"Snake Plant","floor":22.0,"turns":3.0},{"damage":34.0,"enemies":"Slavers","floor":27.0,"turns":4.0},{"damage":14.0,"enemies":"Shelled Parasite and Fungi","floor":30.0,"turns":4.0},{"damage":10.0,"enemies":"Snecko","floor":31.0,"turns":5.0},{"damage":25.0,"enemies":"Champ","floor":33.0,"turns":7.0},{"damage":25,"enemies":"3 Darklings","floor":35,"turns":5},{"damage":38,"enemies":"3 Shapes","floor":36,"turns":11},{"damage":9,"enemies":"Transient","floor":39,"turns":5},{"damage":62,"enemies":"Reptomancer","floor":41,"turns":3}],"seed_played":"-6249183541529695908","potions_obtained":[{"floor":3.0,"key":"SkillPotion"},{"floor":5.0,"key":"Explosive Potion"},{"floor":11.0,"key":"Explosive Potion"},{"floor":14.0,"key":"PowerPotion"},{"floor":27.0,"key":"Swift Potion"},{"floor":31.0,"key":"AttackPotion"},{"floor":36,"key":"Strength Potion"},{"floor":39,"key":"Ancient Potion"}],"is_trial":false,"path_per_floor":["M","?","M","T","M","R","E","R","T","R","E","$","R","M","R","B",null,"M","$","M","$","M","$","R","?","T","E","$","R","M","M","R","B",null,"M","M","?","?","M","R","E"],"character_chosen":"IRONCLAD","items_purchased":["Spot Weakness","PowerPotion","Metallicize","PowerPotion","Block Potion"],"campfire_rested":4,"item_purchase_floors":[12,12,23,23,28],"current_hp_per_floor":[72,72,72,72,72,72,65,65,65,65,32,32,53,43,43,35,63,60,60,44,44,34,34,57,57,57,29,29,29,24,20,44,25,67,52,28,28,28,29,54,0],"gold":11,"neow_bonus":"ONE_RARE_RELIC","is_prod":false,"is_daily":false,"chose_seed":false,"campfire_upgraded":5,"win_rate":0,"timestamp":1555799489,"path_taken":["M","?","?","?","M","R","E","R","T","R","E","$","R","?","R","BOSS","M","$","M","$","M","$","R","?","T","E","?","R","?","M","R","BOSS","M","M","?","?","?","R","E"],"build_version":"2019-01-23","purchased_purges":3,"victory":false,"max_hp_per_floor":[72,72,72,72,72,72,72,72,72,72,72,72,72,72,72,72,72,75,75,75,75,78,78,78,78,78,78,78,78,81,81,81,81,81,81,85,85,85,85,85,85],"card_choices":[{"not_picked":["Clothesline","Blood for Blood"],"picked":"Heavy Blade","floor":1.0},{"not_picked":["Warcry","Heavy Blade","Pummel"],"picked":"SKIP","floor":3.0},{"not_picked":["Feel No Pain","Headbutt"],"picked":"Iron Wave","floor":5.0},{"not_picked":["Perfected Strike","Heavy Blade","Twin Strike"],"picked":"SKIP","floor":7.0},{"not_picked":["Hemokinesis","Clash","Second Wind"],"picked":"SKIP","floor":11.0},{"not_picked":["Sentinel","Perfected Strike"],"picked":"Seeing Red","floor":14.0},{"not_picked":["Exhume","Dark Embrace"],"picked":"Offering","floor":16.0},{"not_picked":["Clash","Twin Strike"],"picked":"Battle Trance","floor":18.0},{"not_picked":["Disarm","Dual Wield"],"picked":"Shockwave","floor":20.0},{"not_picked":["Heavy Blade","Iron Wave"],"picked":"Armaments","floor":22.0},{"not_picked":["Havoc","Heavy Blade"],"picked":"True Grit","floor":27.0},{"not_picked":["Perfected Strike","Anger","True Grit"],"picked":"SKIP","floor":30.0},{"not_picked":["Shockwave","Evolve","Cleave"],"picked":"SKIP","floor":31.0},{"not_picked":["Searing Blow","Warcry"],"picked":"Shrug It Off+1","floor":35},{"not_picked":["Spot Weakness","Armaments","Shrug It Off"],"picked":"SKIP","floor":36},{"not_picked":["Warcry+1","Anger","Rampage"],"picked":"SKIP","floor":39}],"player_experience":1312339,"relics_obtained":[{"floor":7.0,"key":"Oddly Smooth Stone"},{"floor":9.0,"key":"Happy Flower"},{"floor":11.0,"key":"Smiling Mask"},{"floor":26.0,"key":"The Courier"},{"floor":27.0,"key":"Orichalcum"}],"event_choices":[{"damage_healed":0.0,"max_hp_gain":0.0,"max_hp_loss":0.0,"gold_gain":0.0,"event_name":"Upgrade Shrine","player_choice":"Upgraded","floor":2.0,"gold_loss":0.0,"damage_taken":0.0,"cards_upgraded":["Bash"]},{"damage_healed":0.0,"max_hp_gain":0.0,"max_hp_loss":0.0,"gold_gain":0.0,"event_name":"Accursed Blacksmith","player_choice":"Rummage","floor":25.0,"gold_loss":0.0,"damage_taken":0.0,"relics_obtained":["WarpedTongs"],"cards_obtained":["Pain"]},{"damage_healed":0,"gold_gain":0,"player_choice":"Paid","damage_taken":0,"relics_obtained":["Red Mask"],"max_hp_gain":0,"max_hp_loss":0,"event_name":"Tomb of Lord Red Mask","floor":37,"gold_loss":141},{"cards_removed":["Pain"],"damage_healed":0,"gold_gain":0,"player_choice":"Purged","damage_taken":0,"max_hp_gain":0,"max_hp_loss":0,"event_name":"Purifier","floor":38,"gold_loss":0}],"is_beta":false,"boss_relics":[{"not_picked":["Busted Crown","Coffee Dripper"],"picked":"Pandora\u0027s Box"},{"not_picked":["White Beast Statue","Runic Dome"],"picked":"Black Blood"}],"items_purged_floors":[12,19,21],"is_endless":false,"potions_floor_spawned":[3,5,11,14,27,31,33,36,39],"killed_by":"Reptomancer","ascension_level":13}