{"gold_per_floor":[118,132,148,166,91,120,146,158],"floor_reached":8,"playtime":860,"items_purged":["Strike_R"],"score":90,"play_id":"9de1debe-6a4a-411d-85ec-48af4a0d7ad8","local_time":"20190101102423","is_ascension_mode":true,"campfire_choices":[],"neow_cost":"NONE","seed_source_timestamp":1326198838565582,"circlet_count":0,"master_deck":["AscendersBane","Strike_R","Strike_R","Strike_R","Strike_R","Defend_R","Defend_R","Defend_R","Defend_R","Bash","Sword Boomerang","Twin Strike","True Grit","Twin Strike","Intimidate","Evolve"],"relics":["Burning Blood","MawBank"],"potions_floor_usage":[0,4,4,4,6,6,6,7],"damage_taken":[{"damage":14,"enemies":"Jaw Worm","floor":1,"turns":5},{"damage":10,"enemies":"Small Slimes","floor":2,"turns":4},{"damage":0,"enemies":"Cultist","floor":3,"turns":2},{"damage":38,"enemies":"Gremlin Gang","floor":4,"turns":6},{"damage":23,"enemies":"3 Sentries","floor":6,"turns":9},{"damage":13,"enemies":"Exordium Thugs","floor":7,"turns":4},{"damage":13,"enemies":"Large Slime","floor":8,"turns":5}],"seed_played":"-1327804336264175620","potions_obtained":[{"floor":0,"key":"EntropicBrew"},{"floor":0,"key":"GamblersBrew"},{"floor":0,"key":"Fruit Juice"},{"floor":1,"key":"Ancient Potion"},{"floor":3,"key":"Energy Potion"},{"floor":6,"key":"Energy Potion"}],"is_trial":false,"path_per_floor":["M","M","M","M","$","E","M","M"],"character_chosen":"IRONCLAD","items_purchased":[],"campfire_rested":0,"item_purchase_floors":[],"current_hp_per_floor":[69,65,71,39,39,22,15,2],"gold":158,"neow_bonus":"THREE_SMALL_POTIONS","is_prod":false,"is_daily":false,"chose_seed":false,"campfire_upgraded":0,"win_rate":0,"timestamp":1546367063,"path_taken":["M","M","M","M","$","E","M","M"],"build_version":"2018-12-20","purchased_purges":1,"victory":false,"max_hp_per_floor":[85,85,85,85,85,85,85,85],"card_choices":[{"not_picked":["Power Through","Dual Wield"],"picked":"Sword Boomerang","floor":1},{"not_picked":["Heavy Blade","Rampage"],"picked":"Twin Strike","floor":2},{"not_picked":["Blood for Blood","Havoc"],"picked":"True Grit","floor":3},{"not_picked":["Perfected Strike","Clothesline"],"picked":"Twin Strike","floor":4},{"not_picked":["Evolve","Metallicize"],"picked":"Intimidate","floor":6},{"not_picked":["Berserk","Twin Strike"],"picked":"Evolve","floor":7}],"player_experience":209018,"relics_obtained":[{"floor":6,"key":"MawBank"}],"event_choices":[],"is_beta":false,"boss_relics":[],"items_purged_floors":[5],"is_endless":false,"potions_floor_spawned":[1,3,6],"killed_by":"Large Slime","ascension_level":10}