{"gold_per_floor":[109,109,126,144,155,155,183,183,183,227,102,120,143,161,161,161],"floor_reached":16,"playtime":1307,"items_purged":["Regret"],"score":177,"play_id":"11ac7e28-e718-4b3a-9801-7b19f593b9fc","local_time":"20190626144354","is_ascension_mode":true,"campfire_choices":[{"data":"Iron Wave","floor":6,"key":"SMITH"},{"floor":15,"key":"REST"}],"neow_cost":"CURSE","seed_source_timestamp":350833503586272,"circlet_count":0,"master_deck":["AscendersBane","Strike_R","Strike_R","Strike_R","Strike_R","Strike_R","Defend_R","Defend_R","Defend_R","Defend_R","Bash+1","Pommel Strike","Iron Wave+1","Headbutt","Corruption","Exhume","Shrug It Off","Headbutt","Flame Barrier"],"relics":["Burning Blood","Singing Bowl","Golden Idol","Boot"],"potions_floor_usage":[10,16],"damage_taken":[{"damage":10,"enemies":"Small Slimes","floor":1,"turns":3},{"damage":4,"enemies":"Cultist","floor":3,"turns":3},{"damage":4,"enemies":"2 Louse","floor":4,"turns":3},{"damage":18,"enemies":"Exordium Wildlife","floor":5,"turns":5},{"damage":49,"enemies":"Lagavulin","floor":7,"turns":6},{"damage":18,"enemies":"Gremlin Nob","floor":10,"turns":4},{"damage":0,"enemies":"Gremlin Gang","floor":12,"turns":6},{"damage":2,"enemies":"2 Fungi Beasts","floor":13,"turns":4},{"damage":5,"enemies":"Blue Slaver","floor":14,"turns":4},{"damage":65,"enemies":"The Guardian","floor":16,"turns":10}],"seed_played":"-3292076763268672696","potions_obtained":[{"floor":7,"key":"Dexterity Potion"},{"floor":10,"key":"SpeedPotion"},{"floor":12,"key":"SpeedPotion"},{"floor":13,"key":"EssenceOfSteel"}],"is_trial":false,"path_per_floor":["M","?","M","M","M","R","E","?","T","E","$","M","M","M","R","B"],"character_chosen":"IRONCLAD","items_purchased":["Shrug It Off"],"campfire_rested":1,"item_purchase_floors":[11],"current_hp_per_floor":[84,84,86,88,76,76,33,33,33,21,21,27,31,34,61,0],"gold":161,"neow_bonus":"TWENTY_PERCENT_HP_BONUS","is_prod":false,"is_daily":false,"chose_seed":false,"campfire_upgraded":1,"win_rate":0,"timestamp":1561585434,"path_taken":["M","?","M","M","?","R","E","?","T","E","?","M","M","M","R","BOSS"],"build_version":"2019-01-23","purchased_purges":1,"victory":false,"max_hp_per_floor":[96,96,96,96,96,96,96,89,89,89,89,89,89,91,91,91],"card_choices":[{"not_picked":["Thunderclap","Wild Strike"],"picked":"Pommel Strike","floor":1},{"not_picked":["Combust","Headbutt"],"picked":"Iron Wave","floor":3},{"not_picked":["Burning Pact","Blood for Blood","Body Slam"],"picked":"SKIP","floor":4},{"not_picked":["Corruption","Perfected Strike"],"picked":"Headbutt","floor":5},{"not_picked":["Sword Boomerang","Power Through"],"picked":"Corruption","floor":7},{"not_picked":["Ghostly Armor","Clash"],"picked":"Exhume","floor":10},{"not_picked":["True Grit","Pommel Strike"],"picked":"Headbutt","floor":12},{"not_picked":["Disarm","Pommel Strike"],"picked":"Flame Barrier","floor":13},{"not_picked":["Pommel Strike","Clash","Intimidate"],"picked":"Singing Bowl","floor":14}],"player_experience":229573,"relics_obtained":[{"floor":7,"key":"Singing Bowl"},{"floor":10,"key":"Boot"}],"event_choices":[{"damage_healed":0,"gold_gain":0,"player_choice":"Upgraded","damage_taken":0,"max_hp_gain":0,"max_hp_loss":0,"event_name":"Upgrade Shrine","floor":2,"gold_loss":0,"cards_upgraded":["Bash"]},{"damage_healed":0,"gold_gain":0,"player_choice":"Lose Max HP","damage_taken":0,"relics_obtained":["Golden Idol"],"max_hp_gain":0,"max_hp_loss":7,"event_name":"Golden Idol","floor":8,"gold_loss":0}],"is_beta":false,"boss_relics":[],"items_purged_floors":[11],"is_endless":false,"potions_floor_spawned":[7,10,12,13],"killed_by":"The Guardian","ascension_level":11}