{"gold_per_floor":[18,37,52,65,65,65,100,110,110,90,90,103,119,131,131,208,208,208,208,208,131,131,131,131,131,131,131,131,131,131,56,56,56,56,56,56,56,56,56,56,56,56,56,56],"floor_reached":44,"playtime":2867,"items_purged":[],"score":830,"play_id":"c2674a99-f058-4f5d-a88a-41748c78f842","local_time":"20190325210059","is_ascension_mode":true,"campfire_choices":[{"data":"Zap","floor":6,"key":"SMITH"},{"data":"Dualcast","floor":11,"key":"SMITH"},{"floor":15,"key":"REST"},{"floor":25,"key":"REST"},{"floor":27,"key":"REST"},{"data":"Defragment","floor":29,"key":"SMITH"},{"floor":32,"key":"REST"},{"floor":40,"key":"REST"},{"floor":42,"key":"REST"}],"neow_cost":"NO_GOLD","seed_source_timestamp":1216937535896331,"circlet_count":0,"master_deck":["AscendersBane","Strike_B","Strike_B","Defend_B","Defend_B+1","Defend_B","Defend_B","Zap+1","Dualcast+1","Melter","Ball Lightning","Chill+1","Echo Form","Chill","Defragment+1","Electrodynamics","Amplify","Defragment","Writhe","Biased Cognition","Chill","Core Surge"],"relics":["Cracked Core","Pantograph","War Paint","Girya","Ectoplasm","Unceasing Top","Blood Vial","Boot","Busted Crown","Peace Pipe","Pen Nib"],"potions_floor_usage":[15,16,22,23,33],"damage_taken":[{"damage":1,"enemies":"Cultist","floor":1,"turns":4},{"damage":2,"enemies":"Jaw Worm","floor":2,"turns":3},{"damage":0,"enemies":"Small Slimes","floor":3,"turns":3},{"damage":7,"enemies":"Looter","floor":4,"turns":3},{"damage":6,"enemies":"3 Sentries","floor":7,"turns":7},{"damage":0,"enemies":"2 Fungi Beasts","floor":8,"turns":3},{"damage":6,"enemies":"Lots of Slimes","floor":12,"turns":4},{"damage":12,"enemies":"Exordium Wildlife","floor":13,"turns":5},{"damage":11,"enemies":"Large Slime","floor":14,"turns":4},{"damage":20,"enemies":"Hexaghost","floor":16,"turns":8},{"damage":16,"enemies":"Shell Parasite","floor":18,"turns":5},{"damage":4,"enemies":"3 Byrds","floor":20,"turns":3},{"damage":11,"enemies":"Colosseum Slavers","floor":22,"turns":2},{"damage":53,"enemies":"Book of Stabbing","floor":23,"turns":5},{"damage":21,"enemies":"Centurion and Healer","floor":30,"turns":6},{"damage":54,"enemies":"Champ","floor":33,"turns":10},{"damage":0,"enemies":"3 Shapes","floor":35,"turns":4},{"damage":13,"enemies":"Orb Walker","floor":37,"turns":4},{"damage":8,"enemies":"4 Shapes","floor":38,"turns":4},{"damage":7,"enemies":"Jaw Worm Horde","floor":39,"turns":2},{"damage":66,"enemies":"Nemesis","floor":41,"turns":8},{"damage":81,"enemies":"Giant Head","floor":44,"turns":8}],"seed_played":"-5214649482207929593","potions_obtained":[{"floor":1,"key":"SpeedPotion"},{"floor":4,"key":"GamblersBrew"},{"floor":10,"key":"Energy Potion"},{"floor":14,"key":"Fruit Juice"},{"floor":18,"key":"PowerPotion"},{"floor":20,"key":"LiquidBronze"},{"floor":30,"key":"FocusPotion"},{"floor":35,"key":"FocusPotion"}],"is_trial":false,"path_per_floor":["M","M","M","M","T","R","E","M","T","?","R","M","M","M","R","B",null,"M","?","M","$","?","E","?","R","T","R","?","R","M","?","R","B",null,"M","?","M","M","M","R","E","R","T","E"],"character_chosen":"DEFECT","items_purchased":["Defragment"],"campfire_rested":6,"item_purchase_floors":[21],"current_hp_per_floor":[77,75,75,68,68,68,62,62,62,62,62,56,44,33,63,68,85,69,69,65,65,54,1,1,28,28,55,55,55,36,36,63,36,77,79,79,68,62,57,84,20,47,47,0],"gold":56,"neow_bonus":"TWENTY_PERCENT_HP_BONUS","is_prod":false,"is_daily":false,"chose_seed":false,"campfire_upgraded":3,"win_rate":0,"timestamp":1553547659,"path_taken":["M","M","M","M","?","R","E","M","T","?","R","M","M","M","R","BOSS","M","?","M","$","?","E","?","R","T","R","?","R","M","?","R","BOSS","M","?","M","M","M","R","E","R","T","E"],"build_version":"2019-01-23","purchased_purges":0,"victory":false,"max_hp_per_floor":[85,85,85,85,85,85,85,85,85,85,85,85,85,85,90,90,90,90,90,90,90,90,90,90,90,90,90,90,90,90,90,90,90,90,90,90,90,90,90,90,90,90,90,90],"card_choices":[{"not_picked":["Scrape","Redo"],"picked":"Melter","floor":1},{"not_picked":["Rebound","Static Discharge","Turbo"],"picked":"SKIP","floor":2},{"not_picked":["Cold Snap","Leap"],"picked":"Ball Lightning","floor":3},{"not_picked":["Compile Driver","Steam"],"picked":"Chill","floor":4},{"not_picked":["Leap","Recycle"],"picked":"Echo Form","floor":7},{"not_picked":["Sweeping Beam","Go for the Eyes"],"picked":"Chill","floor":8},{"not_picked":["Barrage","Rebound","Cold Snap"],"picked":"SKIP","floor":12},{"not_picked":["Consume","Rebound","Tempest"],"picked":"SKIP","floor":13},{"not_picked":["Rebound","Leap"],"picked":"Defragment","floor":14},{"not_picked":["Buffer","Seek"],"picked":"Electrodynamics","floor":16},{"not_picked":["Aggregate","Beam Cell","Cold Snap"],"picked":"SKIP","floor":18},{"not_picked":["Stack","Reinforced Body"],"picked":"Amplify","floor":20},{"not_picked":["Steam","Hologram","Compile Driver"],"picked":"SKIP","floor":23},{"not_picked":["Conserve Battery","Ball Lightning","Sunder"],"picked":"SKIP","floor":30},{"not_picked":["Creative AI","Machine Learning"],"picked":"Biased Cognition","floor":33},{"not_picked":[],"picked":"Chill","floor":35},{"not_picked":["Beam Cell"],"picked":"SKIP","floor":37},{"not_picked":["Reprogram"],"picked":"SKIP","floor":38},{"not_picked":["Leap"],"picked":"SKIP","floor":39},{"not_picked":["White Noise"],"picked":"SKIP","floor":41}],"player_experience":1635138,"relics_obtained":[{"floor":5,"key":"Pantograph"},{"floor":7,"key":"War Paint"},{"floor":9,"key":"Girya"},{"floor":23,"key":"Unceasing Top"},{"floor":26,"key":"Boot"},{"floor":41,"key":"Peace Pipe"},{"floor":43,"key":"Pen Nib"}],"event_choices":[{"damage_healed":0,"gold_gain":0,"player_choice":"Bought 1 Potion","damage_taken":0,"max_hp_gain":0,"max_hp_loss":0,"event_name":"The Woman in Blue","floor":10,"gold_loss":0},{"damage_healed":0,"gold_gain":0,"player_choice":"Ignored","damage_taken":0,"max_hp_gain":0,"max_hp_loss":0,"event_name":"Vampires","floor":19,"gold_loss":0},{"damage_healed":0,"gold_gain":0,"player_choice":"Fight","damage_taken":0,"max_hp_gain":0,"max_hp_loss":0,"event_name":"Colosseum","floor":22,"gold_loss":0},{"damage_healed":0,"gold_gain":0,"player_choice":"Fled From Nobs","damage_taken":0,"max_hp_gain":0,"max_hp_loss":0,"event_name":"Colosseum","floor":22,"gold_loss":0},{"damage_healed":0,"gold_gain":0,"player_choice":"Opened","damage_taken":0,"relics_obtained":["Blood Vial"],"max_hp_gain":0,"max_hp_loss":0,"event_name":"The Mausoleum","floor":24,"gold_loss":0,"cards_obtained":["Writhe"]},{"damage_healed":0,"gold_gain":0,"player_choice":"Ignored","damage_taken":0,"max_hp_gain":0,"max_hp_loss":0,"event_name":"Ghosts","floor":28,"gold_loss":0},{"cards_removed":["Strike_B"],"damage_healed":0,"gold_gain":0,"player_choice":"Gave Gold","damage_taken":0,"max_hp_gain":0,"max_hp_loss":0,"event_name":"Beggar","floor":31,"gold_loss":75},{"damage_healed":0,"gold_gain":0,"cards_transformed":["Strike_B"],"player_choice":"Transformed","damage_taken":0,"max_hp_gain":0,"max_hp_loss":0,"event_name":"Transmorgrifier","floor":36,"gold_loss":0,"cards_obtained":["Core Surge"]}],"is_beta":false,"boss_relics":[{"not_picked":["Lizard Tail","Tiny House"],"picked":"Ectoplasm"},{"not_picked":["Snecko Eye","Calling Bell"],"picked":"Busted Crown"}],"items_purged_floors":[],"is_endless":false,"potions_floor_spawned":[1,4,8,12,14,18,20,30,35],"killed_by":"Giant Head","ascension_level":15}