{"gold_per_floor":[215,215,233,38,50,77,77,106,132,132,149,165,128,163,163,264,264,282,282,293,308,320,320,346,346,373,353,369,383,95,108,108,207,207,220,14,25,41,59,90,90,120,120,120,155,165,165,180,180,180],"floor_reached":51,"playtime":3762,"items_purged":["Strike_B","Writhe"],"score":794,"play_id":"0afb043c-4046-4c6b-aa66-13fadf9963c6","local_time":"20190416211909","is_ascension_mode":true,"campfire_choices":[{"data":"Biased Cognition","floor":10,"key":"SMITH"},{"floor":15,"key":"REST"},{"floor":23,"key":"REST"},{"data":"Loop","floor":25,"key":"SMITH"},{"floor":32,"key":"REST"},{"floor":41,"key":"REST"},{"floor":44,"key":"REST"},{"data":"Seek","floor":49,"key":"SMITH"}],"neow_cost":"NONE","seed_source_timestamp":162940821410103,"circlet_count":0,"master_deck":["Strike_B","Strike_B","Strike_B","Defend_B","Defend_B","Defend_B","Zap+1","Dualcast","Go for the Eyes","BootSequence","Biased Cognition+1","Leap","Genetic Algorithm","Cold Snap","Loop+1","Electrodynamics","Steam+1","Darkness","Ball Lightning+1","Seek+1","Seek","Tempest+1","Coolheaded","Coolheaded+1"],"relics":["Cracked Core","ClockworkSouvenir","Potion Belt","Smiling Mask","Orichalcum","Unceasing Top","Inserter","Question Card","Pen Nib","Bronze Scales","Busted Crown","Omamori","Blood Vial","Darkstone Periapt","Turnip"],"potions_floor_usage":[24,33,42,45,45,46,50,50],"damage_taken":[{"damage":1,"enemies":"Jaw Worm","floor":1,"turns":3},{"damage":0,"enemies":"Small Slimes","floor":3,"turns":3},{"damage":0,"enemies":"Cultist","floor":5,"turns":3},{"damage":28,"enemies":"Gremlin Nob","floor":6,"turns":5},{"damage":8,"enemies":"Lagavulin","floor":8,"turns":7},{"damage":10,"enemies":"Gremlin Gang","floor":11,"turns":4},{"damage":0,"enemies":"Large Slime","floor":12,"turns":4},{"damage":8,"enemies":"3 Sentries","floor":14,"turns":6},{"damage":22,"enemies":"The Guardian","floor":16,"turns":14},{"damage":0,"enemies":"Chosen","floor":18,"turns":5},{"damage":17,"enemies":"2 Thieves","floor":20,"turns":4},{"damage":14,"enemies":"Shelled Parasite and Fungi","floor":21,"turns":5},{"damage":17,"enemies":"Centurion and Healer","floor":22,"turns":5},{"damage":6,"enemies":"Book of Stabbing","floor":24,"turns":7},{"damage":5,"enemies":"Snake Plant","floor":28,"turns":4},{"damage":0,"enemies":"Chosen and Byrds","floor":29,"turns":5},{"damage":0,"enemies":"Cultist and Chosen","floor":31,"turns":4},{"damage":31,"enemies":"Champ","floor":33,"turns":8},{"damage":10,"enemies":"3 Darklings","floor":35,"turns":3},{"damage":0,"enemies":"Orb Walker","floor":37,"turns":3},{"damage":12,"enemies":"Maw","floor":38,"turns":6},{"damage":0,"enemies":"Spire Growth","floor":39,"turns":5},{"damage":39,"enemies":"Nemesis","floor":40,"turns":5},{"damage":21,"enemies":"Giant Head","floor":42,"turns":9},{"damage":0,"enemies":"Nemesis","floor":45,"turns":5},{"damage":0,"enemies":"Transient","floor":46,"turns":5},{"damage":0,"enemies":"Maw","floor":48,"turns":6},{"damage":28,"enemies":"Donu and Deca","floor":50,"turns":6}],"seed_played":"-7335542262451886533","potions_obtained":[{"floor":6,"key":"LiquidBronze"},{"floor":8,"key":"Dexterity Potion"},{"floor":16,"key":"PowerPotion"},{"floor":18,"key":"EssenceOfSteel"},{"floor":20,"key":"Energy Potion"},{"floor":27,"key":"FairyPotion"},{"floor":35,"key":"Poison Potion"},{"floor":40,"key":"Regen Potion"},{"floor":42,"key":"GamblersBrew"},{"floor":45,"key":"Explosive Potion"}],"is_trial":false,"path_per_floor":["M","?","M","$","M","E","?","E","T","R","M","M","?","E","R","B",null,"M","?","M","M","M","R","E","R","T","?","M","M","$","M","R","B",null,"M","$","M","M","M","E","R","E","T","R","E","M","?","M","R","B",null],"character_chosen":"DEFECT","items_purchased":["ClockworkSouvenir","Ancient Potion","Seek","Omamori"],"campfire_rested":5,"item_purchase_floors":[4,30,30,36],"current_hp_per_floor":[74,74,74,74,74,46,51,43,43,43,33,33,33,25,49,27,80,80,80,63,49,32,56,50,50,50,50,45,45,45,45,69,38,80,70,70,70,58,58,19,43,24,24,48,64,66,66,68,68,42],"gold":180,"neow_bonus":"HUNDRED_GOLD","is_prod":false,"is_daily":false,"chose_seed":false,"campfire_upgraded":3,"win_rate":0,"timestamp":1555445949,"path_taken":["M","?","M","$","M","E","?","E","T","R","M","M","?","E","R","BOSS","M","?","M","M","M","R","E","R","T","?","M","M","$","M","R","BOSS","M","$","M","?","?","E","R","E","T","R","E","M","?","M","R","BOSS"],"build_version":"2019-01-23","purchased_purges":2,"victory":true,"max_hp_per_floor":[75,75,75,75,75,75,80,80,80,80,80,80,80,80,80,80,80,80,80,80,80,80,80,80,80,80,80,80,80,80,80,80,80,80,80,80,80,80,80,80,80,80,80,80,80,80,80,80,80,80],"card_choices":[{"not_picked":["Barrage","Storm","Beam Cell"],"picked":"SKIP","floor":1},{"not_picked":["Loop","Streamline"],"picked":"Go for the Eyes","floor":3},{"not_picked":["Hello World","Conserve Battery"],"picked":"BootSequence","floor":5},{"not_picked":["Steam","Beam Cell"],"picked":"Biased Cognition","floor":6},{"not_picked":["Reprogram","Auto Shields"],"picked":"Leap","floor":8},{"not_picked":["Storm","Melter"],"picked":"Genetic Algorithm","floor":11},{"not_picked":["Streamline","Defragment"],"picked":"Cold Snap","floor":12},{"not_picked":["Leap","Lockon"],"picked":"Loop","floor":14},{"not_picked":["Amplify","All For One"],"picked":"Electrodynamics","floor":16},{"not_picked":["Turbo","Hologram","Streamline"],"picked":"SKIP","floor":18},{"not_picked":["Compile Driver","Reinforced Body","Sweeping Beam+1"],"picked":"Steam+1","floor":20},{"not_picked":["Blizzard+1","Barrage","Streamline","Reinforced Body"],"picked":"SKIP","floor":21},{"not_picked":["Undo","Turbo","Cold Snap","Steam"],"picked":"SKIP","floor":22},{"not_picked":["Hologram","Leap+1","Static Discharge","Reinforced Body"],"picked":"SKIP","floor":24},{"not_picked":["Recycle","BootSequence","Leap+1"],"picked":"Darkness","floor":28},{"not_picked":["Compile Driver","Streamline","Beam Cell+1"],"picked":"Ball Lightning+1","floor":29},{"not_picked":["Rebound","Rip and Tear","Streamline","Ball Lightning+1"],"picked":"SKIP","floor":31},{"not_picked":["Biased Cognition","Fission","Multi-Cast"],"picked":"Seek","floor":33},{"not_picked":["Rebound+1","Double Energy+1"],"picked":"SKIP","floor":35},{"not_picked":["Compile Driver+1","Conserve Battery"],"picked":"SKIP","floor":37},{"not_picked":["Genetic Algorithm+1","Melter+1"],"picked":"SKIP","floor":38},{"not_picked":["Redo+1"],"picked":"Tempest+1","floor":39},{"not_picked":["Go for the Eyes"],"picked":"Coolheaded","floor":40},{"not_picked":["Blizzard+1","Meteor Strike"],"picked":"SKIP","floor":42},{"not_picked":["Capacitor"],"picked":"Coolheaded+1","floor":45},{"not_picked":["Sunder+1","Gash+1"],"picked":"SKIP","floor":46},{"not_picked":["Stack+1","Storm+1"],"picked":"SKIP","floor":48}],"player_experience":1770756,"relics_obtained":[{"floor":6,"key":"Potion Belt"},{"floor":8,"key":"Smiling Mask"},{"floor":9,"key":"Orichalcum"},{"floor":14,"key":"Unceasing Top"},{"floor":24,"key":"Pen Nib"},{"floor":26,"key":"Bronze Scales"},{"floor":40,"key":"Blood Vial"},{"floor":42,"key":"Darkstone Periapt"},{"floor":43,"key":"Turnip"}],"event_choices":[{"damage_healed":0,"gold_gain":0,"player_choice":"Grow","damage_taken":0,"max_hp_gain":0,"max_hp_loss":0,"event_name":"Living Wall","floor":2,"gold_loss":0,"cards_upgraded":["Zap"]},{"damage_healed":0,"gold_gain":0,"player_choice":"Donut","damage_taken":0,"max_hp_gain":5,"max_hp_loss":0,"event_name":"Big Fish","floor":7,"gold_loss":0},{"damage_healed":0,"gold_gain":0,"player_choice":"Left Gold","damage_taken":0,"max_hp_gain":0,"max_hp_loss":0,"event_name":"World of Goop","floor":13,"gold_loss":37},{"damage_healed":0,"gold_gain":0,"player_choice":"Opened","damage_taken":0,"relics_obtained":["Question Card"],"max_hp_gain":0,"max_hp_loss":0,"event_name":"The Mausoleum","floor":19,"gold_loss":0,"cards_obtained":["Writhe"]},{"damage_healed":0,"gold_gain":0,"player_choice":"Bought 1 Potion","damage_taken":0,"max_hp_gain":0,"max_hp_loss":0,"event_name":"The Woman in Blue","floor":27,"gold_loss":0},{"cards_removed":["Defend_B"],"damage_healed":0,"gold_gain":0,"player_choice":"Removed Skill","damage_taken":0,"max_hp_gain":0,"max_hp_loss":0,"event_name":"Falling","floor":47,"gold_loss":0}],"is_beta":false,"boss_relics":[{"not_picked":["Tiny House","FrozenCore"],"picked":"Inserter"},{"not_picked":["Philosopher\u0027s Stone","Runic Dome"],"picked":"Busted Crown"}],"items_purged_floors":[30,36],"is_endless":false,"potions_floor_spawned":[6,8,16,18,20,22,28,29,35,40,42,45],"ascension_level":1}