{"gold_per_floor":[113,131,131,56,66,66,12,37,37,47,47,47,66,92,92,191,191,206,216,54,66,79,5,5,40,40,40,51,51,78,91,91,196,196,211,211,225,29,49,49,61,61,87,87,97,124,24,44,44,44],"floor_reached":51,"playtime":2994,"items_purged":["Pain","Shame"],"score":709,"play_id":"b2b2b293-6ce9-4808-bc61-2005d9dc7911","local_time":"20190315204956","is_ascension_mode":false,"campfire_choices":[{"data":"Defragment","floor":6,"key":"SMITH"},{"data":"Zap","floor":12,"key":"SMITH"},{"floor":15,"key":"REST"},{"floor":29,"key":"REST"},{"floor":32,"key":"REST"},{"data":"White Noise","floor":42,"key":"SMITH"},{"data":"Chaos","floor":44,"key":"SMITH"},{"floor":49,"key":"REST"}],"neow_cost":"NONE","seed_source_timestamp":352077195505068,"circlet_count":0,"master_deck":["Strike_B","Strike_B","Defend_B","Defend_B+1","Defend_B+1","Defend_B","Zap+1","Dualcast","Defragment+1","Leap","Melter","Gash","Capacitor+1","Chaos+1","Doom and Gloom","Buffer+1","Barrage+1","Streamline","Echo Form+1","Defragment+1","White Noise+1","Echo Form+1","All For One","Coolheaded","Ball Lightning+1","Loop+1","Cold Snap+1","Redo+1","BootSequence+1","Defragment+1","Defragment+1"],"relics":["Cracked Core","WarpedTongs","Frozen Egg 2","Kunai","War Paint","Nuclear Battery","DataDisk","Meat on the Bone","Matryoshka","Strawberry","Boot","Sozu","ClockworkSouvenir","Blood Vial","Bronze Scales","Letter Opener"],"potions_floor_usage":[21,21,25,33,50],"damage_taken":[{"damage":0,"enemies":"2 Louse","floor":1,"turns":1},{"damage":1,"enemies":"Cultist","floor":2,"turns":3},{"damage":10,"enemies":"Small Slimes","floor":5,"turns":3},{"damage":15,"enemies":"3 Sentries","floor":8,"turns":7},{"damage":6,"enemies":"3 Louse","floor":10,"turns":3},{"damage":4,"enemies":"Blue Slaver","floor":13,"turns":3},{"damage":5,"enemies":"Lagavulin","floor":14,"turns":7},{"damage":43,"enemies":"Hexaghost","floor":16,"turns":8},{"damage":10,"enemies":"Chosen","floor":18,"turns":4},{"damage":0,"enemies":"Spheric Guardian","floor":19,"turns":2},{"damage":13,"enemies":"Shelled Parasite and Fungi","floor":21,"turns":5},{"damage":0,"enemies":"Snecko","floor":22,"turns":4},{"damage":33,"enemies":"Book of Stabbing","floor":25,"turns":5},{"damage":13,"enemies":"Snake Plant","floor":28,"turns":4},{"damage":4,"enemies":"Cultist and Chosen","floor":31,"turns":7},{"damage":54,"enemies":"Automaton","floor":33,"turns":7},{"damage":9,"enemies":"3 Shapes","floor":35,"turns":5},{"damage":0,"enemies":"Orb Walker","floor":37,"turns":3},{"damage":0,"enemies":"Maw","floor":39,"turns":7},{"damage":18,"enemies":"4 Shapes","floor":41,"turns":6},{"damage":0,"enemies":"Transient","floor":45,"turns":5},{"damage":21,"enemies":"Nemesis","floor":46,"turns":7},{"damage":0,"enemies":"Sphere and 2 Shapes","floor":48,"turns":6},{"damage":7,"enemies":"Donu and Deca","floor":50,"turns":7}],"seed_played":"-5079895386362233168","potions_obtained":[{"floor":8,"key":"Ancient Potion"},{"floor":14,"key":"Block Potion"},{"floor":16,"key":"Block Potion"},{"floor":28,"key":"Strength Potion"},{"floor":31,"key":"SpeedPotion"},{"floor":33,"key":"FocusPotion"}],"is_trial":false,"path_per_floor":["M","M","?","$","M","R","$","E","T","M","$","R","M","E","R","B",null,"M","M","$","M","M","$","?","E","T","?","M","R","T","M","R","B",null,"M","?","M","$","M","?","M","R","T","R","M","E","$","M","R","B",null],"character_chosen":"DEFECT","items_purchased":["Gash","Echo Form+1","White Noise","ClockworkSouvenir"],"campfire_rested":4,"item_purchase_floors":[7,20,23,38],"current_hp_per_floor":[82,81,81,81,71,71,71,56,56,50,50,50,46,41,65,22,82,72,72,72,59,59,59,59,26,26,26,25,49,56,52,78,36,89,80,80,80,80,80,80,62,62,62,62,64,45,45,47,73,68],"gold":44,"neow_bonus":"TEN_PERCENT_HP_BONUS","is_prod":false,"is_daily":false,"chose_seed":false,"campfire_upgraded":4,"win_rate":0,"timestamp":1552682996,"path_taken":["M","M","?","$","M","R","?","E","T","M","$","R","M","E","R","BOSS","M","M","$","M","M","$","?","E","T","?","M","R","?","?","R","BOSS","M","?","M","$","M","?","M","R","T","R","M","E","?","M","R","BOSS"],"build_version":"2019-01-23","purchased_purges":2,"victory":true,"max_hp_per_floor":[82,82,82,82,82,82,82,82,82,82,82,82,82,82,82,82,82,82,82,82,82,82,82,82,82,82,82,82,82,89,89,89,89,89,89,89,89,89,89,89,89,89,89,89,89,89,89,89,89,89],"card_choices":[{"not_picked":["Coolheaded","Double Energy"],"picked":"Defragment","floor":1},{"not_picked":["Beam Cell","Conserve Battery"],"picked":"Leap","floor":2},{"not_picked":["Steam","Double Energy"],"picked":"Melter","floor":5},{"not_picked":["Compile Driver","Undo","Go for the Eyes"],"picked":"SKIP","floor":8},{"not_picked":["Conserve Battery","Cold Snap"],"picked":"Capacitor+1","floor":10},{"not_picked":["Self Repair+1","Beam Cell"],"picked":"Chaos","floor":13},{"not_picked":["Sweeping Beam","Self Repair+1"],"picked":"Doom and Gloom","floor":14},{"not_picked":["All For One","Thunder Strike"],"picked":"Buffer+1","floor":16},{"not_picked":["Hologram","Conserve Battery"],"picked":"Barrage+1","floor":18},{"not_picked":["Hello World+1","Conserve Battery"],"picked":"Streamline","floor":19},{"not_picked":["Compile Driver","Melter+1"],"picked":"Defragment+1","floor":21},{"not_picked":["Leap","Sweeping Beam+1","Barrage+1"],"picked":"SKIP","floor":22},{"not_picked":["All For One","Rebound","Beam Cell"],"picked":"SKIP","floor":25},{"not_picked":["Cold Snap","Streamline"],"picked":"Coolheaded","floor":28},{"not_picked":["Streamline+1","Fusion"],"picked":"Ball Lightning+1","floor":31},{"not_picked":["Multi-Cast","All For One"],"picked":"Amplify","floor":33},{"not_picked":["White Noise+1","Gash+1"],"picked":"Loop+1","floor":35},{"not_picked":["Barrage+1","Compile Driver+1"],"picked":"Cold Snap+1","floor":37},{"not_picked":["Blizzard+1","Coolheaded","Doom and Gloom+1"],"picked":"SKIP","floor":39},{"not_picked":["Auto Shields+1","Hello World+1"],"picked":"Redo+1","floor":41},{"not_picked":["Darkness","Chaos"],"picked":"BootSequence+1","floor":45},{"not_picked":["Ball Lightning","Coolheaded+1"],"picked":"Defragment+1","floor":46},{"not_picked":["Hologram","Fusion+1"],"picked":"Defragment+1","floor":48}],"player_experience":1571567,"relics_obtained":[{"floor":8,"key":"Frozen Egg 2"},{"floor":9,"key":"Kunai"},{"floor":14,"key":"War Paint"},{"floor":25,"key":"DataDisk"},{"floor":26,"key":"Meat on the Bone"},{"floor":30,"key":"Strawberry"},{"floor":30,"key":"Boot"},{"floor":43,"key":"Blood Vial"},{"floor":43,"key":"Bronze Scales"},{"floor":46,"key":"Letter Opener"}],"event_choices":[{"damage_healed":0,"gold_gain":0,"player_choice":"Rummage","damage_taken":0,"relics_obtained":["WarpedTongs"],"max_hp_gain":0,"max_hp_loss":0,"event_name":"Accursed Blacksmith","floor":3,"gold_loss":0,"cards_obtained":["Pain"]},{"damage_healed":0,"gold_gain":0,"cards_transformed":["Strike_B","Strike_B"],"player_choice":"Became Test Subject","damage_taken":0,"max_hp_gain":0,"max_hp_loss":0,"event_name":"Drug Dealer","floor":24,"gold_loss":0,"cards_obtained":["Echo Form","All For One"]},{"damage_healed":0,"gold_gain":0,"player_choice":"Stole Relic","damage_taken":0,"relics_obtained":["Matryoshka"],"max_hp_gain":0,"max_hp_loss":0,"event_name":"Addict","floor":27,"gold_loss":0,"cards_obtained":["Shame"]},{"damage_healed":0,"gold_gain":0,"player_choice":"Ignored","damage_taken":0,"max_hp_gain":0,"max_hp_loss":0,"event_name":"Tomb of Lord Red Mask","floor":36,"gold_loss":0},{"cards_removed":["Amplify"],"damage_healed":0,"gold_gain":0,"player_choice":"Removed Skill","damage_taken":0,"max_hp_gain":0,"max_hp_loss":0,"event_name":"Falling","floor":40,"gold_loss":0}],"is_beta":false,"boss_relics":[{"not_picked":["Eternal Feather","Calling Bell"],"picked":"Nuclear Battery"},{"not_picked":["Orrery","Runic Dome"],"picked":"Sozu"}],"items_purged_floors":[4,47],"is_endless":false,"potions_floor_spawned":[8,14,16,18,28,31,33,37,41],"ascension_level":0}