{"gold_per_floor":[112,128,128,128,128,157,157,168,192,192,192,32,32],"floor_reached":13,"playtime":306,"items_purged":["Strike_B"],"score":154,"play_id":"605c57e5-f375-432a-9168-9a550055d498","local_time":"20190428173044","is_ascension_mode":true,"campfire_choices":[{"data":"Go for the Eyes","floor":7,"key":"SMITH"},{"floor":10,"key":"REST"}],"neow_cost":"NONE","seed_source_timestamp":701141357586900,"circlet_count":0,"master_deck":["AscendersBane","Defend_B","Defend_B","Defend_B","Defend_B","Zap+1","Dualcast","FTL","Steam","Go for the Eyes+1","Gash+1"],"relics":["Cracked Core","Pen Nib","Dream Catcher"],"potions_floor_usage":[13],"damage_taken":[{"damage":2,"enemies":"Cultist","floor":1,"turns":4},{"damage":0,"enemies":"Small Slimes","floor":2,"turns":2},{"damage":35,"enemies":"Lagavulin","floor":6,"turns":10},{"damage":2,"enemies":"2 Louse","floor":8,"turns":3},{"damage":55,"enemies":"Gremlin Nob","floor":13,"turns":4}],"seed_played":"7883814167453416669","potions_obtained":[{"floor":1,"key":"SneckoOil"}],"is_trial":false,"path_per_floor":["M","M","?","?","?","E","R","M","T","R","?","$","E"],"character_chosen":"DEFECT","items_purchased":["Regen Potion"],"campfire_rested":1,"item_purchase_floors":[12],"current_hp_per_floor":[62,62,55,55,55,20,20,18,18,39,39,39,0],"gold":32,"neow_bonus":"REMOVE_CARD","is_prod":false,"is_daily":false,"chose_seed":false,"campfire_upgraded":1,"win_rate":0,"timestamp":1556497844,"path_taken":["M","?","?","?","?","E","R","?","T","R","?","?","E"],"build_version":"2019-01-23","purchased_purges":1,"victory":false,"max_hp_per_floor":[71,71,71,71,71,71,71,71,71,71,71,71,71],"card_choices":[{"not_picked":["Reprogram","Static Discharge"],"picked":"FTL","floor":1},{"not_picked":["Streamline","Compile Driver"],"picked":"Steam","floor":2},{"not_picked":["Stack","Coolheaded"],"picked":"Go for the Eyes","floor":6},{"not_picked":["Sweeping Beam","Static Discharge","Redo"],"picked":"SKIP","floor":8},{"not_picked":["Stack","Machine Learning"],"picked":"Gash","floor":10}],"player_experience":1319776,"relics_obtained":[{"floor":6,"key":"Pen Nib"},{"floor":9,"key":"Dream Catcher"}],"event_choices":[{"cards_removed":["Strike_B"],"damage_healed":0,"gold_gain":0,"player_choice":"Card Removal","damage_taken":7,"max_hp_gain":0,"max_hp_loss":0,"event_name":"Golden Wing","floor":3,"gold_loss":0},{"cards_removed":["Strike_B"],"damage_healed":0,"gold_gain":0,"player_choice":"Forget","damage_taken":0,"max_hp_gain":0,"max_hp_loss":0,"event_name":"Living Wall","floor":4,"gold_loss":0},{"damage_healed":0,"gold_gain":0,"player_choice":"Upgraded","damage_taken":0,"max_hp_gain":0,"max_hp_loss":0,"event_name":"Upgrade Shrine","floor":5,"gold_loss":0,"cards_upgraded":["Zap"]},{"damage_healed":0,"gold_gain":0,"player_choice":"Forge","damage_taken":0,"max_hp_gain":0,"max_hp_loss":0,"event_name":"Accursed Blacksmith","floor":11,"gold_loss":0,"cards_upgraded":["Gash"]}],"is_beta":false,"boss_relics":[],"items_purged_floors":[12],"is_endless":false,"potions_floor_spawned":[1],"killed_by":"Gremlin Nob","ascension_level":18}