{"gold_per_floor":[117,128,128,145,36,70,25,25,25,58,72,82,82,115,115,115],"floor_reached":16,"playtime":1006,"items_purged":["Strike_G"],"score":156,"play_id":"b36f5c2b-60e9-40c2-8576-da2f2d67b89f","local_time":"20180727223520","is_ascension_mode":true,"campfire_choices":[{"data":"Noxious Fumes","floor":8,"key":"SMITH"},{"data":"Footwork","floor":13,"key":"SMITH"},{"data":"Neutralize","floor":15,"key":"SMITH"}],"neow_cost":"NONE","seed_source_timestamp":1032108602251802,"circlet_count":0,"master_deck":["Defend_G","Defend_G","Defend_G","Defend_G","Defend_G","Strike_G","Strike_G","Strike_G","Strike_G","Survivor","Neutralize+1","Dagger Spray","Dagger Throw","Noxious Fumes+1","Footwork+1","Dagger Throw","Noxious Fumes","Dodge and Roll","Dash"],"relics":["Philosopher\u0027s Stone","Matryoshka","Snake Skull","Anchor","Letter Opener","Blue Candle","Smiling Mask"],"potions_floor_usage":[6,12,16],"damage_taken":[{"damage":0,"enemies":"Small Slimes","floor":1,"turns":4},{"damage":0,"enemies":"2 Louse","floor":2,"turns":3},{"damage":0,"enemies":"Cultist","floor":4,"turns":3},{"damage":19,"enemies":"3 Sentries","floor":6,"turns":7},{"damage":7,"enemies":"Lagavulin","floor":10,"turns":7},{"damage":4,"enemies":"Exordium Thugs","floor":11,"turns":4},{"damage":0,"enemies":"Lots of Slimes","floor":12,"turns":2},{"damage":14,"enemies":"3 Sentries","floor":14,"turns":6},{"damage":45,"enemies":"The Guardian","floor":16,"turns":5}],"seed_played":"-6024903236998764749","potions_obtained":[{"floor":2,"key":"Regen Potion"},{"floor":6,"key":"Dexterity Potion"},{"floor":10,"key":"AttackPotion"},{"floor":12,"key":"FairyPotion"}],"is_trial":false,"path_per_floor":["M","M","?","M","$","E","$","R","T","E","M","M","R","E","R"],"character_chosen":"THE_SILENT","items_purchased":["Noxious Fumes","Dagger Throw"],"campfire_rested":0,"item_purchase_floors":[5,7],"current_hp_per_floor":[63,63,56,56,56,52,52,52,52,45,41,41,41,27,27,0],"gold":115,"neow_bonus":"BOSS_RELIC","is_prod":false,"is_daily":false,"chose_seed":false,"campfire_upgraded":3,"win_rate":0,"timestamp":1532756120,"path_taken":["M","M","?","M","$","E","?","R","T","E","M","?","R","E","R","BOSS"],"build_version":"2018-07-26","purchased_purges":1,"victory":false,"max_hp_per_floor":[70,70,70,70,70,70,70,70,70,70,70,70,70,70,70,70],"card_choices":[{"not_picked":["Outmaneuver","Acrobatics"],"picked":"Dagger Spray","floor":1},{"not_picked":["Poisoned Stab","Dagger Spray"],"picked":"Dagger Throw","floor":2},{"not_picked":["Choke","Outmaneuver","Acrobatics"],"picked":"SKIP","floor":4},{"not_picked":["Poisoned Stab","Tools of the Trade"],"picked":"Footwork","floor":6},{"not_picked":["Prepared","Concentrate"],"picked":"Noxious Fumes","floor":10},{"not_picked":["Skewer","Crippling Poison"],"picked":"Dodge and Roll","floor":11},{"not_picked":["PiercingWail","Slice"],"picked":"Dash","floor":12},{"not_picked":["Flying Knee","Tactician","All Out Attack"],"picked":"SKIP","floor":14}],"player_experience":170264,"relics_obtained":[{"floor":6,"key":"Snake Skull"},{"floor":9,"key":"Anchor"},{"floor":9,"key":"Letter Opener"},{"floor":10,"key":"Blue Candle"},{"floor":14,"key":"Smiling Mask"}],"event_choices":[{"event_name":"Scrap Ooze","player_choice":"success","floor":3,"damage_taken":7}],"is_beta":false,"boss_relics":[],"items_purged_floors":[5],"is_endless":false,"potions_floor_spawned":[2,6,10,12],"killed_by":"The Guardian","ascension_level":6}