{"gold_per_floor":[118,136,136,106,124,136,165,165,188,28,63,63,18,29,29,131,131,146,156,175,85,0,0,0,20,44,57,31,31,31,31],"floor_reached":31,"playtime":2790,"items_purged":[],"score":245,"play_id":"e31fc190-4caa-4e75-b45c-50c51fe7dccb","local_time":"20190619025822","is_ascension_mode":false,"campfire_choices":[{"floor":8,"key":"REST"},{"floor":12,"key":"REST"},{"floor":15,"key":"REST"},{"floor":23,"key":"REST"},{"floor":29,"key":"REST"}],"neow_cost":"NONE","seed_source_timestamp":39854275796000,"circlet_count":0,"master_deck":["Strike_B","Strike_B","Strike_B","Strike_B","Defend_B","Defend_B","Defend_B","Defend_B","Zap","Dualcast","Barrage","Darkness","Redo","Chill","Blizzard","Conserve Battery","Buffer","Auto Shields","Coolheaded","Conserve Battery","Storm","Fusion","All For One","Double Energy","Hologram+1","Skim+1","Leap","Lockon","Redo","Darkness+1","Amplify","Beam Cell","Leap+1"],"relics":["Cracked Core","Dream Catcher","Pen Nib","Blood Vial","PreservedInsect","Oddly Smooth Stone","Nilry\u0027s Codex","Bag of Preparation","Nloth\u0027s Gift"],"potions_floor_usage":[11,11,16,25,25,31],"damage_taken":[{"damage":1,"enemies":"Cultist","floor":1,"turns":3},{"damage":0,"enemies":"2 Louse","floor":2,"turns":2},{"damage":0,"enemies":"Small Slimes","floor":5,"turns":2},{"damage":4,"enemies":"Blue Slaver","floor":6,"turns":3},{"damage":40,"enemies":"3 Sentries","floor":7,"turns":12},{"damage":27,"enemies":"Gremlin Nob","floor":11,"turns":5},{"damage":3,"enemies":"2 Fungi Beasts","floor":14,"turns":4},{"damage":32,"enemies":"Slime Boss","floor":16,"turns":15},{"damage":8,"enemies":"Shell Parasite","floor":18,"turns":8},{"damage":26,"enemies":"Spheric Guardian","floor":19,"turns":6},{"damage":35,"enemies":"Centurion and Healer","floor":20,"turns":9},{"damage":28,"enemies":"Snake Plant","floor":25,"turns":5},{"damage":9,"enemies":"3 Cultists","floor":27,"turns":4},{"damage":54,"enemies":"Shelled Parasite and Fungi","floor":31,"turns":8}],"seed_played":"3573057393527073206","potions_obtained":[{"floor":2,"key":"FocusPotion"},{"floor":4,"key":"SkillPotion"},{"floor":4,"key":"FairyPotion"},{"floor":11,"key":"Block Potion"},{"floor":16,"key":"SpeedPotion"},{"floor":18,"key":"SkillPotion"},{"floor":27,"key":"SneckoOil"}],"is_trial":false,"path_per_floor":["?","?","M","$","?","?","?"],"character_chosen":"DEFECT","items_purchased":["Buffer","Conserve Battery","Leap","Lockon","Beam Cell"],"campfire_rested":5,"item_purchase_floors":[10,13,21,21,28],"current_hp_per_floor":[74,74,74,74,74,70,30,52,52,52,27,49,49,48,70,40,75,67,43,10,10,10,47,31,5,5,7,7,47,47,0],"gold":31,"neow_bonus":"RANDOM_COMMON_RELIC","is_prod":false,"is_daily":false,"chose_seed":false,"campfire_upgraded":0,"win_rate":0.0,"timestamp":1560938302,"path_taken":["M","M","?","?","?","M","E","R","T","$","E","R","?","M","R","BOSS","M","M","M","$","?","R","?","M","T","M","$","R","?","M"],"build_version":"2019-01-23","purchased_purges":0,"victory":false,"max_hp_per_floor":[75,75,75,75,75,75,75,75,75,75,75,75,75,75,75,75,75,75,75,75,75,75,75,75,75,75,75,75,75,75,75],"card_choices":[{"not_picked":["Beam Cell","Hologram"],"picked":"Barrage","floor":1},{"not_picked":["Steam","Cold Snap"],"picked":"Darkness","floor":2},{"not_picked":["Force Field","Hologram"],"picked":"Redo","floor":5},{"not_picked":["Tempest","Stack"],"picked":"Chill","floor":6},{"not_picked":["Lockon","FTL"],"picked":"Blizzard","floor":7},{"not_picked":["Biased Cognition","Consume"],"picked":"Conserve Battery","floor":8},{"not_picked":["Beam Cell","Gash"],"picked":"Auto Shields","floor":11},{"not_picked":["Conserve Battery","Stack"],"picked":"Coolheaded","floor":12},{"not_picked":["Rip and Tear","Genetic Algorithm"],"picked":"Storm","floor":14},{"not_picked":["Cold Snap","Conserve Battery"],"picked":"Fusion","floor":15},{"not_picked":["Multi-Cast","Reboot"],"picked":"All For One","floor":16},{"not_picked":["Steam","Skim+1"],"picked":"Double Energy","floor":18},{"not_picked":["Blizzard","Go for the Eyes"],"picked":"Hologram+1","floor":19},{"not_picked":["Reprogram","FTL"],"picked":"Skim+1","floor":20},{"not_picked":["Streamline","Steam"],"picked":"Redo","floor":23},{"not_picked":["Hello World","Compile Driver"],"picked":"Darkness+1","floor":25},{"not_picked":["FTL","Leap"],"picked":"Amplify","floor":27},{"not_picked":["Redo","Barrage"],"picked":"Leap+1","floor":29}],"player_experience":12785,"relics_obtained":[{"floor":7,"key":"Pen Nib"},{"floor":9,"key":"Blood Vial"},{"floor":11,"key":"PreservedInsect"},{"floor":24,"key":"Nilry\u0027s Codex"},{"floor":26,"key":"Bag of Preparation"}],"event_choices":[{"damage_healed":0,"gold_gain":0,"player_choice":"Ignored","damage_taken":0,"max_hp_gain":0,"max_hp_loss":0,"event_name":"Golden Wing","floor":3,"gold_loss":0},{"damage_healed":0,"gold_gain":0,"player_choice":"Bought 2 Potions","damage_taken":0,"max_hp_gain":0,"max_hp_loss":0,"event_name":"The Woman in Blue","floor":4,"gold_loss":0},{"damage_healed":0,"gold_gain":0,"player_choice":"Obtained Relic","damage_taken":0,"relics_obtained":["Oddly Smooth Stone"],"max_hp_gain":0,"max_hp_loss":0,"event_name":"Addict","floor":22,"gold_loss":85},{"damage_healed":0,"gold_gain":0,"player_choice":"Obtained Book","damage_taken":16,"max_hp_gain":0,"max_hp_loss":0,"event_name":"Cursed Tome","floor":24,"gold_loss":0},{"damage_healed":0,"gold_gain":0,"player_choice":"Traded Relic","damage_taken":0,"relics_obtained":["Nloth\u0027s Gift"],"max_hp_gain":0,"max_hp_loss":0,"event_name":"N\u0027loth","floor":30,"relics_lost":["Eternal Feather"],"gold_loss":0}],"is_beta":false,"boss_relics":[{"not_picked":["Cursed Key","Astrolabe"],"picked":"Eternal Feather"}],"items_purged_floors":[],"is_endless":false,"potions_floor_spawned":[2,7,11,16,18,20,27],"killed_by":"Shelled Parasite and Fungi","ascension_level":0}