{"gold_per_floor":[118,132,132,132,143,143,155,171,198,198,215,215,215,231,231,330,330,341,355,355,78,88,88,102,114,114,148,148,148,148,166,166,264,264,279,298,198,420,436,436,481,581,581,591,601,601,621,636,636,636],"floor_reached":51,"playtime":3787,"items_purged":["Strike_R","Strike_R+1"],"score":961,"play_id":"e00bceb4-27fa-460b-9803-df557be40027","local_time":"20190627232704","is_ascension_mode":true,"campfire_choices":[{"data":"Searing Blow","floor":6,"key":"SMITH"},{"data":"Searing Blow+1","floor":10,"key":"SMITH"},{"data":"Searing Blow+2","floor":12,"key":"SMITH"},{"data":"Searing Blow+3","floor":15,"key":"SMITH"},{"data":"Searing Blow+4","floor":23,"key":"SMITH"},{"data":"Searing Blow+5","floor":28,"key":"SMITH"},{"floor":32,"key":"REST"},{"data":"Searing Blow+6","floor":40,"key":"SMITH"},{"data":"Searing Blow+7","floor":46,"key":"SMITH"},{"floor":49,"key":"REST"}],"neow_cost":"NONE","seed_source_timestamp":403518889563399,"circlet_count":0,"master_deck":["AscendersBane","Defend_R+1","Defend_R+1","Defend_R+1","Defend_R+1","Bash","Searing Blow+8","Armaments","Impervious","Dual Wield","Armaments","Armaments+1","Battle Trance","Hologram","Enlightenment+1","Parasite"],"relics":["Burning Blood","NeowsBlessing","Oddly Smooth Stone","Red Skull","Velvet Choker","CultistMask","PrismaticShard","Potion Belt","Red Mask","Empty Cage","Pocketwatch","Blue Candle"],"potions_floor_usage":[7,16,33,33,50,50,50],"damage_taken":[{"damage":0,"enemies":"2 Louse","floor":1,"turns":1},{"damage":0,"enemies":"Small Slimes","floor":2,"turns":1},{"damage":0,"enemies":"Cultist","floor":5,"turns":1},{"damage":16,"enemies":"Exordium Thugs","floor":7,"turns":7},{"damage":13,"enemies":"Red Slaver","floor":8,"turns":3},{"damage":4,"enemies":"2 Fungi Beasts","floor":11,"turns":4},{"damage":0,"enemies":"3 Louse","floor":14,"turns":4},{"damage":38,"enemies":"The Guardian","floor":16,"turns":10},{"damage":21,"enemies":"3 Byrds","floor":18,"turns":7},{"damage":12,"enemies":"Chosen","floor":19,"turns":4},{"damage":0,"enemies":"Snecko","floor":22,"turns":4},{"damage":2,"enemies":"Centurion and Healer","floor":24,"turns":5},{"damage":23,"enemies":"3 Cultists","floor":25,"turns":7},{"damage":20,"enemies":"Masked Bandits","floor":27,"turns":5},{"damage":5,"enemies":"Colosseum Slavers","floor":29,"turns":6},{"damage":14,"enemies":"Sentry and Sphere","floor":31,"turns":4},{"damage":37,"enemies":"Champ","floor":33,"turns":7},{"damage":8,"enemies":"3 Darklings","floor":35,"turns":7},{"damage":0,"enemies":"3 Shapes","floor":36,"turns":8},{"damage":24,"enemies":"Writhing Mass","floor":39,"turns":6},{"damage":20,"enemies":"2 Orb Walkers","floor":41,"turns":4},{"damage":1,"enemies":"Spire Growth","floor":44,"turns":3},{"damage":9,"enemies":"Jaw Worm Horde","floor":45,"turns":4},{"damage":1,"enemies":"Sphere and 2 Shapes","floor":47,"turns":5},{"damage":6,"enemies":"Transient","floor":48,"turns":5},{"damage":44,"enemies":"Time Eater","floor":50,"turns":7}],"seed_played":"7620442634297182493","potions_obtained":[{"floor":1,"key":"BloodPotion"},{"floor":5,"key":"Fruit Juice"},{"floor":8,"key":"LiquidBronze"},{"floor":16,"key":"Strength Potion"},{"floor":18,"key":"LiquidBronze"},{"floor":25,"key":"FearPotion"},{"floor":33,"key":"Ancient Potion"},{"floor":36,"key":"Dexterity Potion"},{"floor":47,"key":"EssenceOfSteel"}],"is_trial":false,"path_per_floor":["M","M","?","?","M","R","M","M","T","R","M","R","?","M","R","B",null,"M","M","?","$","M","R","M","M","T","?","R","?","?","M","R","B",null,"M","M","$","?","M","R","?","?","T","M","M","R","M","M","R","B",null],"character_chosen":"IRONCLAD","items_purchased":["PrismaticShard"],"campfire_rested":2,"item_purchase_floors":[21],"current_hp_per_floor":[78,80,80,73,79,79,74,67,67,67,69,69,69,75,75,43,75,60,54,54,54,60,60,64,47,47,33,33,34,34,26,51,20,69,67,73,73,73,55,55,41,41,41,46,43,43,48,48,73,35],"gold":636,"neow_bonus":"THREE_ENEMY_KILL","is_prod":false,"is_daily":false,"chose_seed":false,"campfire_upgraded":8,"win_rate":0,"timestamp":1561703224,"path_taken":["M","M","?","?","M","R","M","M","T","R","M","R","?","M","R","BOSS","M","?","?","$","?","R","M","M","T","?","R","?","?","M","R","BOSS","M","M","$","?","M","R","?","?","T","M","M","R","?","M","R","BOSS"],"build_version":"2019-01-23","purchased_purges":2,"victory":true,"max_hp_per_floor":[80,80,80,80,80,80,85,85,85,85,85,85,85,85,85,85,85,85,85,85,85,85,85,85,85,85,85,85,85,85,85,85,85,85,85,85,85,85,85,85,85,85,85,85,85,85,85,85,85,85],"card_choices":[{"not_picked":["Ghostly Armor","Sword Boomerang"],"picked":"Searing Blow","floor":1},{"not_picked":["Pummel","Uppercut","Flex"],"picked":"SKIP","floor":2},{"not_picked":["Twin Strike","Metallicize"],"picked":"Armaments","floor":5},{"not_picked":["True Grit","Bloodletting","Dropkick"],"picked":"SKIP","floor":7},{"not_picked":["Clash","Heavy Blade","Wild Strike"],"picked":"SKIP","floor":8},{"not_picked":["Wild Strike","Immolate","Pommel Strike"],"picked":"SKIP","floor":11},{"not_picked":["Twin Strike","Flex","Corruption"],"picked":"SKIP","floor":14},{"not_picked":["Feed","Limit Break"],"picked":"Impervious","floor":16},{"not_picked":["Cleave","Clash"],"picked":"Dual Wield","floor":18},{"not_picked":["Twin Strike","True Grit"],"picked":"Armaments","floor":19},{"not_picked":["Steam","Eviscerate","Compile Driver"],"picked":"SKIP","floor":22},{"not_picked":["Predator","Seeing Red"],"picked":"Armaments+1","floor":24},{"not_picked":["Havoc","Dagger Spray","Deadly Poison"],"picked":"SKIP","floor":25},{"not_picked":["PiercingWail","True Grit"],"picked":"Battle Trance","floor":27},{"not_picked":["Underhanded Strike","Recycle","Good Instincts"],"picked":"SKIP","floor":31},{"not_picked":["Ball Lightning","Dropkick"],"picked":"Hologram","floor":35},{"not_picked":["Gash+1","Steam"],"picked":"Enlightenment+1","floor":36},{"not_picked":["Conserve Battery","Mind Blast+1","Chaos"],"picked":"SKIP","floor":39},{"not_picked":["PanicButton","Bane+1","Choke"],"picked":"SKIP","floor":44},{"not_picked":["Stack+1","Backflip","Acrobatics+1"],"picked":"SKIP","floor":45},{"not_picked":["Twin Strike","Barrage+1","Deflect+1"],"picked":"SKIP","floor":47},{"not_picked":["Endless Agony+1","Twin Strike+1","Iron Wave+1"],"picked":"SKIP","floor":48}],"player_experience":239646,"relics_obtained":[{"floor":9,"key":"Oddly Smooth Stone"},{"floor":26,"key":"Potion Belt"},{"floor":27,"key":"Red Mask"},{"floor":41,"key":"Pocketwatch"},{"floor":43,"key":"Blue Candle"}],"event_choices":[{"damage_healed":0,"gold_gain":0,"player_choice":"Ignored","damage_taken":0,"max_hp_gain":0,"max_hp_loss":0,"event_name":"Liars Game","floor":3,"gold_loss":0},{"cards_removed":["Strike_R"],"damage_healed":0,"gold_gain":0,"player_choice":"Card Removal","damage_taken":7,"max_hp_gain":0,"max_hp_loss":0,"event_name":"Golden Wing","floor":4,"gold_loss":0},{"damage_healed":0,"gold_gain":0,"player_choice":"Gave Potion","damage_taken":0,"relics_obtained":["Red Skull"],"max_hp_gain":0,"max_hp_loss":0,"event_name":"WeMeetAgain","floor":13,"gold_loss":0},{"damage_healed":0,"gold_gain":0,"player_choice":"Trade","damage_taken":0,"relics_obtained":["CultistMask"],"max_hp_gain":0,"max_hp_loss":0,"event_name":"FaceTrader","floor":20,"gold_loss":0},{"damage_healed":0,"gold_gain":0,"player_choice":"Fought Bandits","damage_taken":0,"max_hp_gain":0,"max_hp_loss":0,"event_name":"Masked Bandits","floor":27,"gold_loss":0},{"damage_healed":0,"gold_gain":0,"player_choice":"Fight","damage_taken":0,"max_hp_gain":0,"max_hp_loss":0,"event_name":"Colosseum","floor":29,"gold_loss":0},{"damage_healed":0,"gold_gain":0,"player_choice":"Fled From Nobs","damage_taken":0,"max_hp_gain":0,"max_hp_loss":0,"event_name":"Colosseum","floor":29,"gold_loss":0},{"damage_healed":0,"gold_gain":0,"player_choice":"Simplicity","damage_taken":0,"max_hp_gain":0,"max_hp_loss":0,"event_name":"Back to Basics","floor":30,"gold_loss":0,"cards_upgraded":["Strike_R","Strike_R","Strike_R","Defend_R","Defend_R","Defend_R","Defend_R"]},{"damage_healed":0,"gold_gain":222,"player_choice":"Wore Mask","damage_taken":0,"max_hp_gain":0,"max_hp_loss":0,"event_name":"Tomb of Lord Red Mask","floor":38,"gold_loss":0},{"damage_healed":0,"gold_gain":0,"player_choice":"Fight","damage_taken":0,"max_hp_gain":0,"max_hp_loss":0,"event_name":"Mysterious Sphere","floor":41,"gold_loss":0},{"damage_healed":0,"gold_gain":100,"player_choice":"Pray","damage_taken":0,"max_hp_gain":0,"max_hp_loss":0,"event_name":"Golden Shrine","floor":42,"gold_loss":0}],"is_beta":false,"boss_relics":[{"not_picked":["Astrolabe","Busted Crown"],"picked":"Velvet Choker"},{"not_picked":["Eternal Feather","White Beast Statue"],"picked":"Empty Cage"}],"items_purged_floors":[21,37],"is_endless":false,"potions_floor_spawned":[1,5,8,11,16,18,25,29,33,36,47],"ascension_level":11}