{"gold_per_floor":[217,217,231,247,265,301,301,277,358,381,381,414,438,133,133,222,222,247,86,99,118,142,175,175,175,256,256,292,57,78,116,116,212,212,233,251,251,201,201,201,214,214,214,234,275,300,300,66,66,66],"floor_reached":51,"playtime":5136,"items_purged":["Strike_R","Strike_R"],"score":1385,"play_id":"8a467427-1136-4140-9c30-a31598d0e759","local_time":"20190705171730","is_ascension_mode":true,"campfire_choices":[{"data":"Uppercut","floor":7.0,"key":"SMITH"},{"data":"Flame Barrier","floor":11.0,"key":"SMITH"},{"data":"Body Slam","floor":15.0,"key":"SMITH"},{"data":"Body Slam","floor":27.0,"key":"SMITH"},{"data":"Demon Form","floor":32.0,"key":"SMITH"},{"data":"Shockwave","floor":40.0,"key":"SMITH"},{"data":"Armaments","floor":42.0,"key":"SMITH"},{"data":"Metallicize","floor":47,"key":"SMITH"},{"data":"Bash","floor":49,"key":"SMITH"}],"neow_cost":"NONE","seed_source_timestamp":551962505227689,"circlet_count":0,"master_deck":["AscendersBane","Defend_R","Defend_R+1","Defend_R","Defend_R","Bash+1","Flame Barrier+1","Uppercut+1","Ghostly Armor","Twin Strike","Armaments","Carnage","Body Slam+1","Shrug It Off","Demon Form+1","Entrench","Offering+1","Thunderclap","Dropkick","Headbutt","Body Slam+1","Metallicize+1","Armaments+1","Shockwave+1","Shrug It Off","Reaper","Shrug It Off","Ghostly Armor","Parasite","Whirlwind+1","Ghostly Armor+1"],"special_seed":0,"relics":["Burning Blood","Golden Idol","StoneCalendar","Meat on the Bone","Pocketwatch","Sling","Black Star","War Paint","Turnip","Blue Candle","The Courier","Paper Frog","FossilizedHelix","Smiling Mask","Juzu Bracelet","Snecko Eye","Letter Opener","Bronze Scales","Prayer Wheel","Shuriken"],"potions_floor_usage":[45,50,50],"damage_taken":[{"damage":0.0,"enemies":"2 Louse","floor":1.0,"turns":4.0},{"damage":0.0,"enemies":"Small Slimes","floor":3.0,"turns":3.0},{"damage":2.0,"enemies":"Jaw Worm","floor":4.0,"turns":4.0},{"damage":11.0,"enemies":"Looter","floor":5.0,"turns":4.0},{"damage":47.0,"enemies":"3 Sentries","floor":6.0,"turns":12.0},{"damage":15.0,"enemies":"Exordium Thugs","floor":8.0,"turns":6.0},{"damage":1.0,"enemies":"2 Fungi Beasts","floor":10.0,"turns":3.0},{"damage":0.0,"enemies":"Lagavulin","floor":12.0,"turns":7.0},{"damage":11.0,"enemies":"Looter","floor":13.0,"turns":3.0},{"damage":1.0,"enemies":"The Guardian","floor":16.0,"turns":11.0},{"damage":39.0,"enemies":"2 Thieves","floor":18.0,"turns":5.0},{"damage":14.0,"enemies":"3 Byrds","floor":20.0,"turns":6.0},{"damage":20.0,"enemies":"3 Cultists","floor":21.0,"turns":6.0},{"damage":30.0,"enemies":"Snake Plant","floor":22.0,"turns":4.0},{"damage":37.0,"enemies":"Slavers","floor":23.0,"turns":5.0},{"damage":6.0,"enemies":"Gremlin Leader","floor":28.0,"turns":7.0},{"damage":3.0,"enemies":"Centurion and Healer","floor":30.0,"turns":4.0},{"damage":20.0,"enemies":"Book of Stabbing","floor":31.0,"turns":7.0},{"damage":0.0,"enemies":"Champ","floor":33.0,"turns":8.0},{"damage":0.0,"enemies":"3 Shapes","floor":35.0,"turns":7.0},{"damage":0.0,"enemies":"3 Darklings","floor":36.0,"turns":3.0},{"damage":10.0,"enemies":"Writhing Mass","floor":41.0,"turns":5.0},{"damage":36,"enemies":"Transient","floor":44,"turns":5},{"damage":6,"enemies":"Reptomancer","floor":45,"turns":5},{"damage":0,"enemies":"Spire Growth","floor":46,"turns":6},{"damage":67,"enemies":"Donu and Deca","floor":50,"turns":7}],"seed_played":"388563137339884988","potions_obtained":[{"floor":1.0,"key":"Ancient Potion"},{"floor":5.0,"key":"SneckoOil"},{"floor":8.0,"key":"SpeedPotion"},{"floor":10.0,"key":"Strength Potion"},{"floor":12.0,"key":"BloodPotion"},{"floor":22.0,"key":"Weak Potion"},{"floor":28.0,"key":"SteroidPotion"},{"floor":30.0,"key":"BloodPotion"},{"floor":31.0,"key":"Strength Potion"}],"is_trial":false,"path_per_floor":["M","?","M","M","M","E","R","M","T","M","R","E","M","$","R","B",null,"M","$","M","M","M","E","?","?","T","R","E","$","M","E","R","B",null,"M","M","?","$","?","R","M","R","T","M","E","M","R","$","R","B",null],"character_chosen":"IRONCLAD","items_purchased":["Shrug It Off","Sling","Offering","FossilizedHelix","Shuriken","AttackPotion"],"campfire_rested":0,"item_purchase_floors":[14,14,19,29,48,48],"current_hp_per_floor":[78,58,64,68,63,22,22,13,13,30,30,48,55,55,55,60,75,54,54,58,56,44,45,45,45,45,45,57,57,60,58,58,64,76,80,80,80,80,80,80,76,76,76,50,50,80,80,80,80,51],"gold":66,"neow_bonus":"HUNDRED_GOLD","is_prod":false,"is_daily":false,"chose_seed":false,"campfire_upgraded":9,"win_rate":0,"timestamp":1562372250,"path_taken":["M","?","M","M","M","E","R","M","T","M","R","E","M","$","R","BOSS","M","$","M","M","M","E","?","?","T","R","E","$","M","E","R","BOSS","M","M","?","?","?","R","M","R","T","M","E","M","R","$","R","BOSS"],"build_version":"2019-07-05","purchased_purges":2,"victory":true,"max_hp_per_floor":[80,80,80,80,80,80,80,80,80,80,80,80,80,80,80,80,80,80,80,80,80,80,80,80,80,80,80,80,80,80,80,80,80,80,80,80,80,80,80,80,80,80,80,80,80,80,80,80,80,80],"card_choices":[{"not_picked":["Rampage","Spot Weakness"],"picked":"Flame Barrier","floor":1.0},{"not_picked":["Thunderclap","Evolve"],"picked":"Uppercut","floor":3.0},{"not_picked":["Feel No Pain","Body Slam","True Grit"],"picked":"SKIP","floor":4.0},{"not_picked":["Warcry","Burning Pact"],"picked":"Wild Strike","floor":5.0},{"not_picked":["Evolve","Heavy Blade"],"picked":"Ghostly Armor","floor":6.0},{"not_picked":["Body Slam","Intimidate"],"picked":"Twin Strike","floor":8.0},{"not_picked":["Clothesline","Sword Boomerang"],"picked":"Armaments","floor":10.0},{"not_picked":["Carnage","Clash","Cleave"],"picked":"SKIP","floor":12.0},{"not_picked":["Clash","Cleave"],"picked":"Carnage","floor":12.0},{"not_picked":["Twin Strike","Wild Strike"],"picked":"Body Slam","floor":13.0},{"not_picked":["Barricade","Dark Embrace"],"picked":"Demon Form","floor":16.0},{"not_picked":["Sword Boomerang","Warcry+1"],"picked":"Entrench","floor":18.0},{"not_picked":["Heavy Blade","Rampage"],"picked":"Thunderclap","floor":20.0},{"not_picked":["Clothesline","Demon Form"],"picked":"Dropkick","floor":21.0},{"not_picked":["Bloodletting","Iron Wave"],"picked":"Headbutt","floor":22.0},{"not_picked":["Headbutt","Perfected Strike","Reckless Charge"],"picked":"SKIP","floor":23.0},{"not_picked":["Cleave","Barricade"],"picked":"Shockwave","floor":28.0},{"not_picked":["Warcry","Fire Breathing"],"picked":"Shrug It Off","floor":30.0},{"not_picked":["Dropkick+1","Heavy Blade","Clothesline"],"picked":"SKIP","floor":31.0},{"not_picked":["Feed","Dark Embrace"],"picked":"Reaper","floor":33.0},{"not_picked":["Wild Strike","Thunderclap"],"picked":"Shrug It Off","floor":35.0},{"not_picked":["Cleave","Clash","Thunderclap"],"picked":"SKIP","floor":36.0},{"not_picked":["Intimidate+1","Metallicize","Headbutt"],"picked":"SKIP","floor":41.0},{"not_picked":["Ghostly Armor","Anger","Headbutt"],"picked":"SKIP","floor":44},{"not_picked":["Shrug It Off","Exhume"],"picked":"Whirlwind+1","floor":45},{"not_picked":["Infernal Blade","Flex"],"picked":"Ghostly Armor+1","floor":46},{"not_picked":["Pommel Strike","Twin Strike","Sword Boomerang"],"picked":"SKIP","floor":46}],"player_experience":284712,"relics_obtained":[{"floor":6.0,"key":"StoneCalendar"},{"floor":9.0,"key":"Meat on the Bone"},{"floor":12.0,"key":"Pocketwatch"},{"floor":23.0,"key":"War Paint"},{"floor":23.0,"key":"Turnip"},{"floor":26.0,"key":"Blue Candle"},{"floor":28.0,"key":"The Courier"},{"floor":28.0,"key":"Paper Frog"},{"floor":31.0,"key":"Smiling Mask"},{"floor":31.0,"key":"Juzu Bracelet"},{"floor":43.0,"key":"Letter Opener"},{"floor":45,"key":"Bronze Scales"},{"floor":45,"key":"Prayer Wheel"}],"event_choices":[{"damage_healed":0.0,"max_hp_gain":0.0,"max_hp_loss":0.0,"gold_gain":0.0,"event_name":"Golden Idol","player_choice":"Take Damage","floor":2.0,"gold_loss":0.0,"damage_taken":20.0,"relics_obtained":["Golden Idol"]},{"damage_healed":0.0,"max_hp_gain":0.0,"max_hp_loss":0.0,"gold_gain":0.0,"event_name":"The Library","player_choice":"Read","floor":24.0,"gold_loss":0.0,"damage_taken":0.0,"cards_obtained":["Body Slam"]},{"damage_healed":0.0,"max_hp_gain":0.0,"max_hp_loss":0.0,"gold_gain":0.0,"cards_transformed":["Strike_R","Strike_R"],"event_name":"Drug Dealer","player_choice":"Became Test Subject","floor":25.0,"gold_loss":0.0,"damage_taken":0.0,"cards_obtained":["Metallicize","Armaments"]},{"damage_healed":0.0,"max_hp_gain":0.0,"max_hp_loss":0.0,"gold_gain":0.0,"cards_transformed":["Strike_R"],"event_name":"Transmorgrifier","player_choice":"Transformed","floor":37.0,"gold_loss":0.0,"damage_taken":0.0,"cards_obtained":["Ghostly Armor"]},{"cards_removed":["Wild Strike"],"damage_healed":0.0,"max_hp_gain":0.0,"max_hp_loss":0.0,"gold_gain":0.0,"event_name":"Falling","player_choice":"Removed Attack","floor":39.0,"gold_loss":0.0,"damage_taken":0.0}],"is_beta":false,"boss_relics":[{"not_picked":["Sozu","Tiny House"],"picked":"Black Star"},{"not_picked":["Astrolabe","Coffee Dripper"],"picked":"Snecko Eye"}],"items_purged_floors":[14,38],"is_endless":false,"potions_floor_spawned":[1,5,8,10,12,13,18,22,28,30,31,44],"ascension_level":13}