{"gold_per_floor":[115,115,127,127,142,177,177,187,187,202,9,41,53,53,53,156,156,174,174,174,22,22,22,56,56,79,107,125,136,136,36,36,36],"floor_reached":33,"playtime":1793,"items_purged":["Writhe","Strike_G"],"score":465,"play_id":"b744acd2-9007-46a1-8b74-bfc51b5c33f7","local_time":"20190519161038","is_ascension_mode":true,"campfire_choices":[{"data":"Noxious Fumes","floor":7,"key":"SMITH"},{"data":"Bouncing Flask","floor":15,"key":"SMITH"},{"floor":23,"key":"RECALL"},{"floor":25,"key":"REST"},{"floor":32,"key":"REST"}],"neow_cost":"NONE","seed_source_timestamp":342733607592300,"circlet_count":0,"master_deck":["AscendersBane","Defend_G","Defend_G","Defend_G","Defend_G","Defend_G","Strike_G","Survivor","Neutralize+1","Bouncing Flask+1","Sucker Punch","Panacea","Noxious Fumes+1","Terror","Deadly Poison","Heel Hook","Footwork","Choke","Calculated Gamble","Outmaneuver+1","Blur"],"relics":["Ring of the Snake","Lantern","Snake Skull","Lee\u0027s Waffle","Paper Crane","Busted Crown","Pear","Calipers","Oddly Smooth Stone"],"potions_floor_usage":[6,24,24,24,29],"damage_taken":[{"damage":6,"enemies":"Jaw Worm","floor":1,"turns":5},{"damage":0,"enemies":"Cultist","floor":3,"turns":4},{"damage":2,"enemies":"Small Slimes","floor":5,"turns":4},{"damage":12,"enemies":"Lagavulin","floor":6,"turns":7},{"damage":8,"enemies":"3 Louse","floor":8,"turns":4},{"damage":1,"enemies":"2 Fungi Beasts","floor":10,"turns":3},{"damage":12,"enemies":"Gremlin Nob","floor":12,"turns":3},{"damage":5,"enemies":"Red Slaver","floor":13,"turns":3},{"damage":20,"enemies":"The Guardian","floor":16,"turns":7},{"damage":19,"enemies":"2 Thieves","floor":18,"turns":4},{"damage":42,"enemies":"Slavers","floor":24,"turns":5},{"damage":32,"enemies":"Book of Stabbing","floor":27,"turns":5},{"damage":0,"enemies":"Chosen","floor":28,"turns":4},{"damage":14,"enemies":"Snake Plant","floor":29,"turns":4},{"damage":72,"enemies":"Collector","floor":33,"turns":6}],"seed_played":"-6975470200477734307","potions_obtained":[{"floor":1,"key":"Dexterity Potion"},{"floor":2,"key":"Block Potion"},{"floor":2,"key":"AttackPotion"},{"floor":6,"key":"Poison Potion"},{"floor":27,"key":"EssenceOfSteel"},{"floor":29,"key":"LiquidBronze"}],"is_trial":false,"path_per_floor":["M","?","M","?","M","E","R","M","T","M","$","E","M","?","R","B",null,"M","?","?","$","?","R","E","R","T","E","M","M","?","$","R","B"],"character_chosen":"THE_SILENT","items_purchased":["Lee\u0027s Waffle","Regen Potion"],"campfire_rested":2,"item_purchase_floors":[11,21],"current_hp_per_floor":[57,57,57,57,55,43,43,35,35,34,77,65,60,53,53,33,66,47,47,57,57,57,57,30,56,56,24,24,10,39,39,65,0],"gold":36,"neow_bonus":"UPGRADE_CARD","is_prod":false,"is_daily":false,"chose_seed":false,"campfire_upgraded":2,"win_rate":0,"timestamp":1558307438,"path_taken":["M","?","?","?","M","E","R","M","T","M","$","E","?","?","R","BOSS","M","?","?","$","?","R","E","R","T","E","?","M","?","$","R","BOSS"],"build_version":"2019-01-23","purchased_purges":2,"victory":false,"max_hp_per_floor":[70,70,70,70,70,70,70,70,70,70,77,77,77,77,77,77,77,77,77,87,87,87,87,87,87,87,87,87,87,87,87,87,87],"card_choices":[{"not_picked":["Predator","Concentrate"],"picked":"Bouncing Flask","floor":1},{"not_picked":["Distraction","Finisher"],"picked":"Sucker Punch","floor":3},{"not_picked":["Dodge and Roll","Deadly Poison"],"picked":"Noxious Fumes","floor":5},{"not_picked":["Crippling Poison","Masterful Stab"],"picked":"Terror","floor":6},{"not_picked":["Acrobatics","Distraction","Dagger Spray"],"picked":"SKIP","floor":8},{"not_picked":["Outmaneuver","Phantasmal Killer"],"picked":"Deadly Poison","floor":10},{"not_picked":["Calculated Gamble","Concentrate"],"picked":"Heel Hook","floor":12},{"not_picked":["Endless Agony","Quick Slash","Blade Dance"],"picked":"SKIP","floor":13},{"not_picked":[],"picked":"Footwork","floor":18},{"not_picked":[],"picked":"Outmaneuver+1","floor":24},{"not_picked":["Slice"],"picked":"SKIP","floor":27},{"not_picked":[],"picked":"Blur","floor":28},{"not_picked":["Acrobatics"],"picked":"SKIP","floor":29}],"player_experience":1351881,"relics_obtained":[{"floor":6,"key":"Lantern"},{"floor":9,"key":"Snake Skull"},{"floor":12,"key":"Paper Crane"},{"floor":24,"key":"Calipers"},{"floor":27,"key":"Oddly Smooth Stone"}],"event_choices":[{"damage_healed":0,"gold_gain":0,"player_choice":"Got Potions","damage_taken":0,"max_hp_gain":0,"max_hp_loss":0,"event_name":"Lab","floor":2,"gold_loss":0},{"damage_healed":0,"gold_gain":0,"player_choice":"1 cards matched","damage_taken":0,"max_hp_gain":0,"max_hp_loss":0,"event_name":"Match and Keep!","floor":4,"gold_loss":0,"cards_obtained":["Panacea"]},{"cards_removed":["Strike_G"],"damage_healed":0,"gold_gain":0,"player_choice":"Card Removal","damage_taken":7,"max_hp_gain":0,"max_hp_loss":0,"event_name":"Golden Wing","floor":14,"gold_loss":0},{"damage_healed":0,"gold_gain":0,"cards_transformed":["Strike_G","Strike_G"],"player_choice":"Became Test Subject","damage_taken":0,"max_hp_gain":0,"max_hp_loss":0,"event_name":"Drug Dealer","floor":19,"gold_loss":0,"cards_obtained":["Choke","Unload"]},{"damage_healed":0,"gold_gain":0,"player_choice":"Opened","damage_taken":0,"relics_obtained":["Pear"],"max_hp_gain":0,"max_hp_loss":0,"event_name":"The Mausoleum","floor":20,"gold_loss":0,"cards_obtained":["Writhe"]},{"damage_healed":0,"gold_gain":0,"cards_transformed":["Unload"],"player_choice":"Transformed","damage_taken":0,"max_hp_gain":0,"max_hp_loss":0,"event_name":"Transmorgrifier","floor":22,"gold_loss":0,"cards_obtained":["Calculated Gamble"]},{"damage_healed":29,"gold_gain":0,"player_choice":"Heal","damage_taken":0,"max_hp_gain":0,"max_hp_loss":0,"event_name":"The Library","floor":30,"gold_loss":0}],"is_beta":false,"boss_relics":[{"not_picked":["Eternal Feather","Pandora\u0027s Box"],"picked":"Busted Crown"}],"items_purged_floors":[21,31],"is_endless":false,"potions_floor_spawned":[1,6,10,13,27,29],"killed_by":"Collector","ascension_level":10}