{"gold_per_floor":[109,109,34,34,45,45,58,69,96,21,21,37,64,76,76,149,149,165,181,181],"floor_reached":20,"playtime":1619,"items_purged":["Strike_B"],"score":334,"play_id":"82f86e1e-23d7-424b-9221-720cdcea6f6b","local_time":"20190428181252","is_ascension_mode":true,"campfire_choices":[{"data":"Zap","floor":6,"key":"SMITH"},{"data":"Sunder","floor":11,"key":"SMITH"},{"data":"White Noise","floor":15,"key":"SMITH"}],"neow_cost":"NONE","seed_source_timestamp":702355492414600,"circlet_count":0,"master_deck":["AscendersBane","Strike_B","Strike_B","Defend_B","Defend_B","Defend_B","Defend_B","Zap+1","Dualcast","Hologram","Zap","Sunder+1","Cold Snap","White Noise+1","Self Repair","Conserve Battery","Defragment"],"relics":["Cracked Core","Dream Catcher","Juzu Bracelet","Black Star"],"potions_floor_usage":[13,14,16,16],"damage_taken":[{"damage":1,"enemies":"Small Slimes","floor":1,"turns":4},{"damage":4,"enemies":"Cultist","floor":5,"turns":5},{"damage":4,"enemies":"Jaw Worm","floor":7,"turns":4},{"damage":3,"enemies":"Blue Slaver","floor":8,"turns":4},{"damage":3,"enemies":"2 Fungi Beasts","floor":12,"turns":3},{"damage":7,"enemies":"3 Sentries","floor":13,"turns":3},{"damage":6,"enemies":"Exordium Thugs","floor":14,"turns":3},{"damage":24,"enemies":"Hexaghost","floor":16,"turns":4},{"damage":14,"enemies":"2 Thieves","floor":18,"turns":4},{"damage":50,"enemies":"Shell Parasite","floor":19,"turns":7}],"seed_played":"-1254070709275557302","potions_obtained":[{"floor":2,"key":"Ancient Potion"},{"floor":2,"key":"Swift Potion"},{"floor":5,"key":"AttackPotion"},{"floor":8,"key":"PowerPotion"},{"floor":13,"key":"Fire Potion"},{"floor":14,"key":"FearPotion"},{"floor":19,"key":"Dexterity Potion"}],"is_trial":false,"path_per_floor":["M","?","$","?","M","R","M","M","T","?","R","M","E","M","R","B",null,"M","M","?"],"character_chosen":"DEFECT","items_purchased":[],"campfire_rested":0,"item_purchase_floors":[],"current_hp_per_floor":[70,70,70,70,66,66,62,59,59,59,59,56,49,43,43,26,65,58,15,0],"gold":181,"neow_bonus":"TEN_PERCENT_HP_BONUS","is_prod":false,"is_daily":false,"chose_seed":false,"campfire_upgraded":3,"win_rate":0,"timestamp":1556500372,"path_taken":["M","?","$","?","?","R","?","M","T","?","R","M","E","M","R","BOSS","M","M","?"],"build_version":"2019-01-23","purchased_purges":1,"victory":false,"max_hp_per_floor":[78,78,78,78,78,78,78,78,78,78,78,78,78,78,78,78,78,78,78,78],"card_choices":[{"not_picked":["Turbo","Lockon"],"picked":"Hologram","floor":1},{"not_picked":["Sweeping Beam","Hello World","Compile Driver"],"picked":"SKIP","floor":5},{"not_picked":["Reinforced Body","Beam Cell","Steam"],"picked":"SKIP","floor":7},{"not_picked":["Cold Snap","Auto Shields"],"picked":"Sunder","floor":8},{"not_picked":["Storm","Go for the Eyes"],"picked":"Cold Snap","floor":12},{"not_picked":["Ball Lightning","Force Field"],"picked":"White Noise","floor":13},{"not_picked":["Genetic Algorithm","Storm"],"picked":"Self Repair","floor":14},{"not_picked":["Rebound+1","Redo"],"picked":"Conserve Battery","floor":18},{"not_picked":["Consume","Rip and Tear+1"],"picked":"Defragment","floor":19}],"player_experience":1320361,"relics_obtained":[{"floor":9,"key":"Dream Catcher"},{"floor":13,"key":"Juzu Bracelet"}],"event_choices":[{"damage_healed":0,"gold_gain":0,"player_choice":"Got Potions","damage_taken":0,"max_hp_gain":0,"max_hp_loss":0,"event_name":"Lab","floor":2,"gold_loss":0},{"damage_healed":0,"gold_gain":0,"player_choice":"1 cards matched","damage_taken":0,"max_hp_gain":0,"max_hp_loss":0,"event_name":"Match and Keep!","floor":4,"gold_loss":0,"cards_obtained":["Zap"]},{"cards_removed":["Strike_B"],"damage_healed":0,"gold_gain":0,"player_choice":"Card Removal","damage_taken":0,"max_hp_gain":0,"max_hp_loss":0,"event_name":"The Cleric","floor":10,"gold_loss":75}],"is_beta":false,"boss_relics":[{"not_picked":["Fusion Hammer","Empty Cage"],"picked":"Black Star"}],"items_purged_floors":[3],"is_endless":false,"potions_floor_spawned":[5,8,13,14,19],"ascension_level":18}