{"gold_per_floor":[117,117,132,146,146,190,190,253,253,277,297,297,318,96,96,222,285,305,5,28,28,3,3,46,59,59,159,159,177,193,212,212,343,343,362,362],"floor_reached":36,"playtime":4841,"items_purged":["Injury","Strike_G"],"score":540,"play_id":"70facbbc-8256-4f6b-9793-88fc89c846e8","local_time":"20190411212533","is_ascension_mode":true,"campfire_choices":[{"floor":12.0,"key":"REST"},{"data":"Noxious Fumes","floor":15.0,"key":"SMITH"},{"data":"Envenom","floor":23.0,"key":"SMITH"},{"floor":28.0,"key":"REST"},{"floor":32.0,"key":"REST"}],"neow_cost":"NONE","seed_source_timestamp":0,"circlet_count":0,"master_deck":["Defend_G","Defend_G","Defend_G","Strike_G+1","Strike_G+1","Strike_G","Strike_G+1","Survivor","Neutralize+1","Footwork+1","Sucker Punch","Infinite Blades+1","Noxious Fumes+1","Backflip","Dodge and Roll","Envenom+1","Poisoned Stab","Backflip","Noxious Fumes","Noxious Fumes","Crippling Poison","Prepared"],"special_seed":0,"relics":["Ring of the Snake","Golden Idol","Mercury Hourglass","PreservedInsect","Lantern","Whetstone","Tiny House","Regal Pillow","Art of War","Paper Crane","Empty Cage"],"potions_floor_usage":[],"damage_taken":[{"damage":0.0,"enemies":"2 Louse","floor":1.0,"turns":4.0},{"damage":0.0,"enemies":"Cultist","floor":3.0,"turns":5.0},{"damage":7.0,"enemies":"Small Slimes","floor":4.0,"turns":5.0},{"damage":12.0,"enemies":"Gremlin Nob","floor":6.0,"turns":4.0},{"damage":17.0,"enemies":"3 Sentries","floor":8.0,"turns":8.0},{"damage":2.0,"enemies":"3 Louse","floor":10.0,"turns":3.0},{"damage":0.0,"enemies":"Looter","floor":11.0,"turns":4.0},{"damage":3.0,"enemies":"Blue Slaver","floor":13.0,"turns":4.0},{"damage":3.0,"enemies":"The Guardian","floor":16.0,"turns":10.0},{"damage":7.0,"enemies":"Shell Parasite","floor":18.0,"turns":6.0},{"damage":16.0,"enemies":"2 Thieves","floor":20.0,"turns":4.0},{"damage":12.0,"enemies":"Gremlin Leader","floor":24.0,"turns":6.0},{"damage":21.0,"enemies":"Snake Plant","floor":25.0,"turns":5.0},{"damage":1.0,"enemies":"Snecko","floor":29.0,"turns":6.0},{"damage":6.0,"enemies":"Cultist and Chosen","floor":30.0,"turns":6.0},{"damage":28.0,"enemies":"Snake Plant","floor":31.0,"turns":5.0},{"damage":47.0,"enemies":"Automaton","floor":33.0,"turns":10.0},{"damage":46.0,"enemies":"3 Shapes","floor":35.0,"turns":3.0},{"damage":0,"enemies":"2 Orb Walkers","floor":36,"turns":1}],"seed_played":"-3426316159249086765","potions_obtained":[{"floor":2.0,"key":"PowerPotion"},{"floor":2.0,"key":"FairyPotion"},{"floor":2.0,"key":"GamblersBrew"},{"floor":4.0,"key":"SkillPotion"},{"floor":10.0,"key":"GamblersBrew"},{"floor":11.0,"key":"Fire Potion"},{"floor":13.0,"key":"Strength Potion"},{"floor":17.0,"key":"Ancient Potion"},{"floor":20.0,"key":"Swift Potion"},{"floor":25.0,"key":"Energy Potion"},{"floor":30.0,"key":"Explosive Potion"},{"floor":31.0,"key":"GamblersBrew"}],"is_trial":false,"path_per_floor":["M","?","M","M","?","E","?","?","T","M","M","R","M","$","R","B",null,"M","$","M","?","$","R","E","M","T","?","R","M","M","M","R","B",null,"M","?"],"character_chosen":"THE_SILENT","items_purchased":["Whetstone","Regal Pillow","Swift Potion","Backflip"],"campfire_rested":3,"item_purchase_floors":[14,19,19,22],"current_hp_per_floor":[63,63,63,56,56,44,30,13,13,11,11,32,29,29,29,26,64,57,57,41,41,41,41,29,8,8,8,45,44,38,10,47,7,58,12,12],"gold":362,"neow_bonus":"THREE_CARDS","is_prod":false,"is_daily":false,"chose_seed":false,"campfire_upgraded":2,"win_rate":0,"timestamp":1555043133,"path_taken":["M","?","M","?","?","E","?","?","T","?","M","R","M","$","R","BOSS","M","$","M","?","?","R","E","M","T","?","R","M","?","?","R","BOSS","M","?"],"build_version":"2019-01-23","purchased_purges":2,"victory":false,"max_hp_per_floor":[70,70,70,70,70,70,70,70,70,70,70,70,70,70,70,70,75,75,75,75,75,75,75,75,75,75,75,75,75,75,75,75,75,75,75,75],"card_choices":[{"not_picked":["Dagger Throw","Setup"],"picked":"Footwork","floor":0.0},{"not_picked":["Quick Slash","Bane","Calculated Gamble"],"picked":"SKIP","floor":1.0},{"not_picked":["Flying Knee","Underhanded Strike"],"picked":"Sucker Punch","floor":3.0},{"not_picked":["Terror","Quick Slash"],"picked":"Infinite Blades","floor":4.0},{"not_picked":["Die Die Die","Poisoned Stab"],"picked":"Noxious Fumes","floor":6.0},{"not_picked":["Dodge and Roll","Sucker Punch"],"picked":"Backflip","floor":8.0},{"not_picked":["Flechettes","Reflex"],"picked":"Dodge and Roll","floor":10.0},{"not_picked":["Finisher","Dagger Spray","Underhanded Strike"],"picked":"SKIP","floor":11.0},{"not_picked":["Deadly Poison","Bane","Sucker Punch"],"picked":"SKIP","floor":13.0},{"not_picked":["Bullet Time","Die Die Die"],"picked":"Envenom","floor":16.0},{"not_picked":["Slice","Quick Slash"],"picked":"Poisoned Stab","floor":17.0},{"not_picked":["Quick Slash","Acrobatics+1","Doppelganger"],"picked":"SKIP","floor":18.0},{"not_picked":["Underhanded Strike","Prepared","Masterful Stab"],"picked":"SKIP","floor":20.0},{"not_picked":["Acrobatics","Prepared"],"picked":"Noxious Fumes","floor":24.0},{"not_picked":["Sucker Punch","Slice","Backflip"],"picked":"SKIP","floor":25.0},{"not_picked":["Deadly Poison","Outmaneuver"],"picked":"Noxious Fumes","floor":29.0},{"not_picked":["Bane","Flying Knee"],"picked":"Crippling Poison","floor":30.0},{"not_picked":["Tactician","Backflip"],"picked":"Prepared","floor":31.0},{"not_picked":["Deflect","Finisher+1","Quick Slash+1"],"picked":"SKIP","floor":35}],"player_experience":1291698,"relics_obtained":[{"floor":6.0,"key":"Mercury Hourglass"},{"floor":8.0,"key":"PreservedInsect"},{"floor":9.0,"key":"Lantern"},{"floor":24.0,"key":"Art of War"},{"floor":26.0,"key":"Paper Crane"}],"event_choices":[{"damage_healed":0.0,"max_hp_gain":0.0,"max_hp_loss":0.0,"gold_gain":0.0,"event_name":"Lab","player_choice":"Got Potions","floor":2.0,"gold_loss":0.0,"damage_taken":0.0},{"damage_healed":0.0,"max_hp_gain":0.0,"max_hp_loss":0.0,"gold_gain":0.0,"event_name":"Golden Idol","player_choice":"Take Wound","floor":5.0,"gold_loss":0.0,"damage_taken":0.0,"relics_obtained":["Golden Idol"],"cards_obtained":["Injury"]},{"damage_healed":0.0,"max_hp_gain":0.0,"max_hp_loss":0.0,"gold_gain":0.0,"event_name":"Shining Light","player_choice":"Entered Light","floor":7.0,"gold_loss":0.0,"damage_taken":14.0,"cards_upgraded":["Neutralize","Strike_G"]},{"damage_healed":0.0,"max_hp_gain":0.0,"max_hp_loss":0.0,"gold_gain":30.0,"event_name":"Dead Adventurer","player_choice":"Searched \u00272\u0027 times","floor":8.0,"gold_loss":0.0,"damage_taken":0.0},{"damage_healed":0.0,"max_hp_gain":0.0,"max_hp_loss":0.0,"gold_gain":0.0,"event_name":"Upgrade Shrine","player_choice":"Upgraded","floor":21.0,"gold_loss":0.0,"damage_taken":0.0,"cards_upgraded":["Footwork"]},{"damage_healed":0.0,"max_hp_gain":0.0,"max_hp_loss":0.0,"gold_gain":100.0,"event_name":"Golden Shrine","player_choice":"Pray","floor":27.0,"gold_loss":0.0,"damage_taken":0.0},{"damage_healed":0,"gold_gain":0,"player_choice":"Fight","damage_taken":0,"max_hp_gain":0,"max_hp_loss":0,"event_name":"Mysterious Sphere","floor":36,"gold_loss":0}],"is_beta":false,"boss_relics":[{"not_picked":["Orrery","Coffee Dripper"],"picked":"Tiny House"},{"not_picked":["Busted Crown","HoveringKite"],"picked":"Empty Cage"}],"items_purged_floors":[14,19],"is_endless":false,"potions_floor_spawned":[3,4,10,11,13,20,25,30,31],"killed_by":"2 Orb Walkers","ascension_level":8}