{"gold_per_floor":[12,24,35,53,64,64,93,93,116,131,147,147,210,229,229,305,305,318,51,64,82,82],"floor_reached":22,"playtime":1942,"items_purged":[],"score":336,"play_id":"8b96b7ec-497b-4cec-a616-d11aa9c4e114","local_time":"20190323143227","is_ascension_mode":true,"campfire_choices":[{"floor":6,"key":"REST"},{"floor":12,"key":"REST"},{"floor":15,"key":"REST"}],"neow_cost":"NO_GOLD","seed_source_timestamp":1021745095814448,"circlet_count":0,"master_deck":["AscendersBane","Strike_B","Strike_B","Defend_B","Defend_B","Defend_B","Defend_B","Zap","Dualcast","Rebound","All For One","Hologram","Streamline","Beam Cell","Parasite","Gash","BootSequence","Beam Cell","Gash","Doom and Gloom","Electrodynamics","Double Energy+1","Scrape","Gash"],"relics":["Cracked Core","Vajra","Oddly Smooth Stone","Dream Catcher","White Beast Statue","ClockworkSouvenir"],"potions_floor_usage":[5,7,13,13,16,21,22],"damage_taken":[{"damage":1,"enemies":"Cultist","floor":1,"turns":4},{"damage":2,"enemies":"Jaw Worm","floor":2,"turns":3},{"damage":0,"enemies":"Small Slimes","floor":3,"turns":3},{"damage":3,"enemies":"Blue Slaver","floor":4,"turns":5},{"damage":40,"enemies":"Gremlin Gang","floor":5,"turns":5},{"damage":35,"enemies":"Lagavulin","floor":7,"turns":6},{"damage":6,"enemies":"2 Fungi Beasts","floor":10,"turns":3},{"damage":6,"enemies":"Large Slime","floor":11,"turns":4},{"damage":8,"enemies":"Lagavulin Event","floor":13,"turns":5},{"damage":0,"enemies":"Looter","floor":14,"turns":3},{"damage":18,"enemies":"Slime Boss","floor":16,"turns":6},{"damage":33,"enemies":"3 Byrds","floor":18,"turns":4},{"damage":1,"enemies":"Spheric Guardian","floor":20,"turns":3},{"damage":24,"enemies":"Snake Plant","floor":21,"turns":4},{"damage":9,"enemies":"Shelled Parasite and Fungi","floor":22,"turns":2}],"seed_played":"-3600353873538674336","potions_obtained":[{"floor":2,"key":"FocusPotion"},{"floor":4,"key":"SpeedPotion"},{"floor":5,"key":"Poison Potion"},{"floor":10,"key":"Block Potion"},{"floor":13,"key":"FearPotion"},{"floor":14,"key":"Energy Potion"},{"floor":18,"key":"Dexterity Potion"},{"floor":21,"key":"AttackPotion"}],"is_trial":false,"path_per_floor":["M","M","M","M","M","R","E","?","T","M","M","R","?","M","R","B",null,"M","$","M","M","M"],"character_chosen":"DEFECT","items_purchased":["Scrape","ClockworkSouvenir"],"campfire_rested":3,"item_purchase_floors":[19,19],"current_hp_per_floor":[63,61,61,58,18,39,4,21,21,15,9,30,22,22,43,25,60,27,27,26,2,0],"gold":82,"neow_bonus":"REMOVE_TWO","is_prod":false,"is_daily":false,"chose_seed":false,"campfire_upgraded":0,"win_rate":0,"timestamp":1553351547,"path_taken":["M","M","?","M","M","R","E","?","T","M","M","R","?","M","R","BOSS","M","$","M","M","M"],"build_version":"2019-01-23","purchased_purges":0,"victory":false,"max_hp_per_floor":[71,71,71,71,71,71,71,71,71,71,71,71,71,71,71,71,71,71,71,71,71,71],"card_choices":[{"not_picked":["Conserve Battery","Stack"],"picked":"Rebound","floor":1},{"not_picked":["Conserve Battery","Leap"],"picked":"All For One","floor":2},{"not_picked":["Melter","Self Repair"],"picked":"Hologram","floor":3},{"not_picked":["Chaos","Sunder","Coolheaded"],"picked":"SKIP","floor":4},{"not_picked":["Cold Snap","Recycle"],"picked":"Streamline","floor":5},{"not_picked":["Lockon","Cold Snap"],"picked":"Beam Cell","floor":7},{"not_picked":["Steam Power","Conserve Battery"],"picked":"Gash","floor":10},{"not_picked":["FTL","Steam Power"],"picked":"BootSequence","floor":11},{"not_picked":["Conserve Battery","Stack"],"picked":"Beam Cell","floor":13},{"not_picked":["Doom and Gloom","Stack"],"picked":"Gash","floor":14},{"not_picked":["Ball Lightning","Sunder"],"picked":"Doom and Gloom","floor":15},{"not_picked":["Biased Cognition","Thunder Strike"],"picked":"Electrodynamics","floor":16},{"not_picked":["Beam Cell","Coolheaded"],"picked":"Double Energy+1","floor":18},{"not_picked":["Tempest+1","Blizzard"],"picked":"Gash","floor":20},{"not_picked":["Leap","Capacitor","Hello World"],"picked":"SKIP","floor":21}],"player_experience":1606605,"relics_obtained":[{"floor":7,"key":"Vajra"},{"floor":9,"key":"Oddly Smooth Stone"},{"floor":13,"key":"Dream Catcher"}],"event_choices":[{"damage_healed":17,"gold_gain":0,"player_choice":"Healed and dodged fight","damage_taken":0,"max_hp_gain":0,"max_hp_loss":0,"event_name":"Mushrooms","floor":8,"gold_loss":0,"cards_obtained":["Parasite"]},{"damage_healed":0,"gold_gain":0,"player_choice":"Searched \u00271\u0027 times","damage_taken":0,"max_hp_gain":0,"max_hp_loss":0,"event_name":"Dead Adventurer","floor":13,"gold_loss":0}],"is_beta":false,"boss_relics":[{"not_picked":["Snecko Eye","FrozenCore"],"picked":"White Beast Statue"}],"items_purged_floors":[],"is_endless":false,"potions_floor_spawned":[2,4,5,10,13,14,18,20,21],"killed_by":"Shelled Parasite and Fungi","ascension_level":15}