{"gold_per_floor":[118,72,72,89,89,148,162,178,178,207,221,10,25,25],"floor_reached":14,"playtime":811,"items_purged":[],"score":179,"play_id":"ddb6ec37-d9a1-4e03-9f3f-9b0a4e7a2e06","local_time":"20190302211631","is_ascension_mode":true,"campfire_choices":[],"neow_cost":"PERCENT_DAMAGE","seed_source_timestamp":698282068812026,"circlet_count":0,"master_deck":["AscendersBane","Strike_B","Strike_B","Strike_B","Defend_B","Defend_B","Defend_B","Defend_B","Zap","Dualcast","Biased Cognition","Chill","Gash","Loop","Pain","Darkness","Loop","Ball Lightning","Ball Lightning","Buffer","Chill"],"relics":["Cracked Core","WarpedTongs","Tiny Chest","Question Card","Darkstone Periapt","DataDisk"],"potions_floor_usage":[10,10,13],"damage_taken":[{"damage":2,"enemies":"Jaw Worm","floor":1,"turns":3},{"damage":0,"enemies":"Cultist","floor":4,"turns":4},{"damage":25,"enemies":"Lagavulin","floor":6,"turns":7},{"damage":1,"enemies":"2 Louse","floor":7,"turns":3},{"damage":1,"enemies":"Lots of Slimes","floor":8,"turns":6},{"damage":7,"enemies":"Gremlin Nob","floor":10,"turns":4},{"damage":0,"enemies":"Blue Slaver","floor":11,"turns":2},{"damage":1,"enemies":"Exordium Thugs","floor":13,"turns":6}],"seed_played":"4415451780787524460","potions_obtained":[{"floor":4,"key":"Weak Potion"},{"floor":6,"key":"AttackPotion"},{"floor":11,"key":"SneckoOil"}],"is_trial":false,"path_per_floor":["M","$","?","M","?","E","M","M","T","E","M","$","M","?"],"character_chosen":"DEFECT","items_purchased":["Gash","DataDisk","Chill"],"campfire_rested":0,"item_purchase_floors":[2,12,12],"current_hp_per_floor":[44,44,44,44,44,19,18,17,17,10,10,10,9,0],"gold":25,"neow_bonus":"THREE_RARE_CARDS","is_prod":false,"is_daily":false,"chose_seed":false,"campfire_upgraded":0,"win_rate":0,"timestamp":1551561391,"path_taken":["M","$","?","?","?","E","M","M","T","E","?","$","M","?"],"build_version":"2019-01-23","purchased_purges":0,"victory":false,"max_hp_per_floor":[71,71,71,71,71,71,71,71,71,71,71,71,71,71],"card_choices":[{"not_picked":["Fission","Multi-Cast"],"picked":"Biased Cognition","floor":0},{"not_picked":["Go for the Eyes","Barrage"],"picked":"Chill","floor":1},{"not_picked":["Reinforced Body","Sweeping Beam"],"picked":"Loop","floor":4},{"not_picked":["Stack","Tempest"],"picked":"Darkness","floor":6},{"not_picked":["Sunder","Steam"],"picked":"Loop","floor":7},{"not_picked":["Barrage","Stack"],"picked":"Ball Lightning","floor":8},{"not_picked":["Redo","Compile Driver","Tempest"],"picked":"Ball Lightning","floor":10},{"not_picked":["FTL","Conserve Battery","Turbo"],"picked":"Buffer","floor":11},{"not_picked":["Static Discharge","Rebound","Hologram","Stack"],"picked":"SKIP","floor":13}],"player_experience":1498277,"relics_obtained":[{"floor":6,"key":"Tiny Chest"},{"floor":9,"key":"Question Card"},{"floor":10,"key":"Darkstone Periapt"}],"event_choices":[{"cards_removed":["Strike_B"],"damage_healed":0,"gold_gain":0,"player_choice":"Offered Basic","damage_taken":0,"max_hp_gain":0,"max_hp_loss":0,"event_name":"Bonfire Elementals","floor":3,"gold_loss":0},{"damage_healed":0,"gold_gain":0,"player_choice":"Rummage","damage_taken":0,"relics_obtained":["WarpedTongs"],"max_hp_gain":0,"max_hp_loss":0,"event_name":"Accursed Blacksmith","floor":5,"gold_loss":0,"cards_obtained":["Pain"]}],"is_beta":false,"boss_relics":[],"items_purged_floors":[],"is_endless":false,"potions_floor_spawned":[4,6,11],"ascension_level":15}