{"gold_per_floor":[116,41,60,73,73,107,123,123,123,123,141,168,168,199,199,299,299,281,296,306,322,79,110,129,129,129,129,157,174,200,200,200,299,299,316,316,31,31,1030,1030,697,697,720,155,155,166,166,183,183,183],"floor_reached":51,"playtime":5322,"items_purged":["Strike_G","Pain","Normality","Normality"],"score":1070,"play_id":"e2ceb512-1e3f-4b68-8ee5-871b6ff3cedc","local_time":"20190701235645","is_ascension_mode":true,"campfire_choices":[{"data":"Neutralize","floor":8.0,"key":"SMITH"},{"floor":10.0,"key":"REST"},{"data":"Malaise","floor":13.0,"key":"SMITH"},{"floor":15,"key":"REST"},{"data":"Noxious Fumes","floor":25,"key":"SMITH"},{"data":"Burst","floor":27,"key":"SMITH"},{"floor":32,"key":"REST"},{"data":"Reflex","floor":40,"key":"SMITH"},{"data":"Noxious Fumes","floor":42,"key":"SMITH"},{"data":"Mayhem","floor":47,"key":"SMITH"},{"floor":49,"key":"REST"}],"neow_cost":"NONE","seed_source_timestamp":471382143931372,"circlet_count":0,"master_deck":["AscendersBane","Strike_G","Strike_G","Strike_G","Defend_G","Defend_G","Defend_G","Defend_G","Defend_G","Survivor","Neutralize+1","Underhanded Strike","Noxious Fumes+1","Dagger Throw","Noxious Fumes+1","Malaise+1","Burst+1","Backflip","Quick Slash","Venomology","Backflip","Noxious Fumes+1","Reflex+1","Glass Knife","Footwork+1","Mayhem+1","Apotheosis","Expertise","Skewer+1"],"special_seed":0,"relics":["Ring of the Snake","Ancient Tea Set","Dead Branch","Mango","Tough Bandages","Paper Crane","HoveringKite","Shuriken","Bottled Lightning","Mercury Hourglass","Vajra","Red Mask","Ice Cream","Empty Cage","WarpedTongs","OrangePellets","Bronze Scales","Membership Card","Bottled Flame","Ornamental Fan"],"potions_floor_usage":[14,14,23,28,30,33,50],"damage_taken":[{"damage":0.0,"enemies":"2 Louse","floor":1.0,"turns":3.0},{"damage":3.0,"enemies":"Jaw Worm","floor":3.0,"turns":6.0},{"damage":0.0,"enemies":"Cultist","floor":4.0,"turns":5.0},{"damage":48.0,"enemies":"Gremlin Nob","floor":6.0,"turns":6.0},{"damage":4.0,"enemies":"Blue Slaver","floor":7.0,"turns":5.0},{"damage":0.0,"enemies":"Looter","floor":11.0,"turns":4.0},{"damage":5.0,"enemies":"Lagavulin","floor":12.0,"turns":6.0},{"damage":25,"enemies":"Gremlin Nob","floor":14,"turns":5},{"damage":6,"enemies":"Slime Boss","floor":16,"turns":6},{"damage":6,"enemies":"2 Thieves","floor":18,"turns":4},{"damage":4,"enemies":"3 Byrds","floor":19,"turns":5},{"damage":0,"enemies":"Snake Plant","floor":20,"turns":6},{"damage":0,"enemies":"Snecko","floor":21,"turns":7},{"damage":22,"enemies":"Slavers","floor":23,"turns":6},{"damage":0,"enemies":"Shelled Parasite and Fungi","floor":24,"turns":6},{"damage":1,"enemies":"Book of Stabbing","floor":28,"turns":7},{"damage":0,"enemies":"Centurion and Healer","floor":29,"turns":5},{"damage":0,"enemies":"Masked Bandits","floor":30,"turns":4},{"damage":10,"enemies":"Automaton","floor":33,"turns":8},{"damage":0,"enemies":"3 Shapes","floor":35,"turns":4},{"damage":0,"enemies":"Orb Walker","floor":46,"turns":4},{"damage":0,"enemies":"Spire Growth","floor":48,"turns":5},{"damage":17,"enemies":"Awakened One","floor":50,"turns":13}],"seed_played":"5367299910994185577","potions_obtained":[{"floor":1.0,"key":"Explosive Potion"},{"floor":6.0,"key":"Energy Potion"},{"floor":7.0,"key":"Strength Potion"},{"floor":18,"key":"FairyPotion"},{"floor":20,"key":"Explosive Potion"}],"is_trial":false,"path_per_floor":["M","$","M","M","?","E","M","R","T","R","M","E","R","E","R","B",null,"M","M","M","M","$","E","M","R","T","R","E","M","?","?","R","B",null,"M","?","$","$","?","R","$","R","T","$","?","M","R","M","R","B",null],"character_chosen":"THE_SILENT","items_purchased":["Shuriken","Mayhem","OrangePellets","Membership Card","Bottled Flame","Ornamental Fan","GhostInAJar"],"campfire_rested":4,"item_purchase_floors":[22,37,41,44,44,44,44],"current_hp_per_floor":[63,63,60,60,60,12,8,8,22,47,47,42,42,17,42,36,72,66,62,62,62,62,40,40,40,40,40,39,39,39,39,64,54,77,77,77,77,77,77,77,77,77,77,77,67,67,67,67,84,67],"gold":183,"neow_bonus":"RANDOM_COMMON_RELIC","is_prod":false,"is_daily":false,"chose_seed":false,"campfire_upgraded":7,"win_rate":0,"timestamp":1562050605,"path_taken":["M","$","M","M","?","E","M","R","T","R","M","E","R","E","R","BOSS","M","M","M","M","$","E","M","R","T","R","E","M","?","?","R","BOSS","M","?","?","$","?","R","$","R","T","$","?","M","R","?","R","BOSS"],"build_version":"2019-07-01","purchased_purges":4,"victory":true,"max_hp_per_floor":[70,70,70,70,70,70,70,70,84,84,84,84,84,84,84,84,84,84,84,84,84,84,84,84,84,84,84,84,84,84,84,84,84,84,84,84,84,84,84,84,84,84,84,84,84,84,84,84,84,84],"card_choices":[{"not_picked":["All Out Attack","Outmaneuver"],"picked":"Underhanded Strike","floor":1.0},{"not_picked":["Crippling Poison","Bane","Flechettes"],"picked":"SKIP","floor":3.0},{"not_picked":["Blade Dance","Quick Slash"],"picked":"Noxious Fumes","floor":4.0},{"not_picked":["Slice","Blade Dance"],"picked":"Dagger Throw","floor":6.0},{"not_picked":["Deflect","Deadly Poison"],"picked":"Noxious Fumes","floor":7.0},{"not_picked":["Underhanded Strike","Dodge and Roll"],"picked":"Malaise","floor":11.0},{"not_picked":["Accuracy","PiercingWail","Deflect"],"picked":"SKIP","floor":12.0},{"not_picked":["PiercingWail","Endless Agony","Prepared"],"picked":"SKIP","floor":14},{"not_picked":["Phantasmal Killer","A Thousand Cuts"],"picked":"Burst","floor":16},{"not_picked":["PiercingWail","Quick Slash"],"picked":"Backflip","floor":18},{"not_picked":["Deflect","Poisoned Stab"],"picked":"Quick Slash","floor":19},{"not_picked":["Blade Dance","Prepared"],"picked":"Venomology","floor":20},{"not_picked":["Distraction","Dagger Throw"],"picked":"Backflip","floor":21},{"not_picked":["Noxious Fumes","Prepared","Dagger Throw"],"picked":"SKIP","floor":23},{"not_picked":["Prepared","Dagger Throw"],"picked":"Noxious Fumes","floor":23},{"not_picked":["Wraith Form v2","Concentrate","Riddle With Holes"],"picked":"SKIP","floor":24},{"not_picked":["Heel Hook","Terror"],"picked":"Reflex","floor":28},{"not_picked":["PiercingWail","Dodge and Roll","Poisoned Stab"],"picked":"SKIP","floor":29},{"not_picked":["Wraith Form v2","Malaise"],"picked":"Glass Knife","floor":33},{"not_picked":["Deflect","Sucker Punch"],"picked":"Footwork+1","floor":35},{"not_picked":["Sadistic Nature","Master of Strategy"],"picked":"Apotheosis","floor":45},{"not_picked":["Leg Sweep","Quick Slash"],"picked":"Expertise","floor":46},{"not_picked":["Deflect","Bane"],"picked":"Skewer+1","floor":48}],"player_experience":262827,"relics_obtained":[{"floor":6.0,"key":"Dead Branch"},{"floor":9.0,"key":"Mango"},{"floor":12.0,"key":"Tough Bandages"},{"floor":14,"key":"Paper Crane"},{"floor":23,"key":"Bottled Lightning"},{"floor":26,"key":"Mercury Hourglass"},{"floor":28,"key":"Vajra"},{"floor":30,"key":"Red Mask"},{"floor":43,"key":"Bronze Scales"}],"event_choices":[{"damage_healed":0.0,"max_hp_gain":0.0,"max_hp_loss":0.0,"gold_gain":0.0,"event_name":"Living Wall","player_choice":"Grow","floor":5.0,"gold_loss":0.0,"damage_taken":0.0,"cards_upgraded":["Noxious Fumes"]},{"damage_healed":0,"gold_gain":0,"player_choice":"Fought Bandits","damage_taken":0,"max_hp_gain":0,"max_hp_loss":0,"event_name":"Masked Bandits","floor":30,"gold_loss":0},{"damage_healed":0,"gold_gain":0,"player_choice":"Opened","damage_taken":0,"relics_obtained":["Ice Cream"],"max_hp_gain":0,"max_hp_loss":0,"event_name":"The Mausoleum","floor":31,"gold_loss":0,"cards_obtained":["Writhe"]},{"damage_healed":0,"gold_gain":0,"player_choice":"Rummage","damage_taken":0,"relics_obtained":["WarpedTongs"],"max_hp_gain":0,"max_hp_loss":0,"event_name":"Accursed Blacksmith","floor":36,"gold_loss":0,"cards_obtained":["Pain"]},{"damage_healed":0,"gold_gain":999,"player_choice":"Gold","damage_taken":0,"max_hp_gain":0,"max_hp_loss":0,"event_name":"MindBloom","floor":39,"gold_loss":0,"cards_obtained":["Normality","Normality"]},{"damage_healed":0,"gold_gain":0,"player_choice":"Memory 3","damage_taken":10,"max_hp_gain":0,"max_hp_loss":0,"event_name":"SensoryStone","floor":45,"gold_loss":0}],"is_beta":false,"boss_relics":[{"not_picked":["Lizard Tail","Orrery"],"picked":"HoveringKite"},{"not_picked":["Runic Dome","Pandora\u0027s Box"],"picked":"Empty Cage"}],"items_purged_floors":[2,37,41,44],"is_endless":false,"potions_floor_spawned":[1,6,7,12,18,20,24,28],"ascension_level":12}