{"gold_per_floor":[118,118,131,131,131,131,131,174,174,48,48,69,107,130,130,130],"floor_reached":16,"playtime":1233,"items_purged":["Injury"],"score":151,"play_id":"275014b0-d4ae-46bc-8041-a7c452b42dc3","local_time":"20190407112807","is_ascension_mode":true,"campfire_choices":[{"data":"Neutralize","floor":6,"key":"SMITH"},{"floor":11,"key":"REST"},{"floor":15,"key":"REST"}],"neow_cost":"NONE","seed_source_timestamp":2964791787600,"circlet_count":0,"master_deck":["Defend_G","Defend_G","Defend_G","Defend_G","Defend_G","Strike_G","Strike_G","Strike_G","Strike_G","Survivor","Neutralize+1","PiercingWail","Predator","Terror","Dash","Deflect","Prepared"],"relics":["Ring of the Snake","NlothsMask","Golden Idol","Torii","Bag of Marbles"],"potions_floor_usage":[13,16],"damage_taken":[{"damage":5,"enemies":"2 Louse","floor":1,"turns":4},{"damage":3,"enemies":"Cultist","floor":3,"turns":6},{"damage":51,"enemies":"Lagavulin","floor":8,"turns":8},{"damage":0,"enemies":"Small Slimes","floor":12,"turns":3},{"damage":27,"enemies":"3 Sentries","floor":13,"turns":13},{"damage":2,"enemies":"Exordium Thugs","floor":14,"turns":6},{"damage":31,"enemies":"Hexaghost","floor":16,"turns":15}],"seed_played":"3014386742120450130","potions_obtained":[{"floor":8,"key":"Weak Potion"},{"floor":13,"key":"Swift Potion"}],"is_trial":false,"path_per_floor":["M","?","M","?","$","R","?","E","T","$","R","M","E","M","R","B"],"character_chosen":"THE_SILENT","items_purchased":["Deflect"],"campfire_rested":2,"item_purchase_floors":[10],"current_hp_per_floor":[65,65,62,62,62,62,62,11,11,11,34,34,7,5,28,0],"gold":130,"neow_bonus":"TEN_PERCENT_HP_BONUS","is_prod":false,"is_daily":false,"chose_seed":false,"campfire_upgraded":1,"win_rate":0,"timestamp":1554661687,"path_taken":["M","?","?","?","?","R","?","E","T","$","R","M","E","?","R","BOSS"],"build_version":"2019-01-23","purchased_purges":1,"victory":false,"max_hp_per_floor":[77,77,77,77,77,77,77,77,77,77,77,77,77,77,77,77],"card_choices":[{"not_picked":["Prepared","Blade Dance"],"picked":"PiercingWail","floor":1},{"not_picked":["Blade Dance","Prepared"],"picked":"Predator","floor":3},{"not_picked":["Choke","Masterful Stab"],"picked":"Dash","floor":8},{"not_picked":["Caltrops","Terror","Masterful Stab"],"picked":"SKIP","floor":12},{"not_picked":["Bane","Caltrops","Dash"],"picked":"SKIP","floor":13},{"not_picked":["Blade Dance","Storm of Steel"],"picked":"Prepared","floor":14}],"player_experience":1273834,"relics_obtained":[{"floor":8,"key":"Torii"},{"floor":13,"key":"Bag of Marbles"}],"event_choices":[{"damage_healed":0,"gold_gain":0,"player_choice":"Trade","damage_taken":0,"relics_obtained":["NlothsMask"],"max_hp_gain":0,"max_hp_loss":0,"event_name":"FaceTrader","floor":2,"gold_loss":0},{"damage_healed":0,"gold_gain":0,"cards_transformed":["Strike_G"],"player_choice":"Change","damage_taken":0,"max_hp_gain":0,"max_hp_loss":0,"event_name":"Living Wall","floor":4,"gold_loss":0,"cards_obtained":["Terror"]},{"damage_healed":0,"gold_gain":0,"player_choice":"Take Wound","damage_taken":0,"relics_obtained":["Golden Idol"],"max_hp_gain":0,"max_hp_loss":0,"event_name":"Golden Idol","floor":7,"gold_loss":0,"cards_obtained":["Injury"]}],"is_beta":false,"boss_relics":[],"items_purged_floors":[10],"is_endless":false,"potions_floor_spawned":[8,13],"killed_by":"Hexaghost","ascension_level":8}