{"gold_per_floor":[113,113,113,133,58,89,89,89,89,89,106,106,106,135,135,240,240,250,150,150,25,25,25,43,58,140,140,157,176,176],"floor_reached":30,"playtime":2047,"items_purged":["Regret","Strike_R","Strike_R"],"score":339,"play_id":"b197b1c4-8b9c-4040-9ca7-a84600a39e53","local_time":"20180724224145","is_ascension_mode":true,"campfire_choices":[{"data":"Bash","floor":8,"key":"SMITH"},{"data":"Sword Boomerang","floor":13,"key":"SMITH"},{"data":"True Grit","floor":15,"key":"SMITH"},{"data":"Limit Break","floor":23,"key":"SMITH"},{"data":"Flame Barrier","floor":27,"key":"SMITH"}],"neow_cost":"NONE","seed_source_timestamp":883918165770839,"circlet_count":0,"master_deck":["Strike_R","Strike_R","Defend_R","Defend_R","Defend_R","Defend_R","Bash+1","Shrug It Off","Sword Boomerang+1","Heavy Blade","Flame Barrier+1","True Grit+1","Limit Break+1","Burning Pact","Cleave","Clothesline+1"],"relics":["Burning Blood","NeowsBlessing","Boot","Regal Pillow","NlothsMask","Oddly Smooth Stone","Coffee Dripper","Singing Bowl"],"potions_floor_usage":[16,16,18,25,28,29,30],"damage_taken":[{"damage":0,"enemies":"2 Louse","floor":1,"turns":1},{"damage":0,"enemies":"Jaw Worm","floor":4,"turns":1},{"damage":0,"enemies":"Lagavulin","floor":6,"turns":1},{"damage":7,"enemies":"Small Slimes","floor":11,"turns":3},{"damage":27,"enemies":"Gremlin Nob","floor":14,"turns":4},{"damage":38,"enemies":"Slime Boss","floor":16,"turns":12},{"damage":24,"enemies":"Shell Parasite","floor":18,"turns":7},{"damage":0,"enemies":"Chosen","floor":24,"turns":4},{"damage":2,"enemies":"Snake Plant","floor":25,"turns":4},{"damage":30,"enemies":"Centurion and Healer","floor":28,"turns":9},{"damage":46,"enemies":"Slaver and Parasite","floor":29,"turns":16},{"damage":11,"enemies":"Sentry and Sphere","floor":30,"turns":5}],"seed_played":"6523361230824551609","potions_obtained":[{"floor":1,"key":"Explosive Potion"},{"floor":12,"key":"EntropicBrew"},{"floor":12,"key":"Regen Potion"},{"floor":29,"key":"SpeedPotion"}],"is_trial":false,"path_per_floor":["M","?","?","M","$","E","?","R","T","$","M","?","R","E","R","B",null,"M","$","?","$","?","R","M","M","T","R","M","M"],"character_chosen":"IRONCLAD","items_purchased":[],"campfire_rested":0,"item_purchase_floors":[],"current_hp_per_floor":[78,78,78,80,80,80,80,80,80,80,79,79,79,58,58,41,70,52,52,52,52,52,52,58,62,62,62,40,8,0],"gold":176,"neow_bonus":"THREE_ENEMY_KILL","is_prod":false,"is_daily":false,"chose_seed":false,"campfire_upgraded":5,"win_rate":0,"timestamp":1532497305,"path_taken":["M","?","?","M","$","E","?","R","T","$","M","?","R","E","R","BOSS","M","$","?","$","?","R","M","M","T","R","M","M","M"],"build_version":"2018-07-19v2","purchased_purges":3,"victory":false,"max_hp_per_floor":[80,80,80,80,80,80,80,80,80,80,80,80,80,80,80,80,80,80,80,80,80,80,80,80,80,80,80,82,82,82],"card_choices":[{"not_picked":["Dual Wield","Iron Wave"],"picked":"Shrug It Off","floor":1},{"not_picked":["Ghostly Armor","Hemokinesis"],"picked":"Sword Boomerang","floor":4},{"not_picked":["Warcry","Seeing Red"],"picked":"Heavy Blade","floor":6},{"not_picked":["Anger","Flex"],"picked":"Flame Barrier","floor":11},{"not_picked":["Sword Boomerang","Rupture"],"picked":"True Grit","floor":14},{"not_picked":["Dark Embrace","Bludgeon"],"picked":"Limit Break","floor":16},{"not_picked":["Thunderclap","Wild Strike","Rupture"],"picked":"SKIP","floor":18},{"not_picked":["Clothesline","Perfected Strike"],"picked":"Burning Pact","floor":24},{"not_picked":["Disarm","Sword Boomerang+1"],"picked":"Cleave","floor":25},{"not_picked":["Second Wind","True Grit","Perfected Strike+1"],"picked":"Singing Bowl","floor":28},{"not_picked":["Wild Strike","Perfected Strike+1"],"picked":"Clothesline+1","floor":29}],"player_experience":142553,"relics_obtained":[{"floor":6,"key":"Regal Pillow"},{"floor":14,"key":"Oddly Smooth Stone"},{"floor":26,"key":"Singing Bowl"}],"event_choices":[{"event_name":"Living Wall","player_choice":"Forget","floor":2,"damage_taken":0},{"event_name":"Big Fish","player_choice":"Box","floor":3,"damage_taken":0},{"event_name":"FaceTrader","player_choice":"Trade","floor":7,"damage_taken":0},{"event_name":"The Lab","player_choice":"Got Potions","floor":12,"damage_taken":0},{"event_name":"Ghosts","player_choice":"Ignored","floor":20,"damage_taken":0},{"event_name":"Vampires","player_choice":"Ignored","floor":22,"damage_taken":0}],"is_beta":false,"boss_relics":[{"not_picked":["Calling Bell","Sozu"],"picked":"Coffee Dripper"}],"items_purged_floors":[5,19,21],"is_endless":false,"potions_floor_spawned":[1,14,24,29],"killed_by":"Sentry and Sphere","ascension_level":6}