{"gold_per_floor":[113,113,123,48,48,78,78,95,166,178,198,198,211,44,44,44],"floor_reached":16,"playtime":692,"items_purged":[],"score":179,"play_id":"d6eaa116-8973-4068-861c-de962a662412","local_time":"20190317170818","is_ascension_mode":true,"campfire_choices":[{"data":"Zap","floor":7,"key":"SMITH"},{"data":"Doom and Gloom","floor":12,"key":"SMITH"},{"data":"Dualcast","floor":15,"key":"SMITH"}],"neow_cost":"NONE","seed_source_timestamp":513917739860990,"circlet_count":0,"master_deck":["AscendersBane","Strike_B","Strike_B","Strike_B","Defend_B","Defend_B","Defend_B","Defend_B","Zap+1","Dualcast+1","Leap","Doom and Gloom+1","White Noise","Melter","Cold Snap","Coolheaded"],"relics":["Coffee Dripper","Orichalcum","Ornamental Fan","Regal Pillow"],"potions_floor_usage":[11],"damage_taken":[{"damage":5,"enemies":"Small Slimes","floor":1,"turns":4},{"damage":3,"enemies":"2 Louse","floor":3,"turns":3},{"damage":21,"enemies":"3 Sentries","floor":6,"turns":7},{"damage":0,"enemies":"Jaw Worm","floor":8,"turns":2},{"damage":20,"enemies":"Exordium Wildlife","floor":10,"turns":5},{"damage":7,"enemies":"Lots of Slimes","floor":11,"turns":4},{"damage":0,"enemies":"Exordium Thugs","floor":13,"turns":4},{"damage":29,"enemies":"Slime Boss","floor":16,"turns":3}],"seed_played":"4809734673478703078","potions_obtained":[{"floor":1,"key":"Energy Potion"},{"floor":8,"key":"Dexterity Potion"},{"floor":13,"key":"Ancient Potion"}],"is_trial":false,"path_per_floor":["M","?","M","?","?","E","R","M","T","M","M","R","M","$","R","B"],"character_chosen":"DEFECT","items_purchased":["Regal Pillow","Coolheaded"],"campfire_rested":0,"item_purchase_floors":[14,14],"current_hp_per_floor":[59,64,61,61,56,35,35,35,35,15,8,8,8,8,8,0],"gold":44,"neow_bonus":"BOSS_RELIC","is_prod":false,"is_daily":false,"chose_seed":false,"campfire_upgraded":3,"win_rate":0,"timestamp":1552842498,"path_taken":["M","?","M","?","?","E","R","?","T","M","M","R","M","$","R","BOSS"],"build_version":"2019-01-23","purchased_purges":0,"victory":false,"max_hp_per_floor":[71,76,76,76,76,76,76,76,76,76,76,76,76,76,76,76],"card_choices":[{"not_picked":["Barrage","Stack"],"picked":"Leap","floor":1},{"not_picked":["Ball Lightning","Reprogram"],"picked":"Doom and Gloom","floor":3},{"not_picked":["Double Energy","Gash"],"picked":"White Noise","floor":6},{"not_picked":["Reprogram","Tempest"],"picked":"Melter","floor":8},{"not_picked":["Skim","Hologram","Beam Cell"],"picked":"SKIP","floor":10},{"not_picked":["Ball Lightning","Compile Driver"],"picked":"Cold Snap","floor":11},{"not_picked":["Beam Cell","Barrage","Turbo"],"picked":"SKIP","floor":13}],"player_experience":1586322,"relics_obtained":[{"floor":6,"key":"Orichalcum"},{"floor":9,"key":"Ornamental Fan"}],"event_choices":[{"damage_healed":0,"gold_gain":0,"player_choice":"Donut","damage_taken":0,"max_hp_gain":5,"max_hp_loss":0,"event_name":"Big Fish","floor":2,"gold_loss":0},{"cards_removed":["Strike_B"],"damage_healed":0,"gold_gain":0,"player_choice":"Card Removal","damage_taken":0,"max_hp_gain":0,"max_hp_loss":0,"event_name":"The Cleric","floor":4,"gold_loss":75},{"damage_healed":0,"gold_gain":0,"player_choice":"Fled","damage_taken":5,"max_hp_gain":0,"max_hp_loss":0,"event_name":"Scrap Ooze","floor":5,"gold_loss":0}],"is_beta":false,"boss_relics":[],"items_purged_floors":[],"is_endless":false,"potions_floor_spawned":[1,8,10,13],"killed_by":"Slime Boss","ascension_level":15}