{"gold_per_floor":[114,134,134,150,170,170,504,504,573,573,608,296,330,330,330,461,461,436,459,459,459,181,214,230,230,275,275,288,307,342,357,357,477,477,501,501,517,128,38,38,61,100,125,3,3,24,39,52,52,52],"floor_reached":51,"playtime":4666,"items_purged":["Strike_G","Pain","Strike_G","Pain"],"score":1281,"play_id":"d254e587-d19d-48a8-a5ad-420ed5a6e88a","local_time":"20190701192419","is_ascension_mode":true,"campfire_choices":[{"data":"Neutralize","floor":6.0,"key":"SMITH"},{"data":"Cloak And Dagger","floor":15.0,"key":"SMITH"},{"data":"Sucker Punch","floor":25.0,"key":"SMITH"},{"floor":27.0,"key":"REST"},{"data":"Accuracy","floor":32.0,"key":"SMITH"},{"data":"Burst","floor":40,"key":"SMITH"},{"data":"Infinite Blades","floor":45,"key":"SMITH"},{"floor":49,"key":"REST"}],"neow_cost":"NONE","seed_source_timestamp":463490407307826,"circlet_count":0,"master_deck":["AscendersBane","Strike_G","Strike_G","Defend_G","Defend_G","Defend_G+1","Defend_G","Defend_G","Survivor+1","Neutralize+1","Cloak And Dagger","Cloak And Dagger","Cloak And Dagger+1","Dash","Sucker Punch+1","Accuracy+1","Infinite Blades","After Image","Blade Dance+1","Cloak And Dagger+1","Footwork","Escape Plan","Infinite Blades+1","Riddle With Holes","Dodge and Roll+1","Burst+1","Secret Weapon","Predator+1","Expertise","Well Laid Plans+1","Footwork","Parasite","Adrenaline","Blur","Accuracy+1"],"special_seed":0,"relics":["WristBlade","Old Coin","Golden Idol","Kunai","Mango","Smiling Mask","Lee\u0027s Waffle","Ancient Tea Set","Sozu","WarpedTongs","War Paint","Du-Vu Doll","Bottled Tornado","Cursed Key","FossilizedHelix","Dream Catcher","Art of War"],"potions_floor_usage":[50],"damage_taken":[{"damage":1.0,"enemies":"Jaw Worm","floor":1.0,"turns":6.0},{"damage":4.0,"enemies":"2 Louse","floor":2.0,"turns":3.0},{"damage":0.0,"enemies":"Cultist","floor":4.0,"turns":4.0},{"damage":0.0,"enemies":"2 Fungi Beasts","floor":5.0,"turns":3.0},{"damage":7.0,"enemies":"Lagavulin","floor":7.0,"turns":7.0},{"damage":3.0,"enemies":"3 Sentries","floor":11.0,"turns":10.0},{"damage":1.0,"enemies":"Lagavulin","floor":13.0,"turns":8.0},{"damage":0.0,"enemies":"Slime Boss","floor":16.0,"turns":8.0},{"damage":20.0,"enemies":"2 Thieves","floor":18.0,"turns":5.0},{"damage":0.0,"enemies":"Shell Parasite","floor":19.0,"turns":5.0},{"damage":23.0,"enemies":"Slavers","floor":23.0,"turns":6.0},{"damage":6.0,"enemies":"Shelled Parasite and Fungi","floor":24.0,"turns":5.0},{"damage":3.0,"enemies":"Sentry and Sphere","floor":28.0,"turns":5.0},{"damage":0.0,"enemies":"Centurion and Healer","floor":29.0,"turns":5.0},{"damage":14.0,"enemies":"Book of Stabbing","floor":30.0,"turns":5.0},{"damage":0.0,"enemies":"Snecko","floor":31.0,"turns":6.0},{"damage":18.0,"enemies":"Automaton","floor":33.0,"turns":9.0},{"damage":0.0,"enemies":"Orb Walker","floor":35.0,"turns":3.0},{"damage":0,"enemies":"3 Shapes","floor":37,"turns":4},{"damage":0,"enemies":"Spire Growth","floor":41,"turns":4},{"damage":0,"enemies":"Giant Head","floor":42,"turns":7},{"damage":0,"enemies":"Writhing Mass","floor":46,"turns":6},{"damage":0,"enemies":"Jaw Worm Horde","floor":47,"turns":3},{"damage":0,"enemies":"Transient","floor":48,"turns":5},{"damage":11,"enemies":"Time Eater","floor":50,"turns":11}],"seed_played":"-1202274125772569711","potions_obtained":[{"floor":1.0,"key":"PowerPotion"},{"floor":5.0,"key":"Strength Potion"},{"floor":11.0,"key":"FearPotion"},{"floor":16.0,"key":"EssenceOfSteel"}],"is_trial":false,"path_per_floor":["M","M","?","M","M","R","E","?","T","T","E","$","E","?","R","B",null,"M","M","?","?","$","E","M","R","T","R","M","M","E","M","R","B",null,"M","?","M","$","?","R","M","E","T","$","R","M","M","M","R","B",null],"character_chosen":"THE_SILENT","items_purchased":["Lee\u0027s Waffle","Accuracy","War Paint","Footwork","Expertise","FossilizedHelix","Footwork"],"campfire_rested":2,"item_purchase_floors":[12,12,22,22,38,38,44],"current_hp_per_floor":[62,58,58,58,58,58,51,34,34,48,45,91,90,90,90,90,91,71,71,71,71,71,48,42,42,42,69,66,66,52,52,52,34,77,77,72,72,72,72,72,72,72,72,72,72,72,72,72,91,80],"gold":52,"neow_bonus":"BOSS_RELIC","is_prod":false,"is_daily":false,"chose_seed":false,"campfire_upgraded":6,"win_rate":0,"timestamp":1562034259,"path_taken":["M","M","?","M","M","R","E","?","T","?","E","$","E","?","R","BOSS","M","?","?","?","$","E","M","R","T","R","M","?","E","M","R","BOSS","M","?","M","$","?","R","M","E","T","$","R","M","M","M","R","BOSS"],"build_version":"2019-07-01","purchased_purges":4,"victory":true,"max_hp_per_floor":[70,70,70,70,70,70,70,70,70,84,84,91,91,91,91,91,91,91,91,91,91,91,91,91,91,91,91,91,91,91,91,91,91,91,91,91,91,91,91,91,91,91,91,91,91,91,91,91,91,91],"card_choices":[{"not_picked":["Quick Slash","Eviscerate"],"picked":"Cloak And Dagger","floor":1.0},{"not_picked":["Dagger Spray","Caltrops"],"picked":"Cloak And Dagger","floor":2.0},{"not_picked":["Crippling Poison","Deflect"],"picked":"Cloak And Dagger","floor":4.0},{"not_picked":["Sucker Punch","Skewer"],"picked":"Dash","floor":5.0},{"not_picked":["Dagger Throw","Blade Dance"],"picked":"Sucker Punch","floor":7.0},{"not_picked":["Doppelganger","All Out Attack","Acrobatics"],"picked":"SKIP","floor":11.0},{"not_picked":["Backflip","All Out Attack"],"picked":"Infinite Blades","floor":13.0},{"not_picked":["Night Terror","Burst"],"picked":"After Image","floor":16.0},{"not_picked":["Deadly Poison","Deflect"],"picked":"Blade Dance","floor":18.0},{"not_picked":["Terror","Noxious Fumes+1"],"picked":"Cloak And Dagger+1","floor":19.0},{"not_picked":["Heel Hook+1","Distraction"],"picked":"Escape Plan","floor":23.0},{"not_picked":["Flying Knee+1","Crippling Poison+1"],"picked":"Infinite Blades","floor":24.0},{"not_picked":["Dash+1","Bane"],"picked":"Riddle With Holes","floor":28.0},{"not_picked":["Outmaneuver+1","PiercingWail","Slice"],"picked":"SKIP","floor":29.0},{"not_picked":["Flechettes","Deflect+1"],"picked":"Dodge and Roll+1","floor":30.0},{"not_picked":["Deflect","Acrobatics","Sucker Punch"],"picked":"SKIP","floor":31.0},{"not_picked":["Night Terror","A Thousand Cuts"],"picked":"Burst","floor":33.0},{"not_picked":["Underhanded Strike","Leg Sweep","Calculated Gamble+1"],"picked":"SKIP","floor":35.0},{"not_picked":["Sadistic Nature","Good Instincts"],"picked":"Secret Weapon","floor":36},{"not_picked":["Outmaneuver+1","Flying Knee"],"picked":"Predator+1","floor":37},{"not_picked":["Underhanded Strike+1","Dagger Throw","Slice"],"picked":"SKIP","floor":41},{"not_picked":["Deflect+1","Masterful Stab"],"picked":"Well Laid Plans+1","floor":42},{"not_picked":["Endless Agony+1","Underhanded Strike+1"],"picked":"Adrenaline","floor":46},{"not_picked":["Underhanded Strike","Escape Plan+1"],"picked":"Blur","floor":47},{"not_picked":["Choke+1","Underhanded Strike+1","Quick Slash+1"],"picked":"SKIP","floor":48},{"not_picked":["Deadly Poison+1","Caltrops+1"],"picked":"Accuracy+1","floor":49}],"player_experience":258161,"relics_obtained":[{"floor":7.0,"key":"Old Coin"},{"floor":9.0,"key":"Kunai"},{"floor":10.0,"key":"Mango"},{"floor":11.0,"key":"Smiling Mask"},{"floor":13.0,"key":"Ancient Tea Set"},{"floor":23.0,"key":"Du-Vu Doll"},{"floor":30.0,"key":"Bottled Tornado"},{"floor":42,"key":"Dream Catcher"},{"floor":43,"key":"Art of War"}],"event_choices":[{"damage_healed":0.0,"max_hp_gain":0.0,"max_hp_loss":0.0,"gold_gain":0.0,"event_name":"Liars Game","player_choice":"Ignored","floor":3.0,"gold_loss":0.0,"damage_taken":0.0},{"damage_healed":0.0,"max_hp_gain":0.0,"max_hp_loss":0.0,"gold_gain":0.0,"event_name":"Golden Idol","player_choice":"Take Damage","floor":8.0,"gold_loss":0.0,"damage_taken":17.0,"relics_obtained":["Golden Idol"]},{"damage_healed":0.0,"max_hp_gain":0.0,"max_hp_loss":0.0,"gold_gain":0.0,"event_name":"The Woman in Blue","player_choice":"Bought 0 Potions","floor":14.0,"gold_loss":0.0,"damage_taken":0.0},{"damage_healed":0.0,"max_hp_gain":0.0,"max_hp_loss":0.0,"gold_gain":0.0,"event_name":"Ghosts","player_choice":"Ignored","floor":20.0,"gold_loss":0.0,"damage_taken":0.0},{"damage_healed":0.0,"max_hp_gain":0.0,"max_hp_loss":0.0,"gold_gain":0.0,"event_name":"Accursed Blacksmith","player_choice":"Rummage","floor":21.0,"gold_loss":0.0,"damage_taken":0.0,"relics_obtained":["WarpedTongs"],"cards_obtained":["Pain"]},{"damage_healed":0,"gold_gain":0,"player_choice":"Memory 2","damage_taken":5,"max_hp_gain":0,"max_hp_loss":0,"event_name":"SensoryStone","floor":36,"gold_loss":0},{"cards_removed":["Strike_G"],"damage_healed":0,"gold_gain":0,"player_choice":"Upgrade and Remove","damage_taken":0,"max_hp_gain":0,"max_hp_loss":0,"event_name":"Designer","floor":39,"gold_loss":90,"cards_upgraded":["Blade Dance"]}],"is_beta":false,"boss_relics":[{"not_picked":["Runic Dome","HoveringKite"],"picked":"Sozu"},{"not_picked":["Black Star","Empty Cage"],"picked":"Cursed Key"}],"items_purged_floors":[12,22,38,44],"is_endless":false,"potions_floor_spawned":[1,5,11,16,18,24,28,33,37,46,47,48],"ascension_level":11}