{"gold_per_floor":[109,109,127,147,177,177,191,207,231,250,263,263,263,188,188,292,292,309,324,239,239,42,42,66,76,76,76,90,105,204,220,220,220],"floor_reached":33,"playtime":2762,"items_purged":["Dualcast"],"score":241,"play_id":"d272097d-5d08-4eac-9abf-9458f1015637","local_time":"20190622203050","is_ascension_mode":false,"campfire_choices":[{"data":"Zap","floor":6,"key":"SMITH"},{"floor":15,"key":"REST"},{"floor":23,"key":"REST"},{"floor":27,"key":"REST"},{"data":"Seek","floor":32,"key":"SMITH"}],"neow_cost":"NONE","seed_source_timestamp":56123757061500,"circlet_count":0,"master_deck":["Strike_B","Strike_B","Strike_B","Strike_B","Defend_B","Defend_B","Defend_B","Defend_B","Zap+1","Sweeping Beam","Turbo","Capacitor","Hologram","Cold Snap","Barrage","Seek+1","BootSequence","Self Repair","Go for the Eyes+1","Conserve Battery","Turbo+1","Go for the Eyes+1"],"relics":["Cracked Core","Lantern","Tiny Chest","Pen Nib","Shuriken","White Beast Statue","Happy Flower","Toy Ornithopter","Bag of Preparation","Molten Egg 2"],"potions_floor_usage":[16,19,25,25,29,29,31,33,33],"damage_taken":[{"damage":0,"enemies":"Cultist","floor":1,"turns":4},{"damage":7,"enemies":"Jaw Worm","floor":3,"turns":5},{"damage":0,"enemies":"Small Slimes","floor":4,"turns":2},{"damage":4,"enemies":"Blue Slaver","floor":7,"turns":4},{"damage":10,"enemies":"Looter","floor":8,"turns":3},{"damage":10,"enemies":"Exordium Wildlife","floor":10,"turns":4},{"damage":10,"enemies":"Blue Slaver","floor":11,"turns":3},{"damage":31,"enemies":"Hexaghost","floor":16,"turns":9},{"damage":21,"enemies":"3 Byrds","floor":18,"turns":5},{"damage":2,"enemies":"Chosen","floor":19,"turns":5},{"damage":37,"enemies":"Colosseum Slavers","floor":21,"turns":6},{"damage":32,"enemies":"Snecko","floor":25,"turns":6},{"damage":39,"enemies":"Snake Plant","floor":28,"turns":6},{"damage":0,"enemies":"Cultist and Chosen","floor":29,"turns":4},{"damage":9,"enemies":"Centurion and Healer","floor":31,"turns":10},{"damage":59,"enemies":"Collector","floor":33,"turns":6}],"seed_played":"-3337373538117445951","potions_obtained":[{"floor":7,"key":"Explosive Potion"},{"floor":8,"key":"AttackPotion"},{"floor":11,"key":"GamblersBrew"},{"floor":16,"key":"Poison Potion"},{"floor":19,"key":"EssenceOfSteel"},{"floor":25,"key":"AttackPotion"},{"floor":28,"key":"PowerPotion"},{"floor":29,"key":"Block Potion"},{"floor":31,"key":"SpeedPotion"}],"is_trial":false,"path_per_floor":["M","?","M","M","?","R","M","M","T","M","M","?","T","$","R","B",null,"M","M","?","?","$","R","T","M","T","R","M","M","?","M","R","B"],"character_chosen":"DEFECT","items_purchased":["Toy Ornithopter"],"campfire_rested":3,"item_purchase_floors":[22],"current_hp_per_floor":[75,68,61,61,54,54,50,40,40,30,20,20,20,20,42,11,75,54,52,52,22,22,44,44,22,22,44,12,29,29,32,32,0],"gold":220,"neow_bonus":"RANDOM_COMMON_RELIC","is_prod":false,"is_daily":false,"chose_seed":false,"campfire_upgraded":2,"win_rate":0,"timestamp":1561260650,"path_taken":["M","?","M","?","?","R","M","M","T","M","M","?","?","$","R","BOSS","M","M","?","?","?","R","?","M","T","R","?","M","?","M","R","BOSS"],"build_version":"2019-01-23","purchased_purges":1,"victory":false,"max_hp_per_floor":[75,75,75,75,75,75,75,75,75,75,75,75,75,75,75,75,75,75,75,75,75,75,75,75,75,75,75,75,75,75,75,75,75],"card_choices":[{"not_picked":["Beam Cell","Gash"],"picked":"Sweeping Beam","floor":1},{"not_picked":["Lockon","Ball Lightning"],"picked":"Turbo","floor":3},{"not_picked":["Sweeping Beam","Ball Lightning","Rebound"],"picked":"SKIP","floor":4},{"not_picked":["Gash","Sweeping Beam"],"picked":"Capacitor","floor":7},{"not_picked":["Double Energy","Compile Driver"],"picked":"Hologram","floor":8},{"not_picked":["Streamline","Leap"],"picked":"Cold Snap","floor":10},{"not_picked":["Turbo","Multi-Cast"],"picked":"Barrage","floor":11},{"not_picked":["Meteor Strike","All For One"],"picked":"Seek","floor":16},{"not_picked":["Double Energy","Streamline"],"picked":"BootSequence","floor":18},{"not_picked":["Cold Snap+1","Beam Cell"],"picked":"Self Repair","floor":19},{"not_picked":["Rebound","Undo"],"picked":"Go for the Eyes+1","floor":25},{"not_picked":["Doom and Gloom+1","Cold Snap+1"],"picked":"Conserve Battery","floor":28},{"not_picked":["Leap","Gash+1"],"picked":"Turbo+1","floor":29},{"not_picked":["Redo","Rebound+1"],"picked":"Go for the Eyes+1","floor":31}],"player_experience":63675,"relics_obtained":[{"floor":9,"key":"Pen Nib"},{"floor":13,"key":"Shuriken"},{"floor":24,"key":"Bag of Preparation"},{"floor":26,"key":"Molten Egg 2"}],"event_choices":[{"damage_healed":0,"gold_gain":0,"player_choice":"Damaged","damage_taken":7,"max_hp_gain":0,"max_hp_loss":0,"event_name":"Wheel of Change","floor":2,"gold_loss":0},{"damage_healed":0,"gold_gain":0,"player_choice":"Success","damage_taken":7,"relics_obtained":["Tiny Chest"],"max_hp_gain":0,"max_hp_loss":0,"event_name":"Scrap Ooze","floor":5,"gold_loss":0},{"damage_healed":0,"gold_gain":0,"player_choice":"Ignored","damage_taken":0,"max_hp_gain":0,"max_hp_loss":0,"event_name":"Golden Wing","floor":12,"gold_loss":0},{"damage_healed":0,"gold_gain":0,"player_choice":"Obtained Relic","damage_taken":0,"relics_obtained":["Happy Flower"],"max_hp_gain":0,"max_hp_loss":0,"event_name":"Addict","floor":20,"gold_loss":85},{"damage_healed":0,"gold_gain":0,"player_choice":"Fight","damage_taken":0,"max_hp_gain":0,"max_hp_loss":0,"event_name":"Colosseum","floor":21,"gold_loss":0},{"damage_healed":0,"gold_gain":0,"player_choice":"Fled From Nobs","damage_taken":0,"max_hp_gain":0,"max_hp_loss":0,"event_name":"Colosseum","floor":21,"gold_loss":0},{"damage_healed":0,"gold_gain":99,"player_choice":"Stole From Cult","damage_taken":0,"max_hp_gain":0,"max_hp_loss":0,"event_name":"Nest","floor":30,"gold_loss":0}],"is_beta":false,"boss_relics":[{"not_picked":["Sozu","Coffee Dripper"],"picked":"White Beast Statue"}],"items_purged_floors":[14],"is_endless":false,"potions_floor_spawned":[7,8,11,16,18,19,21,25,28,29,31],"killed_by":"Collector","ascension_level":0}