{"gold_per_floor":[114,114,129,144,144,174,174,189,189,152,152,212,227,257,257,357,357,372,402,417,432,195,225,240,255,255,255,285,2,2,17,17,17],"floor_reached":33,"playtime":2523,"items_purged":[],"score":357,"play_id":"f37dea77-2739-4b46-a77c-27fe839d2480","local_time":"20190601014548","daily_mods":["Specialized","Blue Cards","Binary"],"is_ascension_mode":false,"campfire_choices":[{"floor":7,"key":"REST"},{"floor":11,"key":"REST"},{"floor":15,"key":"REST"},{"floor":27,"key":"REST"},{"floor":30,"key":"REST"},{"floor":32,"key":"REST"}],"neow_cost":"","seed_source_timestamp":0,"circlet_count":0,"master_deck":["Defend_G","Defend_G","Defend_G","Defend_G+1","Defend_G","Strike_G","Strike_G","Strike_G","Strike_G","Strike_G","Survivor","Neutralize","Redo","Redo","Redo","Redo","Ball Lightning+1","Dagger Spray","Ball Lightning","Rebound","Beam Cell","Distraction","Undo","All Out Attack","Doppelganger","Dagger Spray","Glacier","Doom and Gloom","Sunder","Doom and Gloom","Dagger Throw+1","FTL","Cold Snap","Leap","Ball Lightning","Chrysalis","Predator+1","Steam","Burst","Aggregate+1","Turbo","Discovery","Acrobatics+1"],"special_seed":18048,"relics":["Ring of the Snake","Anchor","Mercury Hourglass","Tiny Chest","Ginger","Orrery","Red Mask","Ninja Scroll","Regal Pillow","Tingsha","Boot"],"potions_floor_usage":[16,16,24,28,33],"damage_taken":[{"damage":14,"enemies":"Small Slimes","floor":1,"turns":6},{"damage":2,"enemies":"Cultist","floor":3,"turns":4},{"damage":1,"enemies":"Jaw Worm","floor":4,"turns":4},{"damage":19,"enemies":"3 Sentries","floor":6,"turns":6},{"damage":11,"enemies":"Exordium Wildlife","floor":8,"turns":3},{"damage":7,"enemies":"Gremlin Nob","floor":12,"turns":3},{"damage":1,"enemies":"Exordium Thugs","floor":13,"turns":3},{"damage":10,"enemies":"Lagavulin","floor":14,"turns":4},{"damage":46,"enemies":"Hexaghost","floor":16,"turns":10},{"damage":0,"enemies":"Chosen","floor":18,"turns":5},{"damage":4,"enemies":"Masked Bandits","floor":19,"turns":3},{"damage":4,"enemies":"2 Thieves","floor":20,"turns":3},{"damage":0,"enemies":"Cultist and Chosen","floor":21,"turns":4},{"damage":16,"enemies":"Gremlin Leader","floor":23,"turns":6},{"damage":0,"enemies":"Sentry and Sphere","floor":24,"turns":3},{"damage":11,"enemies":"Snake Plant","floor":25,"turns":3},{"damage":71,"enemies":"Book of Stabbing","floor":28,"turns":6},{"damage":16,"enemies":"Snecko","floor":31,"turns":4},{"damage":75,"enemies":"Collector","floor":33,"turns":9}],"seed_played":"2544151343285503633","potions_obtained":[{"floor":4,"key":"Ancient Potion"},{"floor":8,"key":"EssenceOfSteel"},{"floor":13,"key":"AttackPotion"},{"floor":16,"key":"Ancient Potion"},{"floor":18,"key":"SteroidPotion"},{"floor":20,"key":"FearPotion"},{"floor":25,"key":"Regen Potion"}],"is_trial":false,"path_per_floor":["M","?","M","M","?","E","R","M","T","$","R","E","M","E","R","B",null,"M","?","M","M","$","E","M","M","T","R","E","$","R","M","R","B"],"character_chosen":"THE_SILENT","items_purchased":["Distraction","Ball Lightning","Chrysalis","Boot","Turbo","Discovery"],"campfire_rested":6,"item_purchase_floors":[10,22,22,29,29,29],"current_hp_per_floor":[56,61,59,58,44,25,46,35,35,35,56,49,48,38,59,13,70,70,66,62,62,62,46,46,35,35,70,11,11,47,31,67,0],"gold":17,"neow_bonus":"","is_prod":false,"is_daily":true,"chose_seed":false,"campfire_upgraded":0,"win_rate":0,"timestamp":1559349948,"path_taken":["M","?","?","M","?","E","R","M","T","$","R","E","M","E","R","BOSS","M","?","M","M","?","E","M","M","T","R","E","$","R","M","R","BOSS"],"build_version":"2019-01-23","purchased_purges":0,"victory":false,"max_hp_per_floor":[70,70,70,70,70,70,70,70,70,70,70,70,70,70,70,70,70,70,70,70,70,70,70,70,70,70,70,70,70,70,70,70,70],"card_choices":[{"not_picked":["Noxious Fumes"],"picked":"Ball Lightning","floor":1},{"not_picked":["Loop"],"picked":"Dagger Spray","floor":3},{"not_picked":["Heel Hook"],"picked":"Ball Lightning","floor":4},{"not_picked":["Tactician"],"picked":"Rebound","floor":6},{"not_picked":["Deflect"],"picked":"Beam Cell","floor":8},{"not_picked":["Prepared"],"picked":"Undo","floor":12},{"not_picked":["Outmaneuver","Deadly Poison"],"picked":"SKIP","floor":13},{"not_picked":["Recycle"],"picked":"All Out Attack","floor":14},{"not_picked":["Multi-Cast"],"picked":"Doppelganger","floor":16},{"not_picked":["Blade Dance"],"picked":"Dagger Spray","floor":17},{"not_picked":["Lockon"],"picked":"Glacier","floor":17},{"not_picked":["Storm"],"picked":"Doom and Gloom","floor":17},{"not_picked":["Dagger Throw"],"picked":"Sunder","floor":17},{"not_picked":["Steam"],"picked":"Doom and Gloom","floor":17},{"not_picked":["Quick Slash"],"picked":"Dagger Throw+1","floor":18},{"not_picked":["Reprogram+1"],"picked":"FTL","floor":19},{"not_picked":["Compile Driver"],"picked":"Cold Snap","floor":20},{"not_picked":["Reflex"],"picked":"Leap","floor":21},{"not_picked":["Double Energy"],"picked":"Predator+1","floor":23},{"not_picked":["Scrape"],"picked":"Steam","floor":24},{"not_picked":["Well Laid Plans"],"picked":"Burst","floor":25},{"not_picked":["Slice"],"picked":"Aggregate+1","floor":28},{"not_picked":["Flying Knee"],"picked":"Acrobatics+1","floor":31}],"player_experience":286883,"relics_obtained":[{"floor":6,"key":"Anchor"},{"floor":9,"key":"Mercury Hourglass"},{"floor":12,"key":"Tiny Chest"},{"floor":14,"key":"Ginger"},{"floor":19,"key":"Red Mask"},{"floor":23,"key":"Ninja Scroll"},{"floor":26,"key":"Regal Pillow"},{"floor":28,"key":"Tingsha"}],"event_choices":[{"cards_removed":["Redo"],"damage_healed":5,"gold_gain":0,"player_choice":"Offered Common","damage_taken":0,"max_hp_gain":0,"max_hp_loss":0,"event_name":"Bonfire Elementals","floor":2,"gold_loss":0},{"cards_removed":["Redo"],"damage_healed":5,"gold_gain":0,"player_choice":"Offered Special","damage_taken":0,"max_hp_gain":0,"max_hp_loss":0,"event_name":"Bonfire Elementals","floor":2,"gold_loss":0},{"damage_healed":0,"gold_gain":0,"player_choice":"Entered Light","damage_taken":14,"max_hp_gain":0,"max_hp_loss":0,"event_name":"Shining Light","floor":5,"gold_loss":0,"cards_upgraded":["Defend_G","Ball Lightning"]},{"damage_healed":0,"gold_gain":0,"player_choice":"Fought Bandits","damage_taken":0,"max_hp_gain":0,"max_hp_loss":0,"event_name":"Masked Bandits","floor":19,"gold_loss":0}],"is_beta":false,"boss_relics":[{"not_picked":["Eternal Feather","Empty Cage"],"picked":"Orrery"}],"items_purged_floors":[],"is_endless":false,"potions_floor_spawned":[4,8,13,16,18,20,25],"killed_by":"Collector","ascension_level":0}