{"gold_per_floor":[111,111,126,126,126,126,72,95,95,95,110,135,135,169,169,300,300,314,314,239,262,262,295,295,320,320,340,340,6,6,16,16,16],"floor_reached":33,"playtime":1641,"items_purged":["Strike_G","Defend_G"],"score":398,"play_id":"81b0c3a7-8f94-42b2-a539-b6d5e4343095","local_time":"20190511011130","is_ascension_mode":true,"campfire_choices":[{"floor":6,"key":"REST"},{"data":"Deadly Poison","floor":13,"key":"SMITH"},{"floor":15,"key":"REST"},{"floor":24,"key":"REST"},{"floor":30,"key":"REST"},{"data":"Wraith Form v2","floor":32,"key":"SMITH"}],"neow_cost":"TEN_PERCENT_HP_LOSS","seed_source_timestamp":622887543011400,"circlet_count":0,"master_deck":["AscendersBane","Defend_G","Defend_G","Defend_G","Defend_G","Strike_G+1","Strike_G+1","Survivor","Neutralize","Dagger Spray","PiercingWail","Poisoned Stab","Deadly Poison+1","Dash","Well Laid Plans","Envenom","Bane+1","Deadly Poison+1","Wraith Form v2+1","Terror","Dodge and Roll+1","Backstab","Cloak And Dagger+1"],"relics":["Ring of the Snake","Peace Pipe","Ornamental Fan","Blood Vial","Velvet Choker","Bottled Flame","Nloth\u0027s Gift","Snake Skull"],"potions_floor_usage":[14,14,25,33],"damage_taken":[{"damage":4,"enemies":"Small Slimes","floor":1,"turns":4},{"damage":0,"enemies":"2 Louse","floor":3,"turns":3},{"damage":0,"enemies":"Cultist","floor":8,"turns":4},{"damage":1,"enemies":"Looter","floor":11,"turns":4},{"damage":2,"enemies":"2 Fungi Beasts","floor":12,"turns":3},{"damage":8,"enemies":"Gremlin Nob","floor":14,"turns":4},{"damage":47,"enemies":"The Guardian","floor":16,"turns":11},{"damage":22,"enemies":"Spheric Guardian","floor":18,"turns":6},{"damage":16,"enemies":"2 Thieves","floor":21,"turns":5},{"damage":28,"enemies":"Slavers","floor":23,"turns":7},{"damage":4,"enemies":"Centurion and Healer","floor":25,"turns":6},{"damage":3,"enemies":"Snecko","floor":27,"turns":5},{"damage":17,"enemies":"Sentry and Sphere","floor":31,"turns":8},{"damage":38,"enemies":"Champ","floor":33,"turns":10}],"seed_played":"-1134858225389973155","potions_obtained":[{"floor":1,"key":"Strength Potion"},{"floor":11,"key":"Dexterity Potion"},{"floor":16,"key":"SneckoOil"},{"floor":21,"key":"Fire Potion"},{"floor":25,"key":"Strength Potion"},{"floor":31,"key":"GhostInAJar"}],"is_trial":false,"path_per_floor":["M","?","M","?","?","R","$","M","T","?","M","M","R","E","R","B",null,"M","?","$","M","?","E","R","M","T","M","?","$","R","M","R","B"],"character_chosen":"THE_SILENT","items_purchased":["PiercingWail","Snake Skull","Backstab"],"campfire_rested":4,"item_purchase_floors":[7,29,29],"current_hp_per_floor":[59,46,46,39,24,42,42,42,42,42,41,39,39,31,49,4,48,28,49,49,35,35,9,27,25,25,24,24,24,42,27,27,0],"gold":16,"neow_bonus":"ONE_RARE_RELIC","is_prod":false,"is_daily":false,"chose_seed":false,"campfire_upgraded":2,"win_rate":0,"timestamp":1557562290,"path_taken":["M","?","M","?","?","R","$","M","T","?","M","?","R","E","R","BOSS","M","?","$","M","?","E","R","?","T","M","?","$","R","M","R","BOSS"],"build_version":"2019-01-23","purchased_purges":2,"victory":false,"max_hp_per_floor":[63,63,63,63,63,63,63,63,63,63,63,63,63,63,63,63,63,63,63,63,63,63,63,63,63,63,63,63,63,63,63,63,63],"card_choices":[{"not_picked":["Masterful Stab","Concentrate","Slice"],"picked":"SKIP","floor":1},{"not_picked":["Calculated Gamble","Prepared"],"picked":"Dagger Spray","floor":3},{"not_picked":["Concentrate","Cloak And Dagger"],"picked":"Poisoned Stab","floor":8},{"not_picked":["Footwork","Outmaneuver"],"picked":"Deadly Poison","floor":11},{"not_picked":["Outmaneuver","Escape Plan"],"picked":"Dash","floor":12},{"not_picked":["Reflex","Unload"],"picked":"Well Laid Plans","floor":14},{"not_picked":["Malaise","Corpse Explosion"],"picked":"Envenom","floor":16},{"not_picked":["Masterful Stab","Outmaneuver+1"],"picked":"Bane+1","floor":18},{"not_picked":["Slice","Bane+1"],"picked":"Deadly Poison+1","floor":21},{"not_picked":["Phantasmal Killer","Deadly Poison","Slice"],"picked":"SKIP","floor":23},{"not_picked":["Deadly Poison","Calculated Gamble+1","Bane"],"picked":"SKIP","floor":25},{"not_picked":["Blur","Quick Slash"],"picked":"Dodge and Roll+1","floor":27},{"not_picked":["Bouncing Flask","Wraith Form v2"],"picked":"Cloak And Dagger+1","floor":31}],"player_experience":1342944,"relics_obtained":[{"floor":9,"key":"Ornamental Fan"},{"floor":14,"key":"Blood Vial"},{"floor":23,"key":"Bottled Flame"}],"event_choices":[{"damage_healed":0,"gold_gain":0,"player_choice":"Entered Light","damage_taken":13,"max_hp_gain":0,"max_hp_loss":0,"event_name":"Shining Light","floor":2,"gold_loss":0,"cards_upgraded":["Strike_G","Strike_G"]},{"cards_removed":["Strike_G"],"damage_healed":0,"gold_gain":0,"player_choice":"Card Removal","damage_taken":7,"max_hp_gain":0,"max_hp_loss":0,"event_name":"Golden Wing","floor":4,"gold_loss":0},{"damage_healed":0,"gold_gain":0,"player_choice":"Take Damage","damage_taken":15,"relics_obtained":["Golden Idol"],"max_hp_gain":0,"max_hp_loss":0,"event_name":"Golden Idol","floor":5,"gold_loss":0},{"cards_removed":["Strike_G"],"damage_healed":0,"gold_gain":0,"player_choice":"Purged","damage_taken":0,"max_hp_gain":0,"max_hp_loss":0,"event_name":"Purifier","floor":10,"gold_loss":0},{"damage_healed":21,"gold_gain":0,"player_choice":"Heal","damage_taken":0,"max_hp_gain":0,"max_hp_loss":0,"event_name":"The Library","floor":19,"gold_loss":0},{"damage_healed":0,"gold_gain":0,"player_choice":"2 cards matched","damage_taken":0,"max_hp_gain":0,"max_hp_loss":0,"event_name":"Match and Keep!","floor":22,"gold_loss":0,"cards_obtained":["Wraith Form v2","Terror"]},{"damage_healed":0,"gold_gain":0,"player_choice":"Traded Relic","damage_taken":0,"relics_obtained":["Nloth\u0027s Gift"],"max_hp_gain":0,"max_hp_loss":0,"event_name":"N\u0027loth","floor":28,"relics_lost":["Golden Idol"],"gold_loss":0}],"is_beta":false,"boss_relics":[{"not_picked":["Ring of the Serpent","Runic Pyramid"],"picked":"Velvet Choker"}],"items_purged_floors":[20,29],"is_endless":false,"potions_floor_spawned":[1,11,16,21,25,31],"killed_by":"Champ","ascension_level":10}