{"gold_per_floor":[109,123,133,4,4,4,21,21,21,21,21,21,47,58,58,133,133,133,58,58,58,58],"floor_reached":22,"playtime":1978,"items_purged":["Strike_B"],"score":351,"play_id":"d67e9d29-3ed3-476d-8287-beb0ed1d502b","local_time":"20190312195821","is_ascension_mode":true,"campfire_choices":[{"data":"Zap","floor":6.0,"key":"SMITH"},{"data":"Dualcast","floor":8.0,"key":"SMITH"},{"data":"Coolheaded","floor":10.0,"key":"SMITH"},{"data":"Genetic Algorithm","floor":15.0,"key":"SMITH"}],"neow_cost":"NONE","seed_source_timestamp":0,"circlet_count":0,"master_deck":["AscendersBane","Strike_B","Strike_B","Strike_B","Defend_B","Defend_B","Defend_B","Defend_B","Zap+1","Dualcast+1","Capacitor","Coolheaded+1","Cold Snap","Coolheaded","Chill","Genetic Algorithm+1","Seek","Coolheaded"],"special_seed":0,"relics":["Cracked Core","Cables","Ectoplasm","Nloth\u0027s Gift"],"potions_floor_usage":[22],"damage_taken":[{"damage":7.0,"enemies":"Small Slimes","floor":1.0,"turns":3.0},{"damage":8.0,"enemies":"Jaw Worm","floor":2.0,"turns":5.0},{"damage":0.0,"enemies":"2 Louse","floor":3.0,"turns":3.0},{"damage":0.0,"enemies":"Gremlin Gang","floor":5.0,"turns":1.0},{"damage":16.0,"enemies":"Lots of Slimes","floor":7.0,"turns":6.0},{"damage":11.0,"enemies":"3 Sentries","floor":13.0,"turns":10.0},{"damage":0.0,"enemies":"2 Fungi Beasts","floor":14.0,"turns":4.0},{"damage":23.0,"enemies":"The Guardian","floor":16.0,"turns":16.0},{"damage":0,"enemies":"3 Byrds","floor":18,"turns":7},{"damage":10,"enemies":"2 Thieves","floor":19,"turns":5},{"damage":12,"enemies":"Chosen and Byrds","floor":21,"turns":9},{"damage":67,"enemies":"Cultist and Chosen","floor":22,"turns":12}],"seed_played":"4685756984005197715","potions_obtained":[{"floor":2.0,"key":"GamblersBrew"},{"floor":3.0,"key":"SmokeBomb"},{"floor":7.0,"key":"Ancient Potion"},{"floor":18,"key":"PowerPotion"}],"is_trial":false,"path_per_floor":["M","M","M","$","M","R","M","R","T","R","?","?","E","M","R","B",null,"M","M","?","M","M"],"character_chosen":"DEFECT","items_purchased":["Cold Snap"],"campfire_rested":0,"item_purchase_floors":[4],"current_hp_per_floor":[64,56,56,56,56,56,40,40,54,54,59,59,48,48,48,25,79,79,69,69,57,0],"gold":58,"neow_bonus":"TEN_PERCENT_HP_BONUS","is_prod":false,"is_daily":false,"chose_seed":false,"campfire_upgraded":4,"win_rate":0,"timestamp":1552420701,"path_taken":["M","M","M","$","M","R","M","R","T","R","?","?","E","M","R","BOSS","M","M","?","M","?"],"build_version":"2019-01-23","purchased_purges":1,"victory":false,"max_hp_per_floor":[78,78,78,78,78,78,78,78,92,92,97,97,97,97,97,97,97,97,97,97,97,97],"card_choices":[{"not_picked":["Hologram","Leap"],"picked":"Capacitor","floor":1.0},{"not_picked":["Ball Lightning","Conserve Battery"],"picked":"Coolheaded","floor":2.0},{"not_picked":["Rebound","Turbo","Steam"],"picked":"SKIP","floor":3.0},{"not_picked":["Hello World","Hologram"],"picked":"Coolheaded","floor":7.0},{"not_picked":["Sunder","Turbo"],"picked":"Chill","floor":13.0},{"not_picked":["Hologram","Sunder"],"picked":"Genetic Algorithm","floor":14.0},{"not_picked":["Reboot","Amplify"],"picked":"Seek","floor":16.0},{"not_picked":["Steam","Rebound","Auto Shields"],"picked":"SKIP","floor":18},{"not_picked":["Gash","Blizzard"],"picked":"Coolheaded","floor":19},{"not_picked":["Stack","Conserve Battery","Compile Driver"],"picked":"SKIP","floor":21}],"player_experience":1550835,"relics_obtained":[{"floor":9.0,"key":"Mango"},{"floor":13.0,"key":"Cables"}],"event_choices":[{"damage_healed":0.0,"max_hp_gain":5.0,"max_hp_loss":0.0,"gold_gain":0.0,"event_name":"Big Fish","player_choice":"Donut","floor":11.0,"gold_loss":0.0,"damage_taken":0.0},{"damage_healed":0.0,"max_hp_gain":0.0,"max_hp_loss":0.0,"gold_gain":0.0,"event_name":"Golden Wing","player_choice":"Ignored","floor":12.0,"gold_loss":0.0,"damage_taken":0.0},{"damage_healed":0,"gold_gain":0,"player_choice":"Traded Relic","damage_taken":0,"relics_obtained":["Nloth\u0027s Gift"],"max_hp_gain":0,"max_hp_loss":0,"event_name":"N\u0027loth","floor":20,"relics_lost":["Mango"],"gold_loss":0}],"is_beta":false,"boss_relics":[{"not_picked":["Astrolabe","Runic Dome"],"picked":"Ectoplasm"}],"items_purged_floors":[4],"is_endless":false,"potions_floor_spawned":[2,3,7,16,18],"killed_by":"Cultist and Chosen","ascension_level":15}