{"gold_per_floor":[114,124,44,57,72,106,31,65,65,65,79,57,57,70,70,173,173,193,20,31,31,31],"floor_reached":22,"playtime":1686,"items_purged":["Strike_B"],"score":206,"play_id":"bbe94992-7fbe-4d36-92d2-624dba6c9f7b","local_time":"20190410193356","is_ascension_mode":true,"campfire_choices":[{"data":"Buffer","floor":10,"key":"SMITH"},{"data":"Genetic Algorithm","floor":15,"key":"SMITH"}],"neow_cost":"NONE","seed_source_timestamp":2591829276978422,"circlet_count":0,"master_deck":["Strike_B","Strike_B","Strike_B","Defend_B","Defend_B","Defend_B","Defend_B","Zap","Dualcast","Buffer+1","BootSequence","Genetic Algorithm+1","Genetic Algorithm","Ball Lightning","Amplify","Creative AI","Apotheosis","Shame"],"relics":["Cracked Core","Singing Bowl","Bottled Lightning","Gremlin Horn","Happy Flower","Sozu","Centennial Puzzle"],"potions_floor_usage":[6,8,16],"damage_taken":[{"damage":6,"enemies":"Cultist","floor":1,"turns":3},{"damage":0,"enemies":"2 Louse","floor":2,"turns":3},{"damage":0,"enemies":"Jaw Worm","floor":4,"turns":4},{"damage":0,"enemies":"3 Louse","floor":5,"turns":4},{"damage":22,"enemies":"Gremlin Nob","floor":6,"turns":4},{"damage":4,"enemies":"Lagavulin","floor":8,"turns":7},{"damage":1,"enemies":"Exordium Wildlife","floor":11,"turns":5},{"damage":0,"enemies":"Blue Slaver","floor":14,"turns":4},{"damage":23,"enemies":"The Guardian","floor":16,"turns":12},{"damage":29,"enemies":"3 Byrds","floor":18,"turns":4},{"damage":18,"enemies":"Shell Parasite","floor":20,"turns":6},{"damage":47,"enemies":"3 Cultists","floor":22,"turns":5}],"seed_played":"-2913362593242527944","potions_obtained":[{"floor":1,"key":"SteroidPotion"},{"floor":4,"key":"PowerPotion"},{"floor":6,"key":"Regen Potion"}],"is_trial":false,"path_per_floor":["M","M","$","M","M","E","$","E","T","R","M","?","?","M","R","B",null,"M","$","M","?","M"],"character_chosen":"DEFECT","items_purchased":["Genetic Algorithm","Apotheosis"],"campfire_rested":0,"item_purchase_floors":[3,19],"current_hp_per_floor":[69,69,69,69,69,49,49,60,60,60,61,61,58,60,60,37,81,54,54,38,38,0],"gold":31,"neow_bonus":"ONE_RANDOM_RARE_CARD","is_prod":false,"is_daily":false,"chose_seed":false,"campfire_upgraded":2,"win_rate":0,"timestamp":1554921236,"path_taken":["M","?","$","M","M","E","$","E","T","R","M","?","?","M","R","BOSS","M","$","M","?","M"],"build_version":"2019-01-23","purchased_purges":1,"victory":false,"max_hp_per_floor":[75,75,75,75,75,77,77,77,77,77,79,79,79,81,81,81,81,83,83,85,85,85],"card_choices":[{"not_picked":["Stack","Leap"],"picked":"BootSequence","floor":1},{"not_picked":["Skim","Hologram"],"picked":"Genetic Algorithm","floor":2},{"not_picked":["Leap","Redo"],"picked":"Ball Lightning","floor":4},{"not_picked":["Conserve Battery","Hologram","Redo"],"picked":"SKIP","floor":5},{"not_picked":["Storm","Barrage","Undo"],"picked":"Singing Bowl","floor":6},{"not_picked":["Ball Lightning","Go for the Eyes"],"picked":"Amplify","floor":8},{"not_picked":["Compile Driver","Capacitor","Consume"],"picked":"Singing Bowl","floor":11},{"not_picked":["Turbo","Steam Power","Beam Cell"],"picked":"Singing Bowl","floor":14},{"not_picked":["Hyperbeam","Buffer"],"picked":"Creative AI","floor":16},{"not_picked":["Conserve Battery+1","Rebound+1","Compile Driver+1"],"picked":"Singing Bowl","floor":18},{"not_picked":["Compile Driver","Redo","Hello World"],"picked":"Singing Bowl","floor":20}],"player_experience":1742031,"relics_obtained":[{"floor":6,"key":"Singing Bowl"},{"floor":8,"key":"Bottled Lightning"},{"floor":9,"key":"Gremlin Horn"}],"event_choices":[{"damage_healed":0,"gold_gain":0,"player_choice":"Left Gold","damage_taken":0,"max_hp_gain":0,"max_hp_loss":0,"event_name":"World of Goop","floor":12,"gold_loss":22},{"damage_healed":0,"gold_gain":0,"player_choice":"Success","damage_taken":3,"relics_obtained":["Happy Flower"],"max_hp_gain":0,"max_hp_loss":0,"event_name":"Scrap Ooze","floor":13,"gold_loss":0},{"damage_healed":0,"gold_gain":0,"player_choice":"Stole Relic","damage_taken":0,"relics_obtained":["Centennial Puzzle"],"max_hp_gain":0,"max_hp_loss":0,"event_name":"Addict","floor":21,"gold_loss":0,"cards_obtained":["Shame"]}],"is_beta":false,"boss_relics":[{"not_picked":["Fusion Hammer","Cursed Key"],"picked":"Sozu"}],"items_purged_floors":[7],"is_endless":false,"potions_floor_spawned":[1,4,6,20],"killed_by":"3 Cultists","ascension_level":1}