{"gold_per_floor":[359,372,372,391,391,391,411,439,462,7,7,7,19,49,49,145,145,165,165,65,165,181,181,215,226,226,226,27,41,41,41,41,145,145,158,34,134,189,189,189,209,224,224,110,28,28,48,48,48,48],"floor_reached":51,"playtime":6304,"items_purged":["Strike_B","Strike_B"],"score":673,"play_id":"82035ce3-a5b8-4f83-91fd-ac3864f2be2f","local_time":"20190622021700","is_ascension_mode":false,"campfire_choices":[{"floor":6,"key":"REST"},{"data":"Scrape","floor":11,"key":"SMITH"},{"floor":15,"key":"REST"},{"floor":23,"key":"REST"},{"floor":30,"key":"REST"},{"data":"Sunder","floor":32,"key":"SMITH"},{"floor":40,"key":"REST"},{"data":"1","floor":46,"key":"LIFT"},{"data":"2","floor":49,"key":"LIFT"}],"neow_cost":"PERCENT_DAMAGE","seed_source_timestamp":293012972765900,"circlet_count":0,"master_deck":["Strike_B+1","Defend_B","Defend_B","Defend_B","Defend_B","Zap+1","Dualcast+1","Sunder+1","Gash","Scrape+1","Beam Cell","Gash","All For One","Self Repair","Go for the Eyes","Finesse","Reprogram","Echo Form","Rebound","Go for the Eyes","Turbo","Gash+1","Conserve Battery","Multi-Cast","Gash","Stack+1","Conserve Battery+1","Steam Power","Scrape","Flash of Steel"],"relics":["Cracked Core","Juzu Bracelet","Orichalcum","Bag of Preparation","Bottled Lightning","Lizard Tail","Bottled Flame","Thread and Needle","Ancient Tea Set","Darkstone Periapt","Regal Pillow","Runic Pyramid","Nunchaku","Girya","Oddly Smooth Stone"],"potions_floor_usage":[4,16,21,25,27,33,50,50,50],"damage_taken":[{"damage":7,"enemies":"2 Louse","floor":1,"turns":3},{"damage":0,"enemies":"Cultist","floor":2,"turns":4},{"damage":0,"enemies":"Small Slimes","floor":4,"turns":1},{"damage":1,"enemies":"3 Louse","floor":7,"turns":2},{"damage":12,"enemies":"3 Sentries","floor":8,"turns":5},{"damage":0,"enemies":"Blue Slaver","floor":13,"turns":1},{"damage":11,"enemies":"Lagavulin","floor":14,"turns":3},{"damage":17,"enemies":"Hexaghost","floor":16,"turns":7},{"damage":10,"enemies":"2 Thieves","floor":18,"turns":2},{"damage":7,"enemies":"Colosseum Slavers","floor":21,"turns":3},{"damage":19,"enemies":"Colosseum Nobs","floor":21,"turns":5},{"damage":0,"enemies":"Shell Parasite","floor":22,"turns":4},{"damage":37,"enemies":"Gremlin Leader","floor":24,"turns":8},{"damage":6,"enemies":"Centurion and Healer","floor":25,"turns":7},{"damage":0,"enemies":"Chosen and Byrds","floor":27,"turns":1},{"damage":0,"enemies":"Snake Plant","floor":29,"turns":2},{"damage":67,"enemies":"Collector","floor":33,"turns":10},{"damage":21,"enemies":"3 Darklings","floor":35,"turns":5},{"damage":10,"enemies":"Mind Bloom Boss Battle","floor":37,"turns":5},{"damage":40,"enemies":"2 Orb Walkers","floor":38,"turns":4},{"damage":0,"enemies":"Orb Walker","floor":41,"turns":3},{"damage":5,"enemies":"Transient","floor":42,"turns":5},{"damage":0,"enemies":"4 Shapes","floor":47,"turns":3},{"damage":34,"enemies":"Time Eater","floor":50,"turns":8}],"seed_played":"-4146623250525141412","potions_obtained":[{"floor":1,"key":"GamblersBrew"},{"floor":2,"key":"Energy Potion"},{"floor":8,"key":"Strength Potion"},{"floor":14,"key":"Poison Potion"},{"floor":16,"key":"SmokeBomb"},{"floor":24,"key":"EssenceOfSteel"},{"floor":35,"key":"LiquidBronze"},{"floor":41,"key":"Swift Potion"},{"floor":42,"key":"GamblersBrew"}],"is_trial":false,"path_per_floor":["M","M","?","M","?","R","M","E","T","$","R","?","M","E","R","B",null,"M","?","$","?","M","R","E","M","T","M","$","M","R","?","R","B",null,"M","$","?","?","?","R","M","M","T","$","$","R","M","?","R","B",null],"character_chosen":"DEFECT","items_purchased":["All For One","Turbo","Self Repair","Go for the Eyes","Finesse","Regal Pillow","Turbo","Multi-Cast","Gash","Steam Power","Scrape","Flash of Steel"],"campfire_rested":5,"item_purchase_floors":[10,10,10,10,10,28,28,36,36,44,44,45],"current_hp_per_floor":[47,47,47,47,32,54,53,41,41,41,41,34,34,30,52,35,75,72,56,56,30,37,59,29,30,30,30,30,37,74,74,74,14,75,61,61,58,25,25,62,69,71,71,71,71,71,75,75,75,41],"gold":48,"neow_bonus":"TWO_FIFTY_GOLD","is_prod":false,"is_daily":false,"chose_seed":false,"campfire_upgraded":2,"win_rate":0.0,"timestamp":1561195020,"path_taken":["M","M","?","?","?","R","M","E","T","$","R","?","M","E","R","BOSS","M","?","$","?","M","R","E","M","T","M","$","M","R","?","R","BOSS","M","$","?","?","?","R","M","M","T","?","$","R","M","?","R","BOSS"],"build_version":"2019-01-23","purchased_purges":2,"victory":true,"max_hp_per_floor":[75,75,75,75,75,75,75,75,75,75,75,75,75,75,75,75,75,75,75,75,75,75,75,75,75,75,75,75,75,75,75,75,75,75,75,75,75,75,75,75,75,75,75,75,75,75,75,75,75,75],"card_choices":[{"not_picked":["Streamline","Coolheaded"],"picked":"Sunder","floor":1},{"not_picked":["Auto Shields","Beam Cell"],"picked":"Gash","floor":2},{"not_picked":["Blizzard","Beam Cell"],"picked":"Scrape","floor":4},{"not_picked":["Turbo","Compile Driver"],"picked":"Beam Cell","floor":7},{"not_picked":["Double Energy","Rebound"],"picked":"Gash","floor":8},{"not_picked":["Streamline","Hologram"],"picked":"Reprogram","floor":13},{"not_picked":["Self Repair","Biased Cognition","Sweeping Beam"],"picked":"SKIP","floor":14},{"not_picked":["Machine Learning","Reboot"],"picked":"Echo Form","floor":16},{"not_picked":["Compile Driver","Ball Lightning+1"],"picked":"Rebound","floor":18},{"not_picked":["Tempest","Redo","Cold Snap"],"picked":"SKIP","floor":22},{"not_picked":["Cold Snap","Reinforced Body","Lockon"],"picked":"SKIP","floor":24},{"not_picked":["Reprogram","Coolheaded"],"picked":"Go for the Eyes","floor":25},{"not_picked":["Reprogram","Rainbow"],"picked":"Gash+1","floor":29},{"not_picked":["Cold Snap","Doom and Gloom"],"picked":"Conserve Battery","floor":35},{"not_picked":["Beam Cell+1","Compile Driver"],"picked":"Stack+1","floor":37},{"not_picked":["Streamline+1","Lockon+1"],"picked":"Conserve Battery+1","floor":41},{"not_picked":["Cold Snap+1","Sweeping Beam+1","Streamline+1"],"picked":"SKIP","floor":42},{"not_picked":["Steam Power+1","Beam Cell","Coolheaded"],"picked":"SKIP","floor":47}],"player_experience":54312,"relics_obtained":[{"floor":8,"key":"Juzu Bracelet"},{"floor":9,"key":"Orichalcum"},{"floor":14,"key":"Bottled Lightning"},{"floor":21,"key":"Bottled Flame"},{"floor":21,"key":"Thread and Needle"},{"floor":24,"key":"Ancient Tea Set"},{"floor":26,"key":"Darkstone Periapt"},{"floor":37,"key":"Nunchaku"},{"floor":38,"key":"Girya"},{"floor":43,"key":"Oddly Smooth Stone"}],"event_choices":[{"damage_healed":0,"gold_gain":0,"player_choice":"Forge","damage_taken":0,"max_hp_gain":0,"max_hp_loss":0,"event_name":"Accursed Blacksmith","floor":3,"gold_loss":0,"cards_upgraded":["Zap"]},{"damage_healed":0,"gold_gain":0,"player_choice":"Entered Light","damage_taken":15,"max_hp_gain":0,"max_hp_loss":0,"event_name":"Shining Light","floor":5,"gold_loss":0,"cards_upgraded":["Strike_B","Dualcast"]},{"damage_healed":0,"gold_gain":0,"player_choice":"Success","damage_taken":7,"relics_obtained":["Bag of Preparation"],"max_hp_gain":0,"max_hp_loss":0,"event_name":"Scrap Ooze","floor":12,"gold_loss":0},{"damage_healed":0,"gold_gain":0,"player_choice":"Obtained Book","damage_taken":16,"max_hp_gain":0,"max_hp_loss":0,"event_name":"Cursed Tome","floor":19,"gold_loss":0},{"damage_healed":0,"gold_gain":0,"player_choice":"Fight","damage_taken":0,"max_hp_gain":0,"max_hp_loss":0,"event_name":"Colosseum","floor":21,"gold_loss":0},{"damage_healed":0,"gold_gain":0,"player_choice":"Fought Nobs","damage_taken":0,"max_hp_gain":0,"max_hp_loss":0,"event_name":"Colosseum","floor":21,"gold_loss":0},{"cards_removed":["Strike_B"],"damage_healed":0,"gold_gain":0,"player_choice":"Offered Basic","damage_taken":0,"max_hp_gain":0,"max_hp_loss":0,"event_name":"Bonfire Elementals","floor":31,"gold_loss":0},{"damage_healed":0,"gold_gain":0,"player_choice":"Fight","damage_taken":0,"max_hp_gain":0,"max_hp_loss":0,"event_name":"MindBloom","floor":37,"gold_loss":0},{"damage_healed":0,"gold_gain":0,"player_choice":"Fight","damage_taken":0,"max_hp_gain":0,"max_hp_loss":0,"event_name":"Mysterious Sphere","floor":38,"gold_loss":0},{"damage_healed":0,"gold_gain":0,"player_choice":"Ignored","damage_taken":0,"max_hp_gain":0,"max_hp_loss":0,"event_name":"Tomb of Lord Red Mask","floor":39,"gold_loss":0},{"cards_removed":["Turbo"],"damage_healed":0,"gold_gain":0,"player_choice":"Removed Skill","damage_taken":0,"max_hp_gain":0,"max_hp_loss":0,"event_name":"Falling","floor":48,"gold_loss":0}],"is_beta":false,"boss_relics":[{"not_picked":["Sozu","FrozenCore"],"picked":"Lizard Tail"},{"not_picked":["Philosopher\u0027s Stone","Runic Dome"],"picked":"Runic Pyramid"}],"items_purged_floors":[10,20],"is_endless":false,"potions_floor_spawned":[1,2,8,14,16,21,24,27,35,41,42],"ascension_level":0}