{"gold_per_floor":[109,109,34,34,34,34,47,47,70,145,145,166,166,184,184,309,309,322,336,349,349,369,369,369],"floor_reached":24,"playtime":1340,"items_purged":["Neutralize"],"score":186,"play_id":"83135fc3-fe5f-47d5-9fb0-4722bc71d4fc","local_time":"20190707024411","is_ascension_mode":false,"campfire_choices":[{"floor":6,"key":"REST"},{"data":"Choke","floor":8,"key":"SMITH"},{"floor":11,"key":"REST"},{"data":"Underhanded Strike","floor":13,"key":"SMITH"},{"data":"Bouncing Flask","floor":15,"key":"SMITH"},{"floor":23,"key":"REST"}],"neow_cost":"NONE","seed_source_timestamp":1206926446034900,"circlet_count":0,"master_deck":["Strike_G","Strike_G","Strike_G","Strike_G","Strike_G","Defend_G","Defend_G","Defend_G","Defend_G","Defend_G","Survivor","Choke+1","Underhanded Strike","Underhanded Strike+1","Bouncing Flask+1","Burst","Backflip","Leg Sweep","Crippling Poison","Eviscerate","Expertise","Corpse Explosion","Choke+1","Skewer","Dagger Spray"],"relics":["Snecko Eye","Pen Nib","Golden Idol","PreservedInsect","Orrery","FaceOfCleric"],"potions_floor_usage":[],"damage_taken":[{"damage":14,"enemies":"Jaw Worm","floor":1,"turns":4},{"damage":1,"enemies":"2 Louse","floor":7,"turns":2},{"damage":6,"enemies":"Cultist","floor":12,"turns":4},{"damage":0,"enemies":"2 Fungi Beasts","floor":14,"turns":2},{"damage":39,"enemies":"The Guardian","floor":16,"turns":7},{"damage":11,"enemies":"2 Thieves","floor":18,"turns":3},{"damage":5,"enemies":"Spheric Guardian","floor":19,"turns":3},{"damage":15,"enemies":"Snake Plant","floor":20,"turns":3},{"damage":29,"enemies":"3 Cultists","floor":22,"turns":4},{"damage":36,"enemies":"Sentry and Sphere","floor":24,"turns":3}],"seed_played":"-1897261561106030098","potions_obtained":[{"floor":19,"key":"Fire Potion"},{"floor":22,"key":"Energy Potion"}],"is_trial":false,"path_per_floor":["M","?","$","?","$","R","M","R","T","?","R","M","R","M","R","B",null,"M","M","M","?","M","R","M"],"character_chosen":"THE_SILENT","items_purchased":[],"campfire_rested":3,"item_purchase_floors":[],"current_hp_per_floor":[56,53,53,36,36,57,56,56,56,45,66,60,60,60,60,21,70,59,54,39,39,11,32,0],"gold":369,"neow_bonus":"BOSS_RELIC","is_prod":false,"is_daily":false,"chose_seed":false,"campfire_upgraded":3,"win_rate":0.0,"timestamp":1562435051,"path_taken":["M","?","$","?","$","R","M","R","T","?","R","?","R","M","R","BOSS","M","?","M","?","M","R","M"],"build_version":"2019-07-05","purchased_purges":1,"victory":false,"max_hp_per_floor":[70,70,70,70,70,70,70,70,70,70,70,70,70,70,70,70,70,70,70,70,70,71,71,71],"card_choices":[{"not_picked":["Flying Knee","Skewer"],"picked":"Choke","floor":1},{"not_picked":["Backflip","Slice"],"picked":"Underhanded Strike","floor":7},{"not_picked":["Backstab","Masterful Stab"],"picked":"Underhanded Strike","floor":12},{"not_picked":["Flying Knee","Infinite Blades"],"picked":"Bouncing Flask","floor":14},{"not_picked":["After Image","Unload"],"picked":"Burst","floor":16},{"not_picked":["Prepared","Endless Agony"],"picked":"Backflip","floor":17},{"not_picked":["Flying Knee","Finisher"],"picked":"Leg Sweep","floor":17},{"not_picked":["Dagger Throw","Distraction"],"picked":"Crippling Poison","floor":17},{"not_picked":["Underhanded Strike","Blade Dance"],"picked":"Eviscerate","floor":17},{"not_picked":["Bane","Outmaneuver"],"picked":"Expertise","floor":17},{"not_picked":["Deadly Poison+1","Backflip"],"picked":"Corpse Explosion","floor":18},{"not_picked":["Slice","Leg Sweep"],"picked":"Choke+1","floor":19},{"not_picked":["Outmaneuver","Backstab"],"picked":"Skewer","floor":20},{"not_picked":["Prepared","Deflect+1"],"picked":"Dagger Spray","floor":22}],"player_experience":30756,"relics_obtained":[{"floor":9,"key":"PreservedInsect"}],"event_choices":[{"damage_healed":0,"gold_gain":0,"player_choice":"Success","damage_taken":3,"relics_obtained":["Pen Nib"],"max_hp_gain":0,"max_hp_loss":0,"event_name":"Scrap Ooze","floor":2,"gold_loss":0},{"damage_healed":0,"gold_gain":0,"player_choice":"Take Damage","damage_taken":17,"relics_obtained":["Golden Idol"],"max_hp_gain":0,"max_hp_loss":0,"event_name":"Golden Idol","floor":4,"gold_loss":0},{"damage_healed":0,"gold_gain":75,"player_choice":"Gather Gold","damage_taken":11,"max_hp_gain":0,"max_hp_loss":0,"event_name":"World of Goop","floor":10,"gold_loss":0},{"damage_healed":0,"gold_gain":0,"player_choice":"Trade","damage_taken":0,"relics_obtained":["FaceOfCleric"],"max_hp_gain":0,"max_hp_loss":0,"event_name":"FaceTrader","floor":21,"gold_loss":0}],"is_beta":false,"boss_relics":[{"not_picked":["Astrolabe","WristBlade"],"picked":"Orrery"}],"items_purged_floors":[3],"is_endless":false,"potions_floor_spawned":[16,19,22],"killed_by":"Sentry and Sphere","ascension_level":0}