{"gold_per_floor":[144,189,234,279,95,185,230,275,325,370,370,415,375,465,465,765,915,960,1005,520,565,565,655,700,700,750,840,840,885,930,975,975,1275,1275,1320,1365,1410,1455,276,366,411,411,411,0,0,45,45,135,135,135],"floor_reached":51,"playtime":3450,"items_purged":[],"score":1167,"play_id":"184a1dc3-61d5-42ac-bde0-c4b6bad89844","local_time":"20190527032222","daily_mods":["Cursed Run","Time Dilation","Midas"],"is_ascension_mode":false,"campfire_choices":[{"floor":15,"key":"REST"},{"floor":25,"key":"REST"},{"floor":28,"key":"REST"},{"floor":32,"key":"REST"},{"floor":42,"key":"REST"},{"floor":47,"key":"REST"},{"floor":49,"key":"REST"}],"neow_cost":"","seed_source_timestamp":0,"circlet_count":0,"master_deck":["Defend_G+1","Defend_G","Defend_G","Defend_G","Defend_G","Strike_G","Strike_G+1","Strike_G","Strike_G","Survivor","Neutralize","Poisoned Stab","Deadly Poison","PiercingWail","Poisoned Stab","Noxious Fumes","PiercingWail","Dash+1","Crippling Poison","Injury","Dash","Poisoned Stab","Injury","Venomology","Flying Knee","Dash+1","Deadly Poison","Sadistic Nature","Quick Slash+1","Unload","Flying Knee+1","Injury","Bouncing Flask+1","Outmaneuver+1","All Out Attack","Deadly Poison","Writhe","Envenom","Clumsy","Parasite","Writhe","Quick Slash+1","Predator+1","Quick Slash+1","Backflip","Sadistic Nature","Panacea","Bane","Unload","Acrobatics+1","Deadly Poison+1","Injury","Writhe","Riddle With Holes+1","Poisoned Stab","Normality"],"special_seed":18043,"relics":["Cursed Key","Darkstone Periapt","Du-Vu Doll","PreservedInsect","Ancient Tea Set","Oddly Smooth Stone","Snake Skull","Tiny House","StoneCalendar","Pantograph","Lantern","Regal Pillow","Calling Bell","The Specimen","Matryoshka","Art of War","Anchor","Tough Bandages","TheAbacus","Juzu Bracelet","Smiling Mask","Meat on the Bone","Red Mask","Strawberry","Blood Vial","Bird Faced Urn"],"potions_floor_usage":[13,16,16,18,21,23,23,23,24,30,33,35,35,38,38,40,50,50],"damage_taken":[{"damage":0,"enemies":"Jaw Worm","floor":1,"turns":4},{"damage":0,"enemies":"Cultist","floor":2,"turns":3},{"damage":0,"enemies":"2 Louse","floor":3,"turns":3},{"damage":0,"enemies":"Lots of Slimes","floor":4,"turns":4},{"damage":8,"enemies":"3 Sentries","floor":6,"turns":6},{"damage":0,"enemies":"Large Slime","floor":7,"turns":5},{"damage":0,"enemies":"Exordium Wildlife","floor":8,"turns":4},{"damage":0,"enemies":"Blue Slaver","floor":10,"turns":3},{"damage":0,"enemies":"Large Slime","floor":12,"turns":5},{"damage":0,"enemies":"Lagavulin","floor":14,"turns":4},{"damage":9,"enemies":"Hexaghost","floor":16,"turns":8},{"damage":2,"enemies":"2 Thieves","floor":18,"turns":4},{"damage":4,"enemies":"Spheric Guardian","floor":19,"turns":5},{"damage":0,"enemies":"Snecko","floor":21,"turns":4},{"damage":1,"enemies":"Slavers","floor":23,"turns":3},{"damage":7,"enemies":"Chosen and Byrds","floor":24,"turns":5},{"damage":0,"enemies":"Gremlin Leader","floor":27,"turns":4},{"damage":12,"enemies":"Centurion and Healer","floor":29,"turns":3},{"damage":16,"enemies":"Sentry and Sphere","floor":30,"turns":4},{"damage":0,"enemies":"Cultist and Chosen","floor":31,"turns":4},{"damage":79,"enemies":"Automaton","floor":33,"turns":7},{"damage":10,"enemies":"Orb Walker","floor":35,"turns":2},{"damage":31,"enemies":"3 Darklings","floor":36,"turns":4},{"damage":20,"enemies":"Sphere and 2 Shapes","floor":37,"turns":3},{"damage":0,"enemies":"Transient","floor":38,"turns":5},{"damage":18,"enemies":"Giant Head","floor":40,"turns":6},{"damage":40,"enemies":"Writhing Mass","floor":41,"turns":4},{"damage":12,"enemies":"4 Shapes","floor":46,"turns":3},{"damage":21,"enemies":"Nemesis","floor":48,"turns":5},{"damage":47,"enemies":"Time Eater","floor":50,"turns":7}],"seed_played":"-8145905015127377607","potions_obtained":[{"floor":2,"key":"Regen Potion"},{"floor":8,"key":"Weak Potion"},{"floor":10,"key":"SkillPotion"},{"floor":13,"key":"Fruit Juice"},{"floor":14,"key":"Fire Potion"},{"floor":17,"key":"FearPotion"},{"floor":18,"key":"Block Potion"},{"floor":19,"key":"SkillPotion"},{"floor":21,"key":"Explosive Potion"},{"floor":24,"key":"FearPotion"},{"floor":30,"key":"Dexterity Potion"},{"floor":37,"key":"AttackPotion"},{"floor":40,"key":"LiquidBronze"}],"is_trial":false,"path_per_floor":["M","M","M","M","$","E","M","M","T","M","?","M","?","E","R","B",null,"M","M","$","M","?","E","M","R","T","E","R","M","M","M","R","B",null,"M","M","M","M","$","E","M","R","T","?","T","M","R","E","R","B",null],"character_chosen":"THE_SILENT","items_purchased":["Noxious Fumes","PreservedInsect","Sadistic Nature","StoneCalendar","Sadistic Nature","Panacea","Anchor","Tough Bandages","TheAbacus","Bane","Poison Potion","Unload"],"campfire_rested":7,"item_purchase_floors":[5,5,20,20,39,39,39,39,39,39,39,39],"current_hp_per_floor":[70,70,70,70,70,62,62,62,68,68,53,53,58,58,81,78,92,90,86,86,86,86,85,78,92,98,98,98,86,70,70,98,25,122,112,81,61,61,61,43,3,54,60,60,73,75,132,113,141,102],"gold":135,"neow_bonus":"","is_prod":false,"is_daily":true,"chose_seed":false,"campfire_upgraded":0,"win_rate":0,"timestamp":1558923742,"path_taken":["M","M","M","M","$","E","M","M","T","M","?","M","?","E","R","BOSS","M","?","$","M","?","E","M","R","T","E","R","M","M","M","R","BOSS","M","M","M","M","?","E","M","R","T","?","?","M","R","E","R","BOSS"],"build_version":"2019-01-23","purchased_purges":0,"victory":true,"max_hp_per_floor":[70,70,70,70,70,70,70,70,76,76,76,76,81,81,81,87,92,92,92,92,92,92,92,92,92,98,98,98,98,98,98,98,104,122,122,122,122,122,122,122,122,122,128,128,141,141,141,141,141,147],"card_choices":[{"not_picked":["Dagger Throw","Sucker Punch"],"picked":"Poisoned Stab","floor":1},{"not_picked":["Finisher","PiercingWail"],"picked":"Deadly Poison","floor":2},{"not_picked":["All Out Attack","Outmaneuver"],"picked":"PiercingWail","floor":3},{"not_picked":["Expertise","Prepared"],"picked":"Poisoned Stab","floor":4},{"not_picked":["Deflect","Tools of the Trade"],"picked":"PiercingWail","floor":6},{"not_picked":["Prepared","Calculated Gamble"],"picked":"Dash","floor":7},{"not_picked":["Masterful Stab","Dagger Throw"],"picked":"Crippling Poison","floor":8},{"not_picked":["Tactician","Flying Knee"],"picked":"Dash","floor":10},{"not_picked":["Slice","Acrobatics","Finisher"],"picked":"SKIP","floor":12},{"not_picked":["Eviscerate","Concentrate"],"picked":"Poisoned Stab","floor":14},{"not_picked":["Phantasmal Killer","Doppelganger"],"picked":"Venomology","floor":16},{"not_picked":["Calculated Gamble","Eviscerate"],"picked":"Flying Knee","floor":17},{"not_picked":["Flying Knee","Sucker Punch"],"picked":"Dash+1","floor":18},{"not_picked":["Caltrops","Underhanded Strike"],"picked":"Deadly Poison","floor":19},{"not_picked":["Acrobatics+1","Cloak And Dagger"],"picked":"Quick Slash+1","floor":21},{"not_picked":["Deflect","PiercingWail"],"picked":"Unload","floor":23},{"not_picked":["Dodge and Roll","Outmaneuver"],"picked":"Flying Knee+1","floor":24},{"not_picked":["Flying Knee+1","Sucker Punch+1"],"picked":"Bouncing Flask+1","floor":27},{"not_picked":["After Image","Dodge and Roll"],"picked":"Outmaneuver+1","floor":29},{"not_picked":["Caltrops","Blade Dance"],"picked":"All Out Attack","floor":30},{"not_picked":["Accuracy+1","Dagger Throw"],"picked":"Deadly Poison","floor":31},{"not_picked":["After Image","Unload"],"picked":"Envenom","floor":33},{"not_picked":["Cloak And Dagger+1","Dagger Spray+1"],"picked":"Quick Slash+1","floor":35},{"not_picked":["Glass Knife","Sucker Punch+1"],"picked":"Predator+1","floor":36},{"not_picked":["Flying Knee","Outmaneuver"],"picked":"Quick Slash+1","floor":37},{"not_picked":["Dodge and Roll+1","Dagger Throw"],"picked":"Backflip","floor":38},{"not_picked":["Dagger Spray+1","After Image"],"picked":"Acrobatics+1","floor":40},{"not_picked":["Prepared","Backflip"],"picked":"Deadly Poison+1","floor":41},{"not_picked":["Choke","Underhanded Strike"],"picked":"Riddle With Holes+1","floor":46},{"not_picked":["Flechettes","Outmaneuver"],"picked":"Poisoned Stab","floor":48}],"player_experience":274275,"relics_obtained":[{"floor":6,"key":"Ancient Tea Set"},{"floor":9,"key":"Oddly Smooth Stone"},{"floor":14,"key":"Snake Skull"},{"floor":23,"key":"Pantograph"},{"floor":26,"key":"Lantern"},{"floor":27,"key":"Regal Pillow"},{"floor":34,"key":"The Specimen"},{"floor":34,"key":"Matryoshka"},{"floor":34,"key":"Art of War"},{"floor":40,"key":"Juzu Bracelet"},{"floor":43,"key":"Smiling Mask"},{"floor":43,"key":"Meat on the Bone"},{"floor":45,"key":"Strawberry"},{"floor":45,"key":"Blood Vial"},{"floor":48,"key":"Bird Faced Urn"}],"event_choices":[{"damage_healed":0,"gold_gain":0,"player_choice":"Entered Light","damage_taken":15,"max_hp_gain":0,"max_hp_loss":0,"event_name":"Shining Light","floor":11,"gold_loss":0,"cards_upgraded":["Defend_G","Dash"]},{"damage_healed":0,"gold_gain":0,"player_choice":"Bought 3 Potions","damage_taken":0,"max_hp_gain":0,"max_hp_loss":0,"event_name":"The Woman in Blue","floor":13,"gold_loss":0},{"cards_removed":["Strike_G"],"damage_healed":0,"gold_gain":0,"player_choice":"Card Removal","damage_taken":0,"max_hp_gain":0,"max_hp_loss":0,"event_name":"Wheel of Change","floor":22,"gold_loss":0},{"damage_healed":0,"gold_gain":0,"player_choice":"Paid","damage_taken":0,"relics_obtained":["Red Mask"],"max_hp_gain":0,"max_hp_loss":0,"event_name":"Tomb of Lord Red Mask","floor":44,"gold_loss":411}],"is_beta":false,"boss_relics":[{"not_picked":["HoveringKite","Eternal Feather"],"picked":"Tiny House"},{"not_picked":["Coffee Dripper","WristBlade"],"picked":"Calling Bell"}],"items_purged_floors":[],"is_endless":false,"potions_floor_spawned":[2,8,10,14,18,19,21,24,30,37,40],"ascension_level":0}