{"gold_per_floor":[114,74,89,89,108,108,127,146,196,215,215,234,234,253,253,378,378,378,397,416,435,454,454,473,473,473,511,530,530,530],"floor_reached":30,"playtime":2349,"items_purged":[],"score":250,"play_id":"78f22477-a237-492d-bb42-1f342098c7cd","local_time":"20190707230557","daily_mods":["Heirloom","Blue Cards","DeadlyEvents"],"is_ascension_mode":false,"campfire_choices":[{"data":"1","floor":6,"key":"LIFT"},{"data":"2","floor":11,"key":"LIFT"},{"floor":15,"key":"REST"},{"floor":23,"key":"REST"},{"floor":25,"key":"REST"}],"neow_cost":"","seed_source_timestamp":0,"circlet_count":0,"master_deck":["Survivor","Neutralize","Poisoned Stab","Bouncing Flask","Injury","Quick Slash","Sunder","Corpse Explosion","Choke","Flying Knee","Die Die Die","Bane","Seek","Setup","Heatsinks","Adrenaline","Aggregate","Sweeping Beam","Loop","Malaise","FTL","Reinforced Body","Terror","Crippling Poison","Expertise","Escape Plan+1","Quick Slash","All For One","Distraction","Hello World+1","Writhe"],"special_seed":18084,"relics":["Ring of the Snake","Girya","Golden Idol","Potion Belt","Pandora\u0027s Box","Dodecahedron","Pantograph","Tough Bandages"],"potions_floor_usage":[28,30,30],"damage_taken":[{"damage":0,"enemies":"Small Slimes","floor":1,"turns":4},{"damage":0,"enemies":"Cultist","floor":3,"turns":4},{"damage":7,"enemies":"2 Louse","floor":5,"turns":3},{"damage":10,"enemies":"2 Fungi Beasts","floor":7,"turns":3},{"damage":2,"enemies":"Blue Slaver","floor":8,"turns":3},{"damage":4,"enemies":"Gremlin Gang","floor":10,"turns":3},{"damage":8,"enemies":"Red Slaver","floor":12,"turns":4},{"damage":14,"enemies":"Blue Slaver","floor":14,"turns":3},{"damage":30,"enemies":"The Guardian","floor":16,"turns":8},{"damage":0,"enemies":"Spheric Guardian","floor":18,"turns":3},{"damage":0,"enemies":"Chosen","floor":19,"turns":3},{"damage":30,"enemies":"Sentry and Sphere","floor":20,"turns":4},{"damage":24,"enemies":"Snake Plant","floor":21,"turns":3},{"damage":12,"enemies":"Chosen and Byrds","floor":22,"turns":4},{"damage":18,"enemies":"Snecko","floor":24,"turns":6},{"damage":27,"enemies":"Gremlin Leader","floor":27,"turns":7},{"damage":0,"enemies":"3 Cultists","floor":28,"turns":3},{"damage":6,"enemies":"Snake Plant","floor":30,"turns":2}],"seed_played":"-6942843224144824641","potions_obtained":[{"floor":3,"key":"EssenceOfSteel"},{"floor":10,"key":"AttackPotion"},{"floor":12,"key":"Strength Potion"},{"floor":19,"key":"Regen Potion"},{"floor":20,"key":"Weak Potion"},{"floor":24,"key":"SkillPotion"}],"is_trial":false,"path_per_floor":["M","?","M","?","M","R","M","M","T","M","R","M","?","M","R","B",null,"M","M","M","M","M","R","M","R","T","E","M","?","M"],"character_chosen":"THE_SILENT","items_purchased":[],"campfire_rested":3,"item_purchase_floors":[],"current_hp_per_floor":[70,70,70,70,63,63,53,51,51,47,47,39,39,25,46,16,70,70,70,40,16,4,25,7,28,28,1,1,1,0],"gold":530,"neow_bonus":"","is_prod":false,"is_daily":true,"chose_seed":false,"campfire_upgraded":0,"win_rate":0.0,"timestamp":1562508357,"path_taken":["M","?","M","?","M","R","M","M","T","M","R","M","?","M","R","BOSS","M","M","M","?","M","R","M","R","T","?","M","?","M"],"build_version":"2019-07-05","purchased_purges":0,"victory":false,"max_hp_per_floor":[70,70,70,70,70,70,70,70,70,70,70,70,70,70,70,70,70,70,70,70,70,70,70,70,70,70,70,70,70,70],"card_choices":[{"not_picked":["Sucker Punch","Steam"],"picked":"Poisoned Stab","floor":1},{"not_picked":["Redo","Reinforced Body"],"picked":"Bouncing Flask","floor":3},{"not_picked":["Cold Snap","Prepared"],"picked":"Quick Slash","floor":5},{"not_picked":["Compile Driver","Streamline"],"picked":"Sunder","floor":7},{"not_picked":["Hello World","Self Repair"],"picked":"Corpse Explosion","floor":8},{"not_picked":["Melter","Coolheaded"],"picked":"Choke","floor":10},{"not_picked":["Leap","Slice"],"picked":"Flying Knee","floor":12},{"not_picked":["Self Repair","Go for the Eyes"],"picked":"Bane","floor":14},{"not_picked":["Machine Learning","Reboot"],"picked":"Seek","floor":16},{"not_picked":["Cloak And Dagger+1","Barrage"],"picked":"Terror","floor":18},{"not_picked":["Eviscerate+1","PiercingWail"],"picked":"Crippling Poison","floor":19},{"not_picked":["Choke","PiercingWail"],"picked":"Expertise","floor":20},{"not_picked":["Terror+1","Blade Dance"],"picked":"Escape Plan+1","floor":21},{"not_picked":["Eviscerate","Lockon"],"picked":"Quick Slash","floor":22},{"not_picked":["Barrage","Double Energy"],"picked":"All For One","floor":24},{"not_picked":["Streamline+1","Slice"],"picked":"Distraction","floor":27},{"not_picked":["Sweeping Beam","Backflip+1"],"picked":"Hello World+1","floor":28}],"player_experience":35436,"relics_obtained":[{"floor":9,"key":"Potion Belt"},{"floor":26,"key":"Dodecahedron"},{"floor":27,"key":"Pantograph"}],"event_choices":[{"damage_healed":0,"gold_gain":0,"player_choice":"Left Gold","damage_taken":0,"max_hp_gain":0,"max_hp_loss":0,"event_name":"World of Goop","floor":2,"gold_loss":40},{"damage_healed":0,"gold_gain":0,"player_choice":"Take Wound","damage_taken":0,"relics_obtained":["Golden Idol"],"max_hp_gain":0,"max_hp_loss":0,"event_name":"Golden Idol","floor":4,"gold_loss":0,"cards_obtained":["Injury"]},{"damage_healed":0,"gold_gain":0,"cards_transformed":["Strike_G"],"player_choice":"Transformed","damage_taken":0,"max_hp_gain":0,"max_hp_loss":0,"event_name":"Transmorgrifier","floor":13,"gold_loss":0,"cards_obtained":["Die Die Die"]},{"damage_healed":0,"gold_gain":0,"player_choice":"Opened","damage_taken":0,"relics_obtained":["Tough Bandages"],"max_hp_gain":0,"max_hp_loss":0,"event_name":"The Mausoleum","floor":29,"gold_loss":0,"cards_obtained":["Writhe"]}],"is_beta":false,"boss_relics":[{"not_picked":["Coffee Dripper","Empty Cage"],"picked":"Pandora\u0027s Box"}],"items_purged_floors":[],"is_endless":false,"potions_floor_spawned":[3,10,12,19,20,24],"killed_by":"Snake Plant","ascension_level":0}