{"gold_per_floor":[113,113,113,136,161,197,197,235,317,332,347,115,139,139,139,139],"floor_reached":16,"playtime":909,"items_purged":["Strike_B"],"score":196,"play_id":"d382f8b4-33d6-4ccc-bb34-32f1b66d08bd","local_time":"20190329183937","is_ascension_mode":true,"campfire_choices":[{"floor":7,"key":"REST"},{"floor":15,"key":"REST"}],"neow_cost":"NONE","seed_source_timestamp":1556063271449845,"circlet_count":0,"master_deck":["AscendersBane","Strike_B","Strike_B","Strike_B","Defend_B","Defend_B","Defend_B","Defend_B","Zap+1","Dualcast","Streamline","Go for the Eyes","Beam Cell","Sunder","Meteor Strike","Steam","Ball Lightning","Gash"],"relics":["Cracked Core","Golden Idol","Ice Cream","Art of War","Shuriken","Pen Nib"],"potions_floor_usage":[6,8,11],"damage_taken":[{"damage":5,"enemies":"Small Slimes","floor":1,"turns":3},{"damage":6,"enemies":"2 Louse","floor":4,"turns":3},{"damage":1,"enemies":"Cultist","floor":5,"turns":3},{"damage":25,"enemies":"3 Sentries","floor":6,"turns":7},{"damage":5,"enemies":"Lagavulin","floor":8,"turns":5},{"damage":21,"enemies":"Exordium Thugs","floor":10,"turns":4},{"damage":0,"enemies":"Blue Slaver","floor":11,"turns":1},{"damage":6,"enemies":"2 Fungi Beasts","floor":13,"turns":2},{"damage":30,"enemies":"The Guardian","floor":16,"turns":7}],"seed_played":"3306734294902325049","potions_obtained":[{"floor":4,"key":"Fire Potion"},{"floor":6,"key":"Swift Potion"},{"floor":8,"key":"PowerPotion"}],"is_trial":false,"path_per_floor":["M","?","?","M","M","E","R","E","T","M","M","$","M","?","R","B"],"character_chosen":"DEFECT","items_purchased":["Pen Nib"],"campfire_rested":2,"item_purchase_floors":[12],"current_hp_per_floor":[59,59,52,46,45,20,41,36,36,15,15,15,9,9,30,0],"gold":139,"neow_bonus":"UPGRADE_CARD","is_prod":false,"is_daily":false,"chose_seed":false,"campfire_upgraded":0,"win_rate":0,"timestamp":1553884777,"path_taken":["M","?","?","M","M","E","R","E","T","M","M","$","M","?","R","BOSS"],"build_version":"2019-01-23","purchased_purges":1,"victory":false,"max_hp_per_floor":[71,71,71,71,71,71,71,71,71,71,71,71,71,71,71,71],"card_choices":[{"not_picked":["Sweeping Beam","Turbo"],"picked":"Streamline","floor":1},{"not_picked":["Self Repair","Conserve Battery"],"picked":"Go for the Eyes","floor":4},{"not_picked":["Loop","Turbo"],"picked":"Beam Cell","floor":5},{"not_picked":["Rip and Tear","Coolheaded"],"picked":"Sunder","floor":6},{"not_picked":["Barrage","Ball Lightning"],"picked":"Meteor Strike","floor":8},{"not_picked":["Aggregate","Ball Lightning"],"picked":"Steam","floor":10},{"not_picked":["Redo","Blizzard"],"picked":"Ball Lightning","floor":11},{"not_picked":["Genetic Algorithm","Barrage"],"picked":"Gash","floor":13}],"player_experience":1669071,"relics_obtained":[{"floor":6,"key":"Ice Cream"},{"floor":8,"key":"Art of War"},{"floor":9,"key":"Shuriken"}],"event_choices":[{"damage_healed":0,"gold_gain":0,"player_choice":"Take Wound","damage_taken":0,"relics_obtained":["Golden Idol"],"max_hp_gain":0,"max_hp_loss":0,"event_name":"Golden Idol","floor":2,"gold_loss":0,"cards_obtained":["Injury"]},{"cards_removed":["Injury"],"damage_healed":0,"gold_gain":0,"player_choice":"Card Removal","damage_taken":7,"max_hp_gain":0,"max_hp_loss":0,"event_name":"Golden Wing","floor":3,"gold_loss":0},{"damage_healed":0,"gold_gain":0,"player_choice":"Fled","damage_taken":0,"max_hp_gain":0,"max_hp_loss":0,"event_name":"Scrap Ooze","floor":14,"gold_loss":0}],"is_beta":false,"boss_relics":[],"items_purged_floors":[12],"is_endless":false,"potions_floor_spawned":[4,6,8],"killed_by":"The Guardian","ascension_level":15}