{"gold_per_floor":[114,129,106,121,121,121,159,50,100,119,19,19,57,76,76,201,201,220,135,154,0,19,38,38,38,38,38,57,57],"floor_reached":29,"playtime":2389,"items_purged":["Injury","Strike_G"],"score":287,"play_id":"3bb27d3d-ff2f-4b97-b4c0-64f99371f1c4","local_time":"20190707234726","daily_mods":["Heirloom","Blue Cards","DeadlyEvents"],"is_ascension_mode":false,"campfire_choices":[{"data":"1","floor":6,"key":"LIFT"},{"floor":15,"key":"REST"},{"data":"2","floor":25,"key":"LIFT"}],"neow_cost":"","seed_source_timestamp":0,"circlet_count":0,"master_deck":["Strike_G+1","Strike_G+1","Defend_G+1","Defend_G+1","Defend_G+1","Defend_G+1","Defend_G+1","Survivor","Neutralize","Poisoned Stab","Bouncing Flask","Quick Slash","Sunder","Catalyst","Rebound","Stack","Outmaneuver","After Image","Cloak And Dagger+1","Crippling Poison","PiercingWail","Escape Plan+1","Quick Slash"],"special_seed":18084,"relics":["Ring of the Snake","Girya","Golden Idol","Dodecahedron","Potion Belt","Tough Bandages","Empty Cage","Pantograph","Paper Crane"],"potions_floor_usage":[13,16,16,16,16,18,23,23,24],"damage_taken":[{"damage":0,"enemies":"Small Slimes","floor":1,"turns":4},{"damage":0,"enemies":"Cultist","floor":2,"turns":4},{"damage":0,"enemies":"2 Louse","floor":4,"turns":3},{"damage":18,"enemies":"Gremlin Nob","floor":7,"turns":4},{"damage":1,"enemies":"2 Fungi Beasts","floor":10,"turns":2},{"damage":21,"enemies":"3 Sentries","floor":13,"turns":10},{"damage":4,"enemies":"Blue Slaver","floor":14,"turns":4},{"damage":0,"enemies":"The Guardian","floor":16,"turns":9},{"damage":0,"enemies":"Spheric Guardian","floor":18,"turns":6},{"damage":0,"enemies":"Chosen","floor":20,"turns":4},{"damage":0,"enemies":"Sentry and Sphere","floor":22,"turns":3},{"damage":0,"enemies":"Snake Plant","floor":23,"turns":5},{"damage":0,"enemies":"Chosen and Byrds","floor":24,"turns":4},{"damage":10,"enemies":"Snecko","floor":28,"turns":7},{"damage":66,"enemies":"Gremlin Leader","floor":29,"turns":9}],"seed_played":"-6942843224144824641","potions_obtained":[{"floor":2,"key":"EssenceOfSteel"},{"floor":13,"key":"EssenceOfSteel"},{"floor":14,"key":"EntropicBrew"},{"floor":16,"key":"SmokeBomb"},{"floor":18,"key":"Block Potion"},{"floor":23,"key":"GamblersBrew"}],"is_trial":false,"path_per_floor":["M","M","?","M","?","R","E","$","T","M","$","?","E","M","R","B",null,"M","?","M","?","M","M","M","R","T","?","M","E"],"character_chosen":"THE_SILENT","items_purchased":["Catalyst"],"campfire_rested":1,"item_purchase_floors":[8],"current_hp_per_floor":[70,70,70,70,70,70,52,52,52,51,51,44,23,19,40,40,70,70,70,70,70,70,70,70,70,70,70,60,0],"gold":57,"neow_bonus":"","is_prod":false,"is_daily":true,"chose_seed":false,"campfire_upgraded":0,"win_rate":0.0,"timestamp":1562510846,"path_taken":["M","M","?","M","?","R","E","$","T","M","$","?","?","M","R","BOSS","M","?","M","?","M","M","M","R","T","?","M","?"],"build_version":"2019-07-05","purchased_purges":2,"victory":false,"max_hp_per_floor":[70,70,70,70,70,70,70,70,70,70,70,70,70,70,70,70,70,70,70,70,70,70,70,70,70,70,70,70,70],"card_choices":[{"not_picked":["Sucker Punch","Steam"],"picked":"Poisoned Stab","floor":1},{"not_picked":["Redo","Reinforced Body"],"picked":"Bouncing Flask","floor":2},{"not_picked":["Cold Snap","Prepared"],"picked":"Quick Slash","floor":4},{"not_picked":["Compile Driver","Streamline"],"picked":"Sunder","floor":7},{"not_picked":["Coolheaded","Ball Lightning"],"picked":"Rebound","floor":10},{"not_picked":["Rebound","Acrobatics"],"picked":"Stack","floor":13},{"not_picked":["Stack","Finisher"],"picked":"Outmaneuver","floor":14},{"not_picked":["All For One","Fission"],"picked":"After Image","floor":16},{"not_picked":["Terror","Barrage"],"picked":"Cloak And Dagger+1","floor":18},{"not_picked":["Eviscerate+1","PiercingWail"],"picked":"Crippling Poison","floor":20},{"not_picked":["Choke","Expertise"],"picked":"PiercingWail","floor":22},{"not_picked":["Terror+1","Blade Dance"],"picked":"Escape Plan+1","floor":23},{"not_picked":["Eviscerate","Lockon"],"picked":"Quick Slash","floor":28}],"player_experience":37805,"relics_obtained":[{"floor":7,"key":"Dodecahedron"},{"floor":9,"key":"Potion Belt"},{"floor":13,"key":"Tough Bandages"},{"floor":26,"key":"Paper Crane"}],"event_choices":[{"damage_healed":0,"gold_gain":0,"player_choice":"Left Gold","damage_taken":0,"max_hp_gain":0,"max_hp_loss":0,"event_name":"World of Goop","floor":3,"gold_loss":23},{"damage_healed":0,"gold_gain":0,"player_choice":"Take Wound","damage_taken":0,"relics_obtained":["Golden Idol"],"max_hp_gain":0,"max_hp_loss":0,"event_name":"Golden Idol","floor":5,"gold_loss":0,"cards_obtained":["Injury"]},{"damage_healed":0,"gold_gain":0,"player_choice":"Damaged","damage_taken":7,"max_hp_gain":0,"max_hp_loss":0,"event_name":"Wheel of Change","floor":12,"gold_loss":0},{"damage_healed":0,"gold_gain":0,"player_choice":"Obtained Relic","damage_taken":0,"relics_obtained":["Pantograph"],"max_hp_gain":0,"max_hp_loss":0,"event_name":"Addict","floor":19,"gold_loss":85},{"damage_healed":0,"gold_gain":0,"player_choice":"Paid Fearfully","damage_taken":0,"max_hp_gain":0,"max_hp_loss":0,"event_name":"Masked Bandits","floor":21,"gold_loss":154},{"damage_healed":0,"gold_gain":0,"player_choice":"Simplicity","damage_taken":0,"max_hp_gain":0,"max_hp_loss":0,"event_name":"Back to Basics","floor":27,"gold_loss":0,"cards_upgraded":["Strike_G","Strike_G","Defend_G","Defend_G","Defend_G","Defend_G","Defend_G"]}],"is_beta":false,"boss_relics":[{"not_picked":["Pandora\u0027s Box","Coffee Dripper"],"picked":"Empty Cage"}],"items_purged_floors":[8,11],"is_endless":false,"potions_floor_spawned":[2,13,14,16,18,23],"killed_by":"Gremlin Leader","ascension_level":0}