{"gold_per_floor":[118,118,134,66,78,108,127,127,154,154,185,185,210,230,230,326,326,336,351,368,381,381,412,412,438,438,468,373,373,435,451,451,552,552,564,576,592,592,610,610,641,641,667,667,677,677,677,180,180,180],"floor_reached":51,"playtime":5829,"items_purged":[],"score":958,"play_id":"4a16d2f7-e169-47ea-a257-7e6da8d679bb","local_time":"20190101144614","is_ascension_mode":true,"campfire_choices":[{"data":"Sunder","floor":8,"key":"SMITH"},{"data":"Auto Shields","floor":10,"key":"SMITH"},{"data":"Seek","floor":12,"key":"SMITH"},{"data":"Leap","floor":15,"key":"SMITH"},{"data":"Seek","floor":24,"key":"SMITH"},{"data":"Blizzard","floor":29,"key":"SMITH"},{"data":"Sunder","floor":32,"key":"SMITH"},{"data":"White Noise","floor":40,"key":"SMITH"},{"floor":42,"key":"REST"},{"data":"Rip and Tear","floor":44,"key":"SMITH"},{"data":"Streamline","floor":49,"key":"SMITH"}],"neow_cost":"NONE","seed_source_timestamp":1336916106454818,"circlet_count":0,"master_deck":["Rip and Tear","Seek+1","Sunder+1","Core Surge","Streamline+1","Rip and Tear+1","Cold Snap","Steam","Go for the Eyes","Auto Shields+1","FTL","Storm","White Noise+1","Leap+1","Undo","Biased Cognition+1","Hologram","Chill+1","Turbo+1","Ghostly","Ghostly","Ghostly","Ghostly","Seek+1","Rebound","Conserve Battery+1","Hologram","Blizzard+1","Sunder+1","Core Surge","Redo+1","Lockon+1","Stack+1","Rebound","Defragment+1","FTL+1","Parasite","Defragment+1","Glacier"],"relics":["Pandora\u0027s Box","Bronze Scales","Bag of Preparation","Bag of Marbles","Darkstone Periapt","Philosopher\u0027s Stone","Shuriken","Blood Vial","Anchor","Strawberry","Tiny Chest","Astrolabe","GremlinMask","Centennial Puzzle","Art of War","Bottled Tornado","DollysMirror"],"potions_floor_usage":[6,11,16,33,33,41,50,50,50],"damage_taken":[{"damage":0,"enemies":"Small Slimes","floor":1,"turns":1},{"damage":0,"enemies":"Cultist","floor":3,"turns":2},{"damage":1,"enemies":"Jaw Worm","floor":5,"turns":2},{"damage":8,"enemies":"Lagavulin","floor":6,"turns":5},{"damage":8,"enemies":"Red Slaver","floor":7,"turns":2},{"damage":1,"enemies":"3 Sentries","floor":11,"turns":3},{"damage":7,"enemies":"Lagavulin","floor":13,"turns":3},{"damage":0,"enemies":"2 Fungi Beasts","floor":14,"turns":1},{"damage":13,"enemies":"The Guardian","floor":16,"turns":7},{"damage":9,"enemies":"Shell Parasite","floor":18,"turns":2},{"damage":0,"enemies":"3 Byrds","floor":19,"turns":4},{"damage":0,"enemies":"Cultist and Chosen","floor":20,"turns":4},{"damage":0,"enemies":"Chosen and Byrds","floor":21,"turns":4},{"damage":0,"enemies":"Book of Stabbing","floor":23,"turns":4},{"damage":0,"enemies":"Slavers","floor":25,"turns":4},{"damage":0,"enemies":"Book of Stabbing","floor":27,"turns":6},{"damage":0,"enemies":"Gremlin Leader","floor":30,"turns":4},{"damage":0,"enemies":"Snake Plant","floor":31,"turns":2},{"damage":16,"enemies":"Automaton","floor":33,"turns":11},{"damage":1,"enemies":"3 Shapes","floor":35,"turns":4},{"damage":0,"enemies":"3 Darklings","floor":36,"turns":5},{"damage":0,"enemies":"4 Shapes","floor":37,"turns":2},{"damage":0,"enemies":"Sphere and 2 Shapes","floor":39,"turns":5},{"damage":16,"enemies":"Reptomancer","floor":41,"turns":6},{"damage":0,"enemies":"Writhing Mass","floor":45,"turns":4},{"damage":6,"enemies":"Donu and Deca","floor":50,"turns":11}],"seed_played":"-1663362735715695937","potions_obtained":[{"floor":3,"key":"FearPotion"},{"floor":7,"key":"Fire Potion"},{"floor":14,"key":"LiquidBronze"},{"floor":23,"key":"Block Potion"},{"floor":25,"key":"EssenceOfSteel"},{"floor":27,"key":"SpeedPotion"},{"floor":39,"key":"SkillPotion"},{"floor":41,"key":"SteroidPotion"},{"floor":45,"key":"Block Potion"}],"is_trial":false,"path_per_floor":["M","?","M","$","M","E","M","R","T","R","E","R","E","M","R","B",null,"M","M","M","M","?","E","R","E","T","E","$","R","E","M","R","B",null,"M","M","M","?","M","R","E","R","T","R","M","?","?","$","R","B",null],"character_chosen":"DEFECT","items_purchased":["Auto Shields","Hologram","Blizzard","Bottled Tornado","DollysMirror","Glacier"],"campfire_rested":1,"item_purchase_floors":[4,28,28,48,48,48],"current_hp_per_floor":[75,75,75,75,74,66,58,58,58,58,57,57,50,50,50,37,75,66,66,66,66,37,37,37,37,37,44,44,44,44,44,44,28,44,43,44,44,44,44,44,28,41,41,41,49,49,49,49,49,44],"gold":180,"neow_bonus":"BOSS_RELIC","is_prod":false,"is_daily":false,"chose_seed":false,"campfire_upgraded":10,"win_rate":0,"timestamp":1546382774,"path_taken":["M","?","M","?","M","E","M","R","T","R","E","R","E","?","R","BOSS","M","M","M","?","?","E","R","E","T","E","$","R","E","M","R","BOSS","M","M","M","?","?","R","E","R","T","R","M","?","?","$","R","BOSS"],"build_version":"2018-12-20","purchased_purges":0,"victory":true,"max_hp_per_floor":[75,75,75,75,75,75,75,75,75,75,75,75,75,75,75,75,75,75,75,75,75,37,37,37,37,37,44,44,44,44,44,44,44,44,44,44,44,44,44,44,44,44,44,44,50,50,50,50,50,50],"card_choices":[{"not_picked":["Beam Cell","Reprogram"],"picked":"Steam","floor":1},{"not_picked":["Sweeping Beam","Aggregate"],"picked":"Go for the Eyes","floor":3},{"not_picked":["Barrage","Fusion","Redo"],"picked":"SKIP","floor":5},{"not_picked":["Cold Snap","Rebound"],"picked":"FTL","floor":6},{"not_picked":["Gash","Darkness"],"picked":"Storm","floor":7},{"not_picked":["Barrage","Meteor Strike"],"picked":"White Noise","floor":11},{"not_picked":["Barrage","Stack"],"picked":"Leap","floor":13},{"not_picked":["Gash","Hologram"],"picked":"Undo","floor":14},{"not_picked":["Multi-Cast","Meteor Strike"],"picked":"Biased Cognition","floor":16},{"not_picked":["Steam","Barrage"],"picked":"Hologram","floor":18},{"not_picked":["Tempest","Go for the Eyes"],"picked":"Chill+1","floor":19},{"not_picked":["Barrage","Blizzard","Darkness+1"],"picked":"SKIP","floor":20},{"not_picked":["Streamline","Barrage"],"picked":"Turbo+1","floor":21},{"not_picked":["Streamline","Blizzard"],"picked":"Seek","floor":23},{"not_picked":["Stack","Reboot"],"picked":"Rebound","floor":25},{"not_picked":["Chill","Gash+1"],"picked":"Conserve Battery+1","floor":27},{"not_picked":["Turbo","Loop","Sweeping Beam"],"picked":"SKIP","floor":30},{"not_picked":["Redo","BootSequence"],"picked":"Sunder","floor":31},{"not_picked":["Fission","Thunder Strike"],"picked":"Core Surge","floor":33},{"not_picked":["Redo+1","Compile Driver+1","Sweeping Beam"],"picked":"SKIP","floor":35},{"not_picked":["Barrage","Leap"],"picked":"Rebound","floor":36},{"not_picked":["Leap+1","Coolheaded","Stack+1"],"picked":"SKIP","floor":37},{"not_picked":["Blizzard+1","Go for the Eyes+1"],"picked":"Defragment+1","floor":39},{"not_picked":["Beam Cell+1","Reinforced Body"],"picked":"FTL+1","floor":41},{"not_picked":["Sweeping Beam+1","Loop","Force Field+1"],"picked":"SKIP","floor":45}],"player_experience":215068,"relics_obtained":[{"floor":6,"key":"Bronze Scales"},{"floor":9,"key":"Bag of Preparation"},{"floor":11,"key":"Bag of Marbles"},{"floor":13,"key":"Darkstone Periapt"},{"floor":23,"key":"Shuriken"},{"floor":25,"key":"Blood Vial"},{"floor":26,"key":"Anchor"},{"floor":27,"key":"Strawberry"},{"floor":30,"key":"Tiny Chest"},{"floor":41,"key":"Centennial Puzzle"},{"floor":43,"key":"Art of War"}],"event_choices":[{"damage_healed":0,"gold_gain":0,"player_choice":"0 cards matched","damage_taken":0,"max_hp_gain":0,"max_hp_loss":0,"event_name":"Match and Keep!","floor":2,"gold_loss":0,"cards_obtained":[]},{"damage_healed":0,"gold_gain":0,"player_choice":"Became a Ghost","damage_taken":0,"max_hp_gain":0,"max_hp_loss":38,"event_name":"Ghosts","floor":22,"gold_loss":0,"cards_obtained":["Ghostly","Ghostly","Ghostly","Ghostly","Ghostly"]},{"damage_healed":0,"gold_gain":0,"player_choice":"Trade","damage_taken":0,"relics_obtained":["GremlinMask"],"max_hp_gain":0,"max_hp_loss":0,"event_name":"FaceTrader","floor":38,"gold_loss":0},{"cards_removed":["Ghostly"],"damage_healed":0,"gold_gain":0,"player_choice":"Removed Skill","damage_taken":0,"max_hp_gain":0,"max_hp_loss":0,"event_name":"Falling","floor":46,"gold_loss":0},{"damage_healed":0,"gold_gain":0,"player_choice":"Upgraded","damage_taken":0,"max_hp_gain":0,"max_hp_loss":0,"event_name":"Upgrade Shrine","floor":47,"gold_loss":0,"cards_upgraded":["Biased Cognition"]}],"is_beta":false,"boss_relics":[{"not_picked":["Orrery","Black Star"],"picked":"Philosopher\u0027s Stone"},{"not_picked":["Runic Pyramid","Runic Dome"],"picked":"Astrolabe"}],"items_purged_floors":[],"is_endless":false,"potions_floor_spawned":[3,7,14,23,25,27,39,41,45],"ascension_level":2}