{"gold_per_floor":[361,361,380,380,398,432,432,462,462,112,112,138,150,162,162,262,262,232,232,232,232,232,232],"floor_reached":23,"playtime":2657,"items_purged":["Strike_G"],"score":309,"play_id":"8037d02a-79c7-4569-87f7-8e6d3e562f27","local_time":"20190117184857","is_ascension_mode":true,"campfire_choices":[{"data":"Glass Knife","floor":7,"key":"SMITH"},{"floor":11,"key":"REST"},{"data":"1","floor":15,"key":"LIFT"}],"neow_cost":"TEN_PERCENT_HP_LOSS","seed_source_timestamp":1875388904354940,"circlet_count":0,"master_deck":["Defend_G","Defend_G","Defend_G","Defend_G","Defend_G","Strike_G","Strike_G","Strike_G","Strike_G","Survivor","Neutralize","Escape Plan","Glass Knife+1","Blind","Backflip","Well Laid Plans","Burst","Malaise","Riddle With Holes","Flying Knee","Dagger Spray","Unload","Skewer","Dodge and Roll+1","Dagger Throw+1"],"relics":["Ring of the Snake","Mummified Hand","Calipers","Regal Pillow","Girya","Meat on the Bone","Singing Bowl","Ectoplasm","Red Mask"],"potions_floor_usage":[6,12,22,23,23],"damage_taken":[{"damage":0,"enemies":"2 Louse","floor":1,"turns":3},{"damage":0,"enemies":"Cultist","floor":3,"turns":3},{"damage":0,"enemies":"Small Slimes","floor":5,"turns":2},{"damage":27,"enemies":"Gremlin Nob","floor":6,"turns":5},{"damage":15,"enemies":"3 Sentries","floor":8,"turns":10},{"damage":12,"enemies":"Gremlin Nob","floor":12,"turns":4},{"damage":0,"enemies":"Looter","floor":13,"turns":2},{"damage":13,"enemies":"2 Fungi Beasts","floor":14,"turns":3},{"damage":14,"enemies":"The Guardian","floor":16,"turns":13},{"damage":11,"enemies":"2 Thieves","floor":18,"turns":3},{"damage":41,"enemies":"Masked Bandits","floor":19,"turns":6},{"damage":0,"enemies":"3 Byrds","floor":20,"turns":5},{"damage":12,"enemies":"3 Cultists","floor":21,"turns":6},{"damage":6,"enemies":"Sentry and Sphere","floor":22,"turns":4},{"damage":79,"enemies":"Gremlin Leader","floor":23,"turns":9}],"seed_played":"-6746484220740583116","potions_obtained":[{"floor":3,"key":"Dexterity Potion"},{"floor":8,"key":"Fire Potion"},{"floor":16,"key":"GhostInAJar"},{"floor":18,"key":"Regen Potion"},{"floor":20,"key":"FairyPotion"},{"floor":22,"key":"Poison Potion"}],"is_trial":false,"path_per_floor":["M","?","M","?","M","E","R","E","T","$","R","E","M","M","R","B",null,"M","?","M","M","M","E"],"character_chosen":"THE_SILENT","items_purchased":["Meat on the Bone","Riddle With Holes"],"campfire_rested":1,"item_purchase_floors":[10,10],"current_hp_per_floor":[63,63,63,51,51,24,24,9,9,9,42,44,44,43,43,41,59,50,21,33,33,41,0],"gold":232,"neow_bonus":"TWO_FIFTY_GOLD","is_prod":false,"is_daily":false,"chose_seed":false,"campfire_upgraded":1,"win_rate":0,"timestamp":1547779737,"path_taken":["M","?","?","?","M","E","R","E","T","$","R","E","M","M","R","BOSS","M","?","M","M","M","E"],"build_version":"2019-01-17","purchased_purges":1,"victory":false,"max_hp_per_floor":[63,63,63,63,63,63,63,63,63,63,63,65,65,65,65,65,65,67,67,67,67,69,69],"card_choices":[{"not_picked":["Bane","Deadly Poison"],"picked":"Escape Plan","floor":1},{"not_picked":["Slice","Infinite Blades"],"picked":"Backflip","floor":3},{"not_picked":["Dodge and Roll","Outmaneuver"],"picked":"Well Laid Plans","floor":5},{"not_picked":["Predator","Outmaneuver"],"picked":"Burst","floor":6},{"not_picked":["Outmaneuver","Poisoned Stab"],"picked":"Malaise","floor":8},{"not_picked":["Dodge and Roll","All Out Attack","Cloak And Dagger"],"picked":"Singing Bowl","floor":12},{"not_picked":["Bouncing Flask","Bane"],"picked":"Flying Knee","floor":13},{"not_picked":["Bane","Dodge and Roll"],"picked":"Dagger Spray","floor":14},{"not_picked":["Storm of Steel","Doppelganger"],"picked":"Unload","floor":16},{"not_picked":["PiercingWail","Well Laid Plans+1","Deadly Poison+1"],"picked":"Singing Bowl","floor":18},{"not_picked":["Masterful Stab","Finisher"],"picked":"Skewer","floor":19},{"not_picked":["Outmaneuver","Slice"],"picked":"Dodge and Roll+1","floor":20},{"not_picked":["Distraction","Outmaneuver+1"],"picked":"Dagger Throw+1","floor":21},{"not_picked":["Dodge and Roll","Tools of the Trade","Deadly Poison+1"],"picked":"Singing Bowl","floor":22}],"player_experience":221951,"relics_obtained":[{"floor":6,"key":"Calipers"},{"floor":8,"key":"Regal Pillow"},{"floor":9,"key":"Girya"},{"floor":12,"key":"Singing Bowl"},{"floor":19,"key":"Red Mask"}],"event_choices":[{"damage_healed":0,"gold_gain":0,"player_choice":"2 cards matched","damage_taken":0,"max_hp_gain":0,"max_hp_loss":0,"event_name":"Match and Keep!","floor":2,"gold_loss":0,"cards_obtained":["Glass Knife","Blind"]},{"damage_healed":0,"gold_gain":0,"player_choice":"Success","damage_taken":12,"relics_obtained":["Mummified Hand"],"max_hp_gain":0,"max_hp_loss":0,"event_name":"Scrap Ooze","floor":4,"gold_loss":0},{"damage_healed":0,"gold_gain":0,"player_choice":"Fought Bandits","damage_taken":0,"max_hp_gain":0,"max_hp_loss":0,"event_name":"Masked Bandits","floor":19,"gold_loss":0}],"is_beta":false,"boss_relics":[{"not_picked":["WristBlade","Eternal Feather"],"picked":"Ectoplasm"}],"items_purged_floors":[10],"is_endless":false,"potions_floor_spawned":[3,8,16,18,20,22],"killed_by":"Gremlin Leader","ascension_level":9}