{"gold_per_floor":[111,36,56,26,40,75,94,94,94,94,128,128,142,170,170,265,265,285,302,322,337,337,369,369,381,405,443,458,458,493,143,143,243,243,253,253,24,34,51,79,79,104,149,149,178,178,192,217,217,217],"floor_reached":51,"playtime":4588,"items_purged":["Strike_G","Parasite","Finisher+1"],"score":1303,"play_id":"505d500e-6ed3-4823-8281-2c330879c765","local_time":"20180728123203","is_ascension_mode":true,"campfire_choices":[{"data":"Neutralize","floor":8.0,"key":"SMITH"},{"data":"Backstab","floor":15.0,"key":"SMITH"},{"data":"Sucker Punch","floor":24.0,"key":"SMITH"},{"data":"Poisoned Stab","floor":32,"key":"SMITH"},{"data":"Envenom","floor":44,"key":"SMITH"},{"data":"Catalyst","floor":46,"key":"SMITH"},{"data":"Terror","floor":49,"key":"SMITH"}],"neow_cost":"NONE","seed_source_timestamp":0,"circlet_count":0,"master_deck":["Defend_G","Defend_G","Defend_G","Defend_G","Survivor","Neutralize+1","Quick Slash","Sucker Punch+1","Poisoned Stab+1","Dagger Spray+1","Backstab+1","Riddle With Holes+1","Blur","Corpse Explosion","Escape Plan+1","Terror+1","Dodge and Roll","Cloak And Dagger","Tools of the Trade","Caltrops","Envenom+1","Blur+1","Envenom+1","Flash of Steel","Sucker Punch+1","Prepared+1","Bullet Time","Flash of Steel","Acrobatics+1","Catalyst+1","Prepared+1","Expertise+1"],"special_seed":0,"relics":["Ring of the Snake","Boot","Nunchaku","Matryoshka","Mercury Hourglass","Bottled Flame","Paper Crane","Coffee Dripper","Lantern","Meat on the Bone","Snake Skull","Vajra","Dream Catcher","Whetstone","Kunai","Astrolabe","The Courier","Art of War","Blood Vial","Ninja Scroll","Potion Belt"],"potions_floor_usage":[30,33,50],"damage_taken":[{"damage":0.0,"enemies":"Cultist","floor":1.0,"turns":4.0},{"damage":0.0,"enemies":"Small Slimes","floor":3.0,"turns":3.0},{"damage":0.0,"enemies":"Jaw Worm","floor":5.0,"turns":3.0},{"damage":15.0,"enemies":"Gremlin Nob","floor":6.0,"turns":4.0},{"damage":1.0,"enemies":"Blue Slaver","floor":7.0,"turns":3.0},{"damage":11.0,"enemies":"Lagavulin","floor":11.0,"turns":4.0},{"damage":0.0,"enemies":"Exordium Wildlife","floor":13.0,"turns":1.0},{"damage":2.0,"enemies":"Gremlin Nob","floor":14.0,"turns":3.0},{"damage":0.0,"enemies":"Slime Boss","floor":16.0,"turns":8.0},{"damage":0.0,"enemies":"3 Byrds","floor":18.0,"turns":1.0},{"damage":1.0,"enemies":"Shell Parasite","floor":19.0,"turns":3.0},{"damage":0.0,"enemies":"3 Cultists","floor":20.0,"turns":2.0},{"damage":2.0,"enemies":"Centurion and Healer","floor":21.0,"turns":4.0},{"damage":2.0,"enemies":"Book of Stabbing","floor":23.0,"turns":6.0},{"damage":0.0,"enemies":"Snecko","floor":25.0,"turns":5.0},{"damage":0.0,"enemies":"Snake Plant","floor":27.0,"turns":4.0},{"damage":5,"enemies":"Gremlin Leader","floor":28,"turns":6},{"damage":0,"enemies":"Slavers","floor":30,"turns":2},{"damage":12,"enemies":"Champ","floor":33,"turns":12},{"damage":0,"enemies":"Orb Walker","floor":35,"turns":3},{"damage":0,"enemies":"Flame Bruiser 1 Orb","floor":38,"turns":4},{"damage":0,"enemies":"3 Darklings","floor":39,"turns":2},{"damage":0,"enemies":"Nemesis","floor":40,"turns":6},{"damage":0,"enemies":"Giant Head","floor":42,"turns":7},{"damage":2,"enemies":"2 Orb Walkers","floor":45,"turns":3},{"damage":0,"enemies":"Sphere and 2 Shapes","floor":47,"turns":4},{"damage":0,"enemies":"Giant Head","floor":48,"turns":5},{"damage":0,"enemies":"Awakened One","floor":50,"turns":12}],"seed_played":"8811499594147363819","potions_obtained":[{"floor":1.0,"key":"LiquidBronze"},{"floor":4.0,"key":"SkillPotion"},{"floor":4.0,"key":"Weak Potion"},{"floor":6.0,"key":"GhostInAJar"},{"floor":13.0,"key":"SmokeBomb"},{"floor":18.0,"key":"SteroidPotion"},{"floor":23.0,"key":"SmokeBomb"},{"floor":25.0,"key":"PowerPotion"},{"floor":33,"key":"GhostInAJar"},{"floor":38,"key":"SteroidPotion"},{"floor":47,"key":"PowerPotion"},{"floor":48,"key":"SkillPotion"}],"is_trial":false,"path_per_floor":["M","$","M","?","M","E","M","R","T","?","E","?","M","E","R","B",null,"M","M","M","M","?","E","R","M","T","T","E","?","E","$","R","B",null,"M","?","$","M","M","E","?","E","T","R","E","R","M","E","R","B"],"character_chosen":"THE_SILENT","items_purchased":["Kunai","Flash of Steel"],"campfire_rested":0,"item_purchase_floors":[31,37],"current_hp_per_floor":[63,63,63,63,63,48,47,47,47,35,24,41,41,39,39,39,62,62,61,61,59,59,57,57,57,57,57,52,52,52,52,52,40,60,60,60,60,60,60,60,60,60,60,60,60,60,62,64,64,66],"gold":217,"neow_bonus":"RANDOM_COMMON_RELIC","is_prod":false,"is_daily":false,"chose_seed":false,"campfire_upgraded":7,"win_rate":0,"timestamp":1532806323,"path_taken":["M","?","?","?","M","E","M","R","T","?","E","?","?","E","R","BOSS","M","M","M","M","?","E","R","M","T","?","E","?","E","$","R","BOSS","M","?","$","M","M","E","?","E","T","R","E","R","M","E","R","BOSS"],"build_version":"2018-07-26","purchased_purges":3,"victory":true,"max_hp_per_floor":[70,70,70,70,70,70,70,70,70,70,70,70,70,70,70,70,70,70,70,70,70,70,70,70,70,70,70,70,70,70,67,67,67,67,67,67,67,67,67,67,67,67,67,67,67,67,67,67,67,67],"card_choices":[{"not_picked":["Leg Sweep","Underhanded Strike"],"picked":"Quick Slash","floor":1.0},{"not_picked":["Expertise","Setup"],"picked":"Sucker Punch","floor":3.0},{"not_picked":["Outmaneuver","Setup"],"picked":"Poisoned Stab","floor":5.0},{"not_picked":["Deflect","Quick Slash"],"picked":"Dagger Spray","floor":6.0},{"not_picked":["Slice","Acrobatics"],"picked":"Backstab","floor":7.0},{"not_picked":["Dodge and Roll","Flying Knee"],"picked":"Riddle With Holes","floor":11.0},{"not_picked":["Deadly Poison","Blade Dance"],"picked":"Blur","floor":13.0},{"not_picked":["Blade Dance","Poisoned Stab","Choke"],"picked":"SKIP","floor":14.0},{"not_picked":["Storm of Steel","Grand Finale"],"picked":"Corpse Explosion","floor":16.0},{"not_picked":["Choke","Cloak And Dagger"],"picked":"Escape Plan+1","floor":18.0},{"not_picked":["Poisoned Stab+1","Prepared+1","Deflect"],"picked":"SKIP","floor":19.0},{"not_picked":["PiercingWail","Outmaneuver+1"],"picked":"Terror","floor":20.0},{"not_picked":["Acrobatics+1","Terror+1"],"picked":"Dodge and Roll","floor":21.0},{"not_picked":["Flechettes","Backstab"],"picked":"Cloak And Dagger","floor":23.0},{"not_picked":["Reflex","Dodge and Roll"],"picked":"Tools of the Trade","floor":25.0},{"not_picked":["Endless Agony+1","Deflect"],"picked":"Caltrops","floor":28},{"not_picked":["Underhanded Strike","Poisoned Stab","Dagger Throw"],"picked":"SKIP","floor":30},{"not_picked":["Wraith Form v2","Venomology"],"picked":"Envenom","floor":33},{"not_picked":["Accuracy","Prepared","Dagger Spray+1"],"picked":"SKIP","floor":35},{"not_picked":["Poisoned Stab","Expertise+1"],"picked":"Sucker Punch+1","floor":38},{"not_picked":["Deadly Poison+1","PiercingWail"],"picked":"Prepared+1","floor":39},{"not_picked":["Finisher+1","After Image"],"picked":"Bullet Time","floor":40},{"not_picked":["Blur+1","Dagger Spray+1"],"picked":"Acrobatics+1","floor":42},{"not_picked":["Poisoned Stab","Calculated Gamble"],"picked":"Catalyst","floor":45},{"not_picked":["Reflex+1","Eviscerate"],"picked":"Prepared+1","floor":47},{"not_picked":["Accuracy","Choke"],"picked":"Expertise+1","floor":48}],"player_experience":171270,"relics_obtained":[{"floor":6.0,"key":"Nunchaku"},{"floor":9.0,"key":"Matryoshka"},{"floor":11.0,"key":"Bottled Flame"},{"floor":14.0,"key":"Paper Crane"},{"floor":23.0,"key":"Lantern"},{"floor":26.0,"key":"Meat on the Bone"},{"floor":26.0,"key":"Snake Skull"},{"floor":27,"key":"Vajra"},{"floor":27,"key":"Dream Catcher"},{"floor":30,"key":"Whetstone"},{"floor":40,"key":"The Courier"},{"floor":42,"key":"Art of War"},{"floor":43,"key":"Blood Vial"},{"floor":45,"key":"Ninja Scroll"},{"floor":48,"key":"Potion Belt"}],"event_choices":[{"event_name":"The Woman in Blue","player_choice":"Bought 2 Potions","floor":4.0,"damage_taken":0.0},{"event_name":"Scrap Ooze","player_choice":"success","floor":10.0,"damage_taken":12.0},{"event_name":"Mushrooms","player_choice":"Healed and dodged fight","floor":12.0,"damage_taken":0.0},{"event_name":"Drug Dealer","player_choice":"Ignored","floor":22.0,"damage_taken":0.0},{"event_name":"Purifier","player_choice":"One Purge","floor":29,"damage_taken":0},{"event_name":"Purifier","player_choice":"One Purge","floor":36,"damage_taken":0},{"event_name":"Duplicator","player_choice":"One dupe","floor":41,"damage_taken":0}],"is_beta":false,"boss_relics":[{"not_picked":["Orrery","Busted Crown"],"picked":"Coffee Dripper"},{"not_picked":["Fusion Hammer","HoveringKite"],"picked":"Astrolabe"}],"items_purged_floors":[2,31,37],"is_endless":false,"potions_floor_spawned":[1,5,6,13,18,23,25,33,38,45,47,48],"ascension_level":6}