{"gold_per_floor":[363,378,81,97,22,50,50,81,81,81],"floor_reached":10,"playtime":465,"items_purged":["Decay"],"score":133,"play_id":"325fb61e-7acf-4df8-86eb-29734b76ab7f","local_time":"20190304202215","is_ascension_mode":true,"campfire_choices":[{"floor":7,"key":"REST"}],"neow_cost":"CURSE","seed_source_timestamp":868188291576908,"circlet_count":0,"master_deck":["AscendersBane","Strike_B","Strike_B","Strike_B","Defend_B","Defend_B","Defend_B","Defend_B","Zap","Dualcast","Gash","Hologram","Cold Snap","Chaos"],"relics":["Cracked Core","Lantern","Omamori","Singing Bowl","Potion Belt"],"potions_floor_usage":[6],"damage_taken":[{"damage":9,"enemies":"Jaw Worm","floor":1,"turns":3},{"damage":5,"enemies":"Small Slimes","floor":2,"turns":2},{"damage":3,"enemies":"2 Louse","floor":4,"turns":3},{"damage":44,"enemies":"Gremlin Nob","floor":6,"turns":5},{"damage":18,"enemies":"Lagavulin","floor":8,"turns":8},{"damage":8,"enemies":"3 Sentries","floor":10,"turns":2}],"seed_played":"-8470978634024698858","potions_obtained":[{"floor":2,"key":"FocusPotion"},{"floor":6,"key":"SteroidPotion"},{"floor":8,"key":"FearPotion"}],"is_trial":false,"path_per_floor":["M","M","$","M","?","E","R","E","T","E"],"character_chosen":"DEFECT","items_purchased":["Hologram","Cold Snap","Lantern"],"campfire_rested":1,"item_purchase_floors":[3,3,3],"current_hp_per_floor":[55,50,50,47,47,3,24,8,8,0],"gold":81,"neow_bonus":"TWO_FIFTY_GOLD","is_prod":false,"is_daily":false,"chose_seed":false,"campfire_upgraded":0,"win_rate":0,"timestamp":1551730935,"path_taken":["M","M","$","M","?","E","R","E","T","E"],"build_version":"2019-01-23","purchased_purges":1,"victory":false,"max_hp_per_floor":[71,71,71,71,71,71,71,73,73,73],"card_choices":[{"not_picked":["Chaos","Conserve Battery"],"picked":"Gash","floor":1},{"not_picked":["Compile Driver","Rebound","Go for the Eyes"],"picked":"SKIP","floor":2},{"not_picked":["Rebound","Sweeping Beam","Beam Cell"],"picked":"SKIP","floor":4},{"not_picked":["Stack","Sweeping Beam"],"picked":"Chaos","floor":6},{"not_picked":["White Noise","Leap","Machine Learning"],"picked":"Singing Bowl","floor":8}],"player_experience":1515524,"relics_obtained":[{"floor":6,"key":"Omamori"},{"floor":8,"key":"Singing Bowl"},{"floor":9,"key":"Potion Belt"}],"event_choices":[{"cards_removed":["Strike_B"],"damage_healed":0,"gold_gain":0,"player_choice":"Card Removal","damage_taken":0,"max_hp_gain":0,"max_hp_loss":0,"event_name":"The Cleric","floor":5,"gold_loss":75}],"is_beta":false,"boss_relics":[],"items_purged_floors":[3],"is_endless":false,"potions_floor_spawned":[2,6,8],"killed_by":"3 Sentries","ascension_level":15}