{"gold_per_floor":[115,34,0,13,25,52,52,84,119,131,143,110,110,130,130,207,207,177,177,227,238,167,167],"floor_reached":23,"playtime":3604,"items_purged":[],"score":345,"play_id":"11634f4f-9d96-4707-b83a-0fe2d4aecc76","local_time":"20190310204146","is_ascension_mode":true,"campfire_choices":[{"floor":7,"key":"REST"},{"floor":13,"key":"REST"},{"floor":15,"key":"REST"}],"neow_cost":"NONE","seed_source_timestamp":1384652330060832,"circlet_count":0,"master_deck":["AscendersBane","Strike_B","Strike_B","Strike_B","Strike_B","Defend_B","Defend_B+1","Defend_B","Defend_B","Zap","Dualcast+1","Undo","Fusion","Lockon","Streamline","Echo Form","Creative AI","Force Field"],"relics":["Snecko Eye","Ancient Tea Set","MawBank","War Paint","Sozu"],"potions_floor_usage":[6,16],"damage_taken":[{"damage":10,"enemies":"2 Louse","floor":1,"turns":2},{"damage":2,"enemies":"Small Slimes","floor":4,"turns":4},{"damage":0,"enemies":"Cultist","floor":5,"turns":4},{"damage":36,"enemies":"Gremlin Nob","floor":6,"turns":5},{"damage":36,"enemies":"3 Sentries","floor":8,"turns":12},{"damage":0,"enemies":"Looter","floor":14,"turns":4},{"damage":41,"enemies":"The Guardian","floor":16,"turns":14},{"damage":18,"enemies":"2 Thieves","floor":18,"turns":5},{"damage":11,"enemies":"3 Byrds","floor":21,"turns":7},{"damage":27,"enemies":"Centurion and Healer","floor":23,"turns":8}],"seed_played":"6595234510836501472","potions_obtained":[{"floor":4,"key":"Swift Potion"},{"floor":8,"key":"EssenceOfSteel"},{"floor":14,"key":"FearPotion"}],"is_trial":false,"path_per_floor":["M","$","?","M","M","E","R","E","T","?","?","$","R","M","R","B",null,"M","?","?","M","$","M"],"character_chosen":"DEFECT","items_purchased":["Undo","Streamline","Force Field"],"campfire_rested":3,"item_purchase_floors":[2,12,22],"current_hp_per_floor":[54,54,54,52,52,16,37,1,1,1,1,1,22,22,43,2,54,36,36,36,25,25,0],"gold":167,"neow_bonus":"BOSS_RELIC","is_prod":false,"is_daily":false,"chose_seed":false,"campfire_upgraded":0,"win_rate":0,"timestamp":1552250506,"path_taken":["M","$","?","M","M","E","R","E","T","?","?","$","R","?","R","BOSS","M","?","?","M","$","?"],"build_version":"2019-01-23","purchased_purges":0,"victory":false,"max_hp_per_floor":[71,71,71,71,71,71,71,71,71,71,71,71,71,71,71,71,71,71,71,71,71,71,71],"card_choices":[{"not_picked":["Gash","Capacitor"],"picked":"Conserve Battery","floor":1},{"not_picked":["Conserve Battery","Beam Cell","Gash"],"picked":"SKIP","floor":4},{"not_picked":["Stack","Sweeping Beam","Genetic Algorithm"],"picked":"SKIP","floor":5},{"not_picked":["Go for the Eyes","Coolheaded","Tempest"],"picked":"SKIP","floor":6},{"not_picked":["Sweeping Beam","Go for the Eyes"],"picked":"Fusion","floor":8},{"not_picked":["Gash","Barrage"],"picked":"Echo Form","floor":14},{"not_picked":["All For One","Thunder Strike"],"picked":"Creative AI","floor":16},{"not_picked":["Stack","Static Discharge","Rebound"],"picked":"SKIP","floor":18},{"not_picked":["Redo","Chaos","Barrage"],"picked":"SKIP","floor":21}],"player_experience":1544684,"relics_obtained":[{"floor":6,"key":"Ancient Tea Set"},{"floor":8,"key":"MawBank"},{"floor":9,"key":"War Paint"}],"event_choices":[{"damage_healed":0,"gold_gain":0,"player_choice":"Left Gold","damage_taken":0,"max_hp_gain":0,"max_hp_loss":0,"event_name":"World of Goop","floor":3,"gold_loss":34},{"damage_healed":0,"gold_gain":0,"player_choice":"Fled","damage_taken":0,"max_hp_gain":0,"max_hp_loss":0,"event_name":"Scrap Ooze","floor":10,"gold_loss":0},{"damage_healed":0,"gold_gain":0,"cards_transformed":["Conserve Battery"],"player_choice":"Transformed","damage_taken":0,"max_hp_gain":0,"max_hp_loss":0,"event_name":"Transmorgrifier","floor":11,"gold_loss":0,"cards_obtained":["Lockon"]},{"damage_healed":0,"gold_gain":0,"player_choice":"Ignored","damage_taken":0,"max_hp_gain":0,"max_hp_loss":0,"event_name":"Vampires","floor":19,"gold_loss":0},{"damage_healed":0,"gold_gain":50,"player_choice":"Stole From Cult","damage_taken":0,"max_hp_gain":0,"max_hp_loss":0,"event_name":"Nest","floor":20,"gold_loss":0}],"is_beta":false,"boss_relics":[{"not_picked":["Eternal Feather","Philosopher\u0027s Stone"],"picked":"Sozu"}],"items_purged_floors":[],"is_endless":false,"potions_floor_spawned":[4,8,14,21],"killed_by":"Centurion and Healer","ascension_level":15}