{"gold_per_floor":[119,119,135,215,235,268,268,287,287,303,322,397,429,443,443,539,539,557,576,576,10,22,41,41,71,71,90,107,107,107,134,134,229,229,240,252,252,272,89,89,99,129,152,152,180,280,333,353,353,353],"floor_reached":51,"playtime":4853,"items_purged":["Pain"],"score":886,"play_id":"3b40c58e-a3e3-4d18-a3ca-d4c9da0f173e","local_time":"20190411004749","is_ascension_mode":false,"campfire_choices":[{"data":"Offering","floor":7,"key":"SMITH"},{"data":"Cleave","floor":15,"key":"SMITH"},{"data":"Panache","floor":32,"key":"SMITH"},{"data":"Heavy Blade","floor":40,"key":"SMITH"},{"data":"Fiend Fire","floor":44,"key":"SMITH"},{"data":"Inflame","floor":49,"key":"SMITH"}],"neow_cost":"NONE","seed_source_timestamp":5683641219360,"circlet_count":0,"master_deck":["Bash","Cleave+1","Twin Strike","Twin Strike","Offering+1","Shrug It Off+1","Armaments+1","Burning Pact+1","Shrug It Off+1","Offering+1","Power Through+1","Havoc+1","Berserk","Iron Wave","Fiend Fire+1","Flex+1","Clash","Heavy Blade+1","Havoc+1","Panache+1","Pummel","Rage+1","Warcry+1","Havoc+1","Flex+1","Whirlwind+1","Double Tap+1","Seeing Red+1","Inflame+1","Shrug It Off+1","Jack Of All Trades+1","Spot Weakness+1","Sever Soul","Disarm+1","Warcry+1"],"relics":["Burning Blood","Lantern","Letter Opener","Mercury Hourglass","Toxic Egg 2","Matryoshka","Pandora\u0027s Box","WarpedTongs","Bottled Tornado","Meat on the Bone","Pantograph","Kunai","Red Skull","Nunchaku","Eternal Feather","Strawberry","Blue Candle","Bag of Marbles","Dead Branch","Pocketwatch","Unceasing Top"],"potions_floor_usage":[4,6,50],"damage_taken":[{"damage":1,"enemies":"Cultist","floor":1,"turns":3},{"damage":13,"enemies":"Jaw Worm","floor":3,"turns":3},{"damage":0,"enemies":"Small Slimes","floor":5,"turns":3},{"damage":32,"enemies":"Lagavulin","floor":6,"turns":6},{"damage":6,"enemies":"3 Louse","floor":8,"turns":1},{"damage":0,"enemies":"Gremlin Gang","floor":10,"turns":2},{"damage":6,"enemies":"2 Fungi Beasts","floor":11,"turns":1},{"damage":6,"enemies":"3 Sentries","floor":13,"turns":4},{"damage":0,"enemies":"3 Louse","floor":14,"turns":1},{"damage":26,"enemies":"Slime Boss","floor":16,"turns":8},{"damage":6,"enemies":"Chosen","floor":18,"turns":2},{"damage":12,"enemies":"2 Thieves","floor":19,"turns":1},{"damage":6,"enemies":"Shelled Parasite and Fungi","floor":22,"turns":2},{"damage":6,"enemies":"Snake Plant","floor":23,"turns":1},{"damage":6,"enemies":"Book of Stabbing","floor":25,"turns":3},{"damage":12,"enemies":"Snecko","floor":27,"turns":1},{"damage":6,"enemies":"Centurion and Healer","floor":28,"turns":3},{"damage":20,"enemies":"Colosseum Slavers","floor":29,"turns":3},{"damage":12,"enemies":"Gremlin Leader","floor":31,"turns":2},{"damage":15,"enemies":"Collector","floor":33,"turns":3},{"damage":0,"enemies":"3 Shapes","floor":35,"turns":1},{"damage":29,"enemies":"3 Darklings","floor":36,"turns":3},{"damage":6,"enemies":"Jaw Worm Horde","floor":38,"turns":1},{"damage":17,"enemies":"Writhing Mass","floor":41,"turns":2},{"damage":12,"enemies":"Giant Head","floor":42,"turns":2},{"damage":19,"enemies":"Nemesis","floor":45,"turns":3},{"damage":38,"enemies":"Mind Bloom Boss Battle","floor":46,"turns":3},{"damage":23,"enemies":"2 Orb Walkers","floor":47,"turns":2},{"damage":6,"enemies":"Sphere and 2 Shapes","floor":48,"turns":1},{"damage":32,"enemies":"Donu and Deca","floor":50,"turns":4}],"seed_played":"-1331077377439797611","potions_obtained":[{"floor":3,"key":"Fruit Juice"},{"floor":5,"key":"Block Potion"},{"floor":10,"key":"Strength Potion"},{"floor":11,"key":"SteroidPotion"},{"floor":16,"key":"Fire Potion"}],"is_trial":false,"path_per_floor":["M","?","M","T","M","E","R","M","T","M","M","?","E","M","R","B",null,"M","M","?","$","M","M","?","E","T","M","M","?","?","E","R","B",null,"M","M","?","M","$","R","M","E","T","R","E","?","?","M","R","B",null],"character_chosen":"IRONCLAD","items_purchased":["Panache","Bottled Tornado","Pummel","Inflame","Shrug It Off+1","Jack Of All Trades+1"],"campfire_rested":0,"item_purchase_floors":[21,21,21,39,39,39],"current_hp_per_floor":[80,80,73,78,84,58,58,58,58,64,64,53,53,59,59,39,85,85,79,79,79,79,79,63,63,63,57,57,55,55,61,61,77,90,90,67,67,67,67,85,74,75,75,93,80,65,60,60,81,71],"gold":353,"neow_bonus":"RANDOM_COMMON_RELIC","is_prod":false,"is_daily":false,"chose_seed":false,"campfire_upgraded":6,"win_rate":0,"timestamp":1554940069,"path_taken":["M","?","M","?","M","E","R","?","T","M","?","?","E","M","R","BOSS","M","M","?","$","?","M","?","E","T","M","M","?","?","E","R","BOSS","M","M","?","M","$","R","M","E","T","R","E","?","?","M","R","BOSS"],"build_version":"2019-01-23","purchased_purges":1,"victory":true,"max_hp_per_floor":[80,80,80,85,85,85,85,85,85,85,85,85,85,85,85,85,85,85,85,85,85,85,85,90,90,90,90,90,90,90,90,90,90,90,90,90,90,90,90,90,90,97,97,97,97,97,97,97,97,97],"card_choices":[{"not_picked":["Sword Boomerang","Entrench"],"picked":"Cleave","floor":1},{"not_picked":["Seeing Red","Anger"],"picked":"Twin Strike","floor":3},{"not_picked":["Warcry","Iron Wave"],"picked":"Twin Strike","floor":5},{"not_picked":["Body Slam","Carnage"],"picked":"Offering","floor":6},{"not_picked":["Blood for Blood","Entrench","Body Slam"],"picked":"SKIP","floor":8},{"not_picked":["True Grit+1","Cleave"],"picked":"Shrug It Off+1","floor":10},{"not_picked":["Hemokinesis","Searing Blow"],"picked":"Armaments+1","floor":11},{"not_picked":["Armaments+1","Searing Blow"],"picked":"Burning Pact+1","floor":13},{"not_picked":["Carnage","Anger"],"picked":"Shrug It Off+1","floor":14},{"not_picked":["Bludgeon","Dark Embrace"],"picked":"Offering+1","floor":16},{"not_picked":["Shockwave+1","Iron Wave+1","Carnage+1"],"picked":"SKIP","floor":18},{"not_picked":["Clothesline","True Grit+1"],"picked":"Havoc+1","floor":19},{"not_picked":["Perfected Strike+1","Entrench+1","Shockwave+1"],"picked":"SKIP","floor":22},{"not_picked":["Metallicize+1","Headbutt"],"picked":"Rage+1","floor":23},{"not_picked":["Corruption","Clothesline"],"picked":"Warcry+1","floor":25},{"not_picked":["Body Slam","Dual Wield+1"],"picked":"Havoc+1","floor":27},{"not_picked":["Clash+1","Iron Wave+1"],"picked":"Flex+1","floor":28},{"not_picked":["Immolate","Seeing Red+1"],"picked":"Whirlwind+1","floor":31},{"not_picked":["Berserk","Dark Embrace"],"picked":"Double Tap+1","floor":33},{"not_picked":["Thunderclap+1","Dual Wield+1"],"picked":"Seeing Red+1","floor":35},{"not_picked":["Sever Soul","Twin Strike","Clash"],"picked":"SKIP","floor":36},{"not_picked":["Ghostly Armor+1","Rampage+1","Pummel"],"picked":"SKIP","floor":38},{"not_picked":["Body Slam+1","Warcry+1"],"picked":"Spot Weakness+1","floor":41},{"not_picked":["Armaments+1","Iron Wave","Clash"],"picked":"SKIP","floor":42},{"not_picked":["Searing Blow","Feed"],"picked":"Sever Soul","floor":45},{"not_picked":["Battle Trance+1","Iron Wave"],"picked":"Disarm+1","floor":46},{"not_picked":["Metallicize+1","Heavy Blade+1"],"picked":"Warcry+1","floor":48}],"player_experience":152574,"relics_obtained":[{"floor":4,"key":"Letter Opener"},{"floor":6,"key":"Mercury Hourglass"},{"floor":9,"key":"Toxic Egg 2"},{"floor":13,"key":"Matryoshka"},{"floor":25,"key":"Meat on the Bone"},{"floor":26,"key":"Pantograph"},{"floor":26,"key":"Kunai"},{"floor":31,"key":"Nunchaku"},{"floor":42,"key":"Strawberry"},{"floor":43,"key":"Blue Candle"},{"floor":43,"key":"Bag of Marbles"},{"floor":45,"key":"Dead Branch"},{"floor":46,"key":"Pocketwatch"},{"floor":47,"key":"Unceasing Top"}],"event_choices":[{"damage_healed":0,"gold_gain":0,"cards_transformed":["Strike_R"],"player_choice":"Change","damage_taken":0,"max_hp_gain":0,"max_hp_loss":0,"event_name":"Living Wall","floor":2,"gold_loss":0,"cards_obtained":["Rupture"]},{"damage_healed":0,"gold_gain":75,"player_choice":"Gather Gold","damage_taken":11,"max_hp_gain":0,"max_hp_loss":0,"event_name":"World of Goop","floor":12,"gold_loss":0},{"damage_healed":0,"gold_gain":0,"player_choice":"Rummage","damage_taken":0,"relics_obtained":["WarpedTongs"],"max_hp_gain":0,"max_hp_loss":0,"event_name":"Accursed Blacksmith","floor":20,"gold_loss":0,"cards_obtained":["Pain"]},{"damage_healed":0,"gold_gain":0,"player_choice":"Shed Blood","damage_taken":21,"max_hp_gain":5,"max_hp_loss":0,"event_name":"Forgotten Altar","floor":24,"gold_loss":0},{"damage_healed":0,"gold_gain":0,"player_choice":"Fight","damage_taken":0,"max_hp_gain":0,"max_hp_loss":0,"event_name":"Colosseum","floor":29,"gold_loss":0},{"damage_healed":0,"gold_gain":0,"player_choice":"Fled From Nobs","damage_taken":0,"max_hp_gain":0,"max_hp_loss":0,"event_name":"Colosseum","floor":29,"gold_loss":0},{"damage_healed":0,"gold_gain":0,"player_choice":"Opened","damage_taken":0,"relics_obtained":["Red Skull"],"max_hp_gain":0,"max_hp_loss":0,"event_name":"The Mausoleum","floor":30,"gold_loss":0},{"cards_removed":["Rupture"],"damage_healed":0,"gold_gain":0,"player_choice":"Removed Power","damage_taken":0,"max_hp_gain":0,"max_hp_loss":0,"event_name":"Falling","floor":37,"gold_loss":0},{"damage_healed":0,"gold_gain":0,"player_choice":"Fight","damage_taken":0,"max_hp_gain":0,"max_hp_loss":0,"event_name":"MindBloom","floor":46,"gold_loss":0},{"damage_healed":0,"gold_gain":0,"player_choice":"Fight","damage_taken":0,"max_hp_gain":0,"max_hp_loss":0,"event_name":"Mysterious Sphere","floor":47,"gold_loss":0}],"is_beta":false,"boss_relics":[{"not_picked":["Black Star","Snecko Eye"],"picked":"Pandora\u0027s Box"},{"not_picked":["Runic Dome","Philosopher\u0027s Stone"],"picked":"Eternal Feather"}],"items_purged_floors":[21],"is_endless":false,"potions_floor_spawned":[3,5,10,11,16,18,27,28,31,38,42,46,47,48],"ascension_level":0}