{"gold_per_floor":[212,231,201,49,69,95,95,95,95,123,23,35,55,75,75,171,171,182,142,161,36,53,53,73,73,99,99,119,119,137,152,152,248,248,260,110,125,138,138],"floor_reached":39,"playtime":3688,"items_purged":["Strike_G","Defend_G","Strike_G","Strike_G"],"score":417,"play_id":"b1f319d2-b11f-4c34-9d74-ebe3291d69a1","local_time":"20190707232857","is_ascension_mode":true,"campfire_choices":[{"floor":15.0,"key":"REST"},{"floor":23.0,"key":"REST"},{"floor":25.0,"key":"REST"},{"floor":27.0,"key":"REST"},{"data":"Footwork","floor":29.0,"key":"SMITH"},{"floor":32.0,"key":"REST"}],"neow_cost":"NONE","seed_source_timestamp":0,"circlet_count":0,"master_deck":["Strike_G","Strike_G","Defend_G","Defend_G","Defend_G","Defend_G","Survivor","Neutralize","Well Laid Plans","Skewer","Noxious Fumes+1","Footwork+1","Bullet Time","Bouncing Flask","Outmaneuver","Doppelganger","Dash","Crippling Poison+1","Tools of the Trade","Envenom","Outmaneuver+1"],"special_seed":0,"relics":["Ring of the Snake","Calipers","Lantern","Bottled Flame","Snake Skull","Eternal Feather","Vajra","Runic Pyramid"],"potions_floor_usage":[],"damage_taken":[{"damage":0.0,"enemies":"Small Slimes","floor":1.0,"turns":4.0},{"damage":7.0,"enemies":"Cultist","floor":2.0,"turns":6.0},{"damage":5.0,"enemies":"2 Louse","floor":5.0,"turns":3.0},{"damage":29.0,"enemies":"Gremlin Nob","floor":6.0,"turns":5.0},{"damage":1.0,"enemies":"3 Sentries","floor":10.0,"turns":7.0},{"damage":0.0,"enemies":"Large Slime","floor":12.0,"turns":6.0},{"damage":9.0,"enemies":"Lots of Slimes","floor":13.0,"turns":4.0},{"damage":0.0,"enemies":"3 Louse","floor":14.0,"turns":2.0},{"damage":51.0,"enemies":"Slime Boss","floor":16.0,"turns":12.0},{"damage":14.0,"enemies":"Chosen","floor":18.0,"turns":5.0},{"damage":10.0,"enemies":"Shell Parasite","floor":20.0,"turns":6.0},{"damage":38.0,"enemies":"3 Cultists","floor":22.0,"turns":7.0},{"damage":36.0,"enemies":"Shelled Parasite and Fungi","floor":24.0,"turns":7.0},{"damage":3.0,"enemies":"Centurion and Healer","floor":28.0,"turns":7.0},{"damage":16.0,"enemies":"Cultist and Chosen","floor":30.0,"turns":6.0},{"damage":22.0,"enemies":"Snake Plant","floor":31.0,"turns":5.0},{"damage":42.0,"enemies":"Automaton","floor":33.0,"turns":10.0},{"damage":19.0,"enemies":"3 Darklings","floor":35.0,"turns":5.0},{"damage":5.0,"enemies":"3 Shapes","floor":37.0,"turns":5.0},{"damage":32.0,"enemies":"Maw","floor":38.0,"turns":8.0},{"damage":23,"enemies":"Spire Growth","floor":39,"turns":3}],"seed_played":"914949574780034800","potions_obtained":[{"floor":2.0,"key":"Dexterity Potion"},{"floor":3.0,"key":"EntropicBrew"},{"floor":3.0,"key":"LiquidBronze"},{"floor":10.0,"key":"Poison Potion"},{"floor":12.0,"key":"Dexterity Potion"},{"floor":22.0,"key":"SneckoOil"},{"floor":31.0,"key":"Strength Potion"},{"floor":33.0,"key":"SteroidPotion"}],"is_trial":false,"path_per_floor":["M","M","?","$","M","E","?","?","T","E","$","M","M","M","R","B",null,"M","?","M","$","M","R","M","R","T","R","M","R","M","M","R","B",null,"M","$","M","M","M"],"character_chosen":"THE_SILENT","items_purchased":["Noxious Fumes"],"campfire_rested":5,"item_purchase_floors":[4],"current_hp_per_floor":[70,63,63,63,58,29,52,49,49,48,48,48,39,39,60,9,70,56,56,46,46,8,38,2,32,32,62,59,70,54,32,65,23,70,51,51,46,14,0],"gold":138,"neow_bonus":"HUNDRED_GOLD","is_prod":false,"is_daily":false,"chose_seed":false,"campfire_upgraded":1,"win_rate":0,"timestamp":1562567337,"path_taken":["M","M","?","$","?","E","?","?","T","E","$","M","M","M","R","BOSS","M","?","M","$","M","R","M","R","T","R","?","R","M","M","R","BOSS","M","$","M","M","M"],"build_version":"2019-07-05","purchased_purges":4,"victory":false,"max_hp_per_floor":[70,70,70,70,70,70,70,70,70,70,70,70,70,70,70,70,70,70,70,70,70,70,70,70,70,70,70,70,70,70,70,70,70,70,70,70,70,70,70],"card_choices":[{"not_picked":["Dagger Throw","Deflect"],"picked":"Well Laid Plans","floor":1.0},{"not_picked":["Cloak And Dagger","Expertise"],"picked":"Skewer","floor":2.0},{"not_picked":["Dodge and Roll","Blade Dance","Slice"],"picked":"SKIP","floor":5.0},{"not_picked":["Accuracy","Deflect","Eviscerate"],"picked":"SKIP","floor":6.0},{"not_picked":["Predator","Bane"],"picked":"Footwork","floor":10.0},{"not_picked":["Underhanded Strike","Backflip"],"picked":"Bullet Time","floor":12.0},{"not_picked":["Skewer","Flying Knee"],"picked":"Bouncing Flask","floor":13.0},{"not_picked":["Accuracy","Masterful Stab"],"picked":"Outmaneuver","floor":14.0},{"not_picked":["Adrenaline","Phantasmal Killer"],"picked":"Doppelganger","floor":16.0},{"not_picked":["Cloak And Dagger","Dagger Throw","Deflect"],"picked":"SKIP","floor":18.0},{"not_picked":["Deadly Poison","Dagger Spray"],"picked":"Dash","floor":20.0},{"not_picked":["Backflip","Cloak And Dagger","Deflect+1"],"picked":"SKIP","floor":22.0},{"not_picked":["Cloak And Dagger","Deflect"],"picked":"Crippling Poison+1","floor":24.0},{"not_picked":["Infinite Blades+1","Prepared"],"picked":"Tools of the Trade","floor":28.0},{"not_picked":["Dagger Spray+1","Riddle With Holes","Dash"],"picked":"SKIP","floor":30.0},{"not_picked":["Quick Slash","Acrobatics","Dagger Throw+1"],"picked":"SKIP","floor":31.0},{"not_picked":["Burst","Storm of Steel"],"picked":"Envenom","floor":33.0},{"not_picked":["Underhanded Strike+1","Bane"],"picked":"Outmaneuver+1","floor":35.0},{"not_picked":["Acrobatics","Bane+1","Caltrops"],"picked":"SKIP","floor":37.0},{"not_picked":["PiercingWail+1","Deadly Poison","Poisoned Stab+1"],"picked":"SKIP","floor":38.0}],"player_experience":109561,"relics_obtained":[{"floor":6.0,"key":"Calipers"},{"floor":9.0,"key":"Bottled Flame"},{"floor":10.0,"key":"Snake Skull"},{"floor":26.0,"key":"Vajra"}],"event_choices":[{"damage_healed":0.0,"max_hp_gain":0.0,"max_hp_loss":0.0,"gold_gain":0.0,"event_name":"The Woman in Blue","player_choice":"Bought 2 Potions","floor":3.0,"gold_loss":0.0,"damage_taken":0.0},{"damage_healed":23.0,"max_hp_gain":0.0,"max_hp_loss":0.0,"gold_gain":0.0,"event_name":"Big Fish","player_choice":"Banana","floor":7.0,"gold_loss":0.0,"damage_taken":0.0},{"damage_healed":0.0,"max_hp_gain":0.0,"max_hp_loss":0.0,"gold_gain":0.0,"event_name":"Scrap Ooze","player_choice":"Success","floor":8.0,"gold_loss":0.0,"damage_taken":3.0,"relics_obtained":["Lantern"]},{"damage_healed":0.0,"max_hp_gain":0.0,"max_hp_loss":0.0,"gold_gain":0.0,"event_name":"Designer","player_choice":"Upgrade","floor":19.0,"gold_loss":40.0,"damage_taken":0.0,"cards_upgraded":["Noxious Fumes"]}],"is_beta":false,"boss_relics":[{"not_picked":["Coffee Dripper","Astrolabe"],"picked":"Eternal Feather"},{"not_picked":["Snecko Eye","Runic Dome"],"picked":"Runic Pyramid"}],"items_purged_floors":[4,11,21,36],"is_endless":false,"potions_floor_spawned":[2,10,12,22,31,33],"killed_by":"Spire Growth","ascension_level":1}