{"gold_per_floor":[114,94,112,123,123,156,171,204,230,9,20,54,54,89,89,166,216,234,534,544,559,295,295],"floor_reached":23,"playtime":1628,"items_purged":["Writhe"],"score":499,"play_id":"1d41cd93-66a5-4c75-b968-ad14f708e161","local_time":"20190317162309","is_ascension_mode":true,"campfire_choices":[{"floor":15,"key":"REST"}],"neow_cost":"NONE","seed_source_timestamp":510269304919510,"circlet_count":0,"master_deck":["AscendersBane","Strike_B","Strike_B","Strike_B+1","Strike_B","Defend_B","Defend_B","Defend_B","Defend_B","Zap","Dualcast+1","Sunder","Doom and Gloom+1","Chill","Glacier","Biased Cognition","Core Surge","Defragment","Defragment","Creative AI","Core Surge","Cold Snap"],"relics":["Cracked Core","Singing Bowl","Lantern","Art of War","Whetstone","Anchor","Tiny House","Old Coin"],"potions_floor_usage":[6,8,11,14,16,18,18,23,23],"damage_taken":[{"damage":2,"enemies":"Jaw Worm","floor":1,"turns":4},{"damage":0,"enemies":"Cultist","floor":3,"turns":4},{"damage":0,"enemies":"Small Slimes","floor":4,"turns":3},{"damage":13,"enemies":"Lagavulin","floor":6,"turns":5},{"damage":21,"enemies":"Exordium Thugs","floor":7,"turns":5},{"damage":0,"enemies":"3 Sentries","floor":8,"turns":5},{"damage":18,"enemies":"Large Slime","floor":11,"turns":4},{"damage":16,"enemies":"Gremlin Nob","floor":12,"turns":4},{"damage":0,"enemies":"3 Sentries","floor":14,"turns":8},{"damage":16,"enemies":"Hexaghost","floor":16,"turns":13},{"damage":2,"enemies":"Chosen","floor":18,"turns":5},{"damage":5,"enemies":"Spheric Guardian","floor":20,"turns":5},{"damage":45,"enemies":"Centurion and Healer","floor":21,"turns":6},{"damage":50,"enemies":"Book of Stabbing","floor":23,"turns":5}],"seed_played":"-921095955084054278","potions_obtained":[{"floor":2,"key":"FairyPotion"},{"floor":3,"key":"SkillPotion"},{"floor":6,"key":"EntropicBrew"},{"floor":7,"key":"FocusPotion"},{"floor":14,"key":"FocusPotion"},{"floor":16,"key":"Regen Potion"},{"floor":17,"key":"GamblersBrew"},{"floor":20,"key":"SpeedPotion"},{"floor":21,"key":"Poison Potion"}],"is_trial":false,"path_per_floor":["M","?","M","M","?","E","M","E","T","$","M","E","$","E","R","B",null,"M","?","M","M","$","E"],"character_chosen":"DEFECT","items_purchased":["Biased Cognition","Core Surge","Core Surge","Cold Snap"],"campfire_rested":1,"item_purchase_floors":[10,10,22,22],"current_hp_per_floor":[69,69,69,69,74,61,42,44,44,44,28,12,12,12,38,22,79,93,93,90,47,47,0],"gold":295,"neow_bonus":"TEN_PERCENT_HP_BONUS","is_prod":false,"is_daily":false,"chose_seed":false,"campfire_upgraded":0,"win_rate":0,"timestamp":1552839789,"path_taken":["M","?","?","M","?","E","M","E","T","$","M","E","?","E","R","BOSS","M","?","M","M","$","E"],"build_version":"2019-01-23","purchased_purges":1,"victory":false,"max_hp_per_floor":[78,78,78,78,83,83,85,87,87,87,89,89,89,89,89,89,96,98,98,100,102,102,102],"card_choices":[{"not_picked":["Rebound","Blizzard"],"picked":"Sunder","floor":1},{"not_picked":["Turbo","Conserve Battery"],"picked":"Doom and Gloom","floor":3},{"not_picked":["Go for the Eyes","Ball Lightning"],"picked":"Chill","floor":4},{"not_picked":["Beam Cell","Ball Lightning"],"picked":"Glacier","floor":6},{"not_picked":["Ball Lightning","Gash","Beam Cell"],"picked":"Singing Bowl","floor":7},{"not_picked":["Ball Lightning","Rip and Tear","Sweeping Beam"],"picked":"Singing Bowl","floor":8},{"not_picked":["White Noise","Reinforced Body","Storm"],"picked":"Singing Bowl","floor":11},{"not_picked":["Loop","Recycle"],"picked":"Defragment","floor":12},{"not_picked":["Reboot","Lockon"],"picked":"Defragment","floor":14},{"not_picked":["Thunder Strike","Hyperbeam"],"picked":"Creative AI","floor":16},{"not_picked":["Rip and Tear","Conserve Battery","Redo"],"picked":"Singing Bowl","floor":17},{"not_picked":["Genetic Algorithm","Turbo","Undo"],"picked":"Singing Bowl","floor":18},{"not_picked":["Beam Cell","Static Discharge","Reprogram"],"picked":"Singing Bowl","floor":20},{"not_picked":["Gash","Skim","Compile Driver"],"picked":"Singing Bowl","floor":21}],"player_experience":1582744,"relics_obtained":[{"floor":6,"key":"Singing Bowl"},{"floor":8,"key":"Lantern"},{"floor":9,"key":"Art of War"},{"floor":12,"key":"Whetstone"},{"floor":14,"key":"Anchor"}],"event_choices":[{"damage_healed":0,"gold_gain":0,"player_choice":"Bought 1 Potion","damage_taken":0,"max_hp_gain":0,"max_hp_loss":0,"event_name":"The Woman in Blue","floor":2,"gold_loss":0},{"damage_healed":0,"gold_gain":0,"player_choice":"Donut","damage_taken":0,"max_hp_gain":5,"max_hp_loss":0,"event_name":"Big Fish","floor":5,"gold_loss":0},{"damage_healed":0,"gold_gain":0,"player_choice":"Opened","damage_taken":0,"relics_obtained":["Old Coin"],"max_hp_gain":0,"max_hp_loss":0,"event_name":"The Mausoleum","floor":19,"gold_loss":0,"cards_obtained":["Writhe"]}],"is_beta":false,"boss_relics":[{"not_picked":["Philosopher\u0027s Stone","Fusion Hammer"],"picked":"Tiny House"}],"items_purged_floors":[22],"is_endless":false,"potions_floor_spawned":[3,6,7,11,14,16,20,21],"killed_by":"Book of Stabbing","ascension_level":15}