{"gold_per_floor":[115,115,135,135,135,135,173,188,188,188,211,286,50,50,50,50],"floor_reached":16,"playtime":905,"items_purged":["Strike_G"],"score":123,"play_id":"35bc7974-5846-46c9-8c3e-3297869237f0","local_time":"20190707112219","is_ascension_mode":true,"campfire_choices":[{"floor":6,"key":"REST"},{"floor":10,"key":"REST"},{"floor":15,"key":"REST"}],"neow_cost":"NONE","seed_source_timestamp":1898967920001300,"circlet_count":0,"master_deck":["Strike_G","Strike_G","Strike_G","Defend_G","Defend_G","Defend_G","Defend_G","Survivor","Neutralize","Caltrops","Cloak And Dagger","Sucker Punch","Crippling Poison","Dagger Spray","Footwork","Deep Breath"],"relics":["Ring of the Snake","Golden Idol","Matryoshka","Ginger","Happy Flower","Regal Pillow","Omamori","Gambling Chip"],"potions_floor_usage":[16,16],"damage_taken":[{"damage":0,"enemies":"Small Slimes","floor":1,"turns":3},{"damage":0,"enemies":"Jaw Worm","floor":3,"turns":5},{"damage":41,"enemies":"3 Sentries","floor":7,"turns":12},{"damage":0,"enemies":"Cultist","floor":8,"turns":4},{"damage":0,"enemies":"Looter","floor":11,"turns":4},{"damage":85,"enemies":"Hexaghost","floor":16,"turns":14}],"seed_played":"-3363614655013818913","potions_obtained":[{"floor":7,"key":"EssenceOfSteel"},{"floor":11,"key":"Regen Potion"}],"is_trial":false,"path_per_floor":["M","?","M","?","?","R","E","M","T","R","M","?","$","T","R","B"],"character_chosen":"THE_SILENT","items_purchased":["Footwork","Deep Breath"],"campfire_rested":3,"item_purchase_floors":[13,13],"current_hp_per_floor":[70,53,53,46,39,60,19,19,19,55,55,44,44,44,70,0],"gold":50,"neow_bonus":"REMOVE_CARD","is_prod":false,"is_daily":false,"chose_seed":false,"campfire_upgraded":0,"win_rate":0,"timestamp":1562523739,"path_taken":["M","?","M","?","?","R","E","M","T","R","?","?","?","?","R","BOSS"],"build_version":"2019-07-05","purchased_purges":1,"victory":false,"max_hp_per_floor":[70,70,70,70,70,70,70,70,70,70,70,70,70,70,70,70],"card_choices":[{"not_picked":["Backflip","Catalyst"],"picked":"Caltrops","floor":1},{"not_picked":["Bouncing Flask","Deflect"],"picked":"Cloak And Dagger","floor":3},{"not_picked":["Blur","Poisoned Stab"],"picked":"Sucker Punch","floor":7},{"not_picked":["Underhanded Strike","PiercingWail"],"picked":"Crippling Poison","floor":8},{"not_picked":["Well Laid Plans","Flechettes"],"picked":"Dagger Spray","floor":11}],"player_experience":626383,"relics_obtained":[{"floor":7,"key":"Ginger"},{"floor":9,"key":"Happy Flower"},{"floor":9,"key":"Regal Pillow"},{"floor":14,"key":"Omamori"},{"floor":14,"key":"Gambling Chip"}],"event_choices":[{"damage_healed":0,"gold_gain":0,"player_choice":"Take Damage","damage_taken":17,"relics_obtained":["Golden Idol"],"max_hp_gain":0,"max_hp_loss":0,"event_name":"Golden Idol","floor":2,"gold_loss":0},{"damage_healed":0,"gold_gain":0,"player_choice":"Success","damage_taken":7,"relics_obtained":["Matryoshka"],"max_hp_gain":0,"max_hp_loss":0,"event_name":"Scrap Ooze","floor":4,"gold_loss":0},{"cards_removed":["Defend_G"],"damage_healed":0,"gold_gain":0,"player_choice":"Card Removal","damage_taken":7,"max_hp_gain":0,"max_hp_loss":0,"event_name":"Golden Wing","floor":5,"gold_loss":0},{"damage_healed":0,"gold_gain":75,"player_choice":"Gather Gold","damage_taken":11,"max_hp_gain":0,"max_hp_loss":0,"event_name":"World of Goop","floor":12,"gold_loss":0}],"is_beta":false,"boss_relics":[],"items_purged_floors":[13],"is_endless":false,"potions_floor_spawned":[7,11],"killed_by":"Hexaghost","ascension_level":5}