{"gold_per_floor":[117,39,54,73,73,106,106,281,304,330,362,374],"floor_reached":12,"playtime":885,"items_purged":[],"score":84,"play_id":"d252f4c8-c685-4f29-8d1d-eaeaff30de62","local_time":"20190622234224","is_ascension_mode":true,"campfire_choices":[{"data":"Noxious Fumes","floor":7,"key":"SMITH"}],"neow_cost":"NONE","seed_source_timestamp":69500356261600,"circlet_count":0,"master_deck":["Defend_G","Defend_G","Defend_G","Defend_G","Defend_G","Strike_G","Strike_G","Strike_G+1","Strike_G","Survivor+1","Neutralize","Expertise","Backflip","Noxious Fumes+1","Deflect","Blur","Deflect","Doubt","Finisher","Prepared"],"relics":["Ring of the Snake","Snake Skull","MawBank"],"potions_floor_usage":[11,12,12],"damage_taken":[{"damage":5,"enemies":"Small Slimes","floor":1,"turns":6},{"damage":1,"enemies":"Jaw Worm","floor":3,"turns":6},{"damage":0,"enemies":"2 Louse","floor":4,"turns":3},{"damage":8,"enemies":"3 Sentries","floor":6,"turns":9},{"damage":0,"enemies":"Large Slime","floor":10,"turns":6},{"damage":0,"enemies":"Exordium Wildlife","floor":11,"turns":6},{"damage":64,"enemies":"Gremlin Nob","floor":12,"turns":6}],"seed_played":"-4734238482961491892","potions_obtained":[{"floor":3,"key":"Block Potion"},{"floor":4,"key":"Block Potion"},{"floor":6,"key":"EssenceOfSteel"}],"is_trial":false,"path_per_floor":["M","$","M","M","?","E","R","?","T","M","M","E"],"character_chosen":"THE_SILENT","items_purchased":["Noxious Fumes"],"campfire_rested":0,"item_purchase_floors":[2],"current_hp_per_floor":[65,65,64,64,50,42,42,42,42,42,42,0],"gold":374,"neow_bonus":"TRANSFORM_CARD","is_prod":false,"is_daily":false,"chose_seed":false,"campfire_upgraded":1,"win_rate":0,"timestamp":1561272144,"path_taken":["M","$","M","M","?","E","R","?","T","M","M","E"],"build_version":"2019-01-23","purchased_purges":0,"victory":false,"max_hp_per_floor":[70,70,70,70,70,70,70,70,70,70,70,70],"card_choices":[{"not_picked":["Sucker Punch","Underhanded Strike"],"picked":"Backflip","floor":1},{"not_picked":["Outmaneuver","Eviscerate"],"picked":"Deflect","floor":3},{"not_picked":["Acrobatics","Outmaneuver"],"picked":"Blur","floor":4},{"not_picked":["Noxious Fumes","Eviscerate"],"picked":"Deflect","floor":6},{"not_picked":["Deadly Poison","Underhanded Strike"],"picked":"Finisher","floor":10},{"not_picked":["Dagger Throw","Terror"],"picked":"Prepared","floor":11}],"player_experience":71275,"relics_obtained":[{"floor":6,"key":"Snake Skull"},{"floor":9,"key":"MawBank"}],"event_choices":[{"damage_healed":0,"gold_gain":0,"player_choice":"Entered Light","damage_taken":14,"max_hp_gain":0,"max_hp_loss":0,"event_name":"Shining Light","floor":5,"gold_loss":0,"cards_upgraded":["Strike_G","Survivor"]},{"damage_healed":0,"gold_gain":175,"player_choice":"AGREE","damage_taken":0,"max_hp_gain":0,"max_hp_loss":0,"event_name":"Liars Game","floor":8,"gold_loss":0,"cards_obtained":["Doubt"]}],"is_beta":false,"boss_relics":[],"items_purged_floors":[],"is_endless":false,"potions_floor_spawned":[3,4,6],"killed_by":"Gremlin Nob","ascension_level":1}