{"gold_per_floor":[116,17,17,30,44,72,91,91,91,91,91,109,141,152,152,255,255,272,15,15,34,51,51,78,78,78,78,95,95,95,105,105,202,202,219,219,49,49,69,69,88,100,100,100,100,115,115,215,215,215],"floor_reached":50,"playtime":5380,"items_purged":["Strike_G","Strike_G"],"score":590,"play_id":"5f4b2202-c033-4495-9c98-b02cc4aecc2b","local_time":"20190703185418","is_ascension_mode":true,"campfire_choices":[{"floor":8,"key":"REST"},{"floor":11,"key":"REST"},{"floor":15,"key":"REST"},{"floor":23,"key":"REST"},{"floor":25,"key":"REST"},{"floor":32,"key":"REST"},{"floor":40,"key":"REST"},{"floor":45,"key":"REST"},{"floor":47,"key":"REST"},{"floor":49,"key":"REST"}],"neow_cost":"NONE","seed_source_timestamp":1576010482430600,"circlet_count":0,"master_deck":["Strike_G","Defend_G","Defend_G","Defend_G","Survivor","Neutralize","Deadly Poison+1","PiercingWail","Deadly Poison","Expertise","Outmaneuver","Deadly Poison","Corpse Explosion","Choke","Riddle With Holes","Night Terror","Dash","Dodge and Roll","Backflip","Sucker Punch","Venomology","Flechettes","Tools of the Trade","Regret","All Out Attack+1","Metamorphosis","Crippling Poison","Footwork+1","Madness","Madness","Caltrops+1"],"relics":["Snecko Eye","Ninja Scroll","Ice Cream","Du-Vu Doll","Cursed Key","Oddly Smooth Stone","Juzu Bracelet","Bag of Marbles","Omamori","HoveringKite","Meat on the Bone","Turnip"],"potions_floor_usage":[6,6,13,16,18,31,33,33,33,39,41,42,42,46,50,50,50],"damage_taken":[{"damage":2,"enemies":"Small Slimes","floor":1,"turns":3},{"damage":5,"enemies":"Cultist","floor":4,"turns":5},{"damage":3,"enemies":"2 Louse","floor":5,"turns":4},{"damage":22,"enemies":"3 Sentries","floor":6,"turns":11},{"damage":6,"enemies":"Blue Slaver","floor":7,"turns":3},{"damage":11,"enemies":"Gremlin Gang","floor":12,"turns":7},{"damage":35,"enemies":"Gremlin Nob","floor":13,"turns":4},{"damage":3,"enemies":"Looter","floor":14,"turns":2},{"damage":38,"enemies":"Slime Boss","floor":16,"turns":9},{"damage":9,"enemies":"Shell Parasite","floor":18,"turns":2},{"damage":0,"enemies":"Spheric Guardian","floor":21,"turns":3},{"damage":8,"enemies":"Centurion and Healer","floor":22,"turns":2},{"damage":19,"enemies":"Book of Stabbing","floor":24,"turns":6},{"damage":1,"enemies":"Shelled Parasite and Fungi","floor":28,"turns":3},{"damage":0,"enemies":"Snake Plant","floor":31,"turns":3},{"damage":30,"enemies":"Collector","floor":33,"turns":7},{"damage":4,"enemies":"Orb Walker","floor":35,"turns":2},{"damage":0,"enemies":"3 Darklings","floor":39,"turns":2},{"damage":0,"enemies":"Jaw Worm Horde","floor":41,"turns":3},{"damage":4,"enemies":"Maw","floor":42,"turns":6},{"damage":13,"enemies":"Transient","floor":46,"turns":5},{"damage":24,"enemies":"Mind Bloom Boss Battle","floor":48,"turns":5},{"damage":72,"enemies":"Awakened One","floor":50,"turns":9}],"seed_played":"3246948821095741717","potions_obtained":[{"floor":4,"key":"EssenceOfSteel"},{"floor":5,"key":"LiquidBronze"},{"floor":7,"key":"GamblersBrew"},{"floor":13,"key":"Fire Potion"},{"floor":16,"key":"Energy Potion"},{"floor":18,"key":"SteroidPotion"},{"floor":24,"key":"Swift Potion"},{"floor":33,"key":"LiquidBronze"},{"floor":35,"key":"GamblersBrew"}],"is_trial":false,"path_per_floor":["M","$","?","M","M","E","M","R","T","?","R","M","E","M","R","B",null,"M","$","?","M","M","R","E","R","T","?","M","?","T","M","R","B",null,"M","?","$","?","M","R","M","M","T","?","R","M","R","?","R","B"],"character_chosen":"THE_SILENT","items_purchased":["PiercingWail","Oddly Smooth Stone","Metamorphosis"],"campfire_rested":10,"item_purchase_floors":[2,19,37],"current_hp_per_floor":[68,68,68,63,60,38,32,53,53,50,70,59,24,21,42,4,54,45,45,45,45,37,58,39,60,60,60,59,59,59,59,70,40,63,59,59,59,59,59,70,70,66,66,57,70,57,70,46,67,0],"gold":215,"neow_bonus":"BOSS_RELIC","is_prod":false,"is_daily":false,"chose_seed":false,"campfire_upgraded":0,"win_rate":0,"timestamp":1562205258,"path_taken":["M","$","?","M","?","E","M","R","T","?","R","M","E","M","R","BOSS","M","$","?","?","M","R","E","R","T","?","M","?","?","M","R","BOSS","M","?","$","?","M","R","M","M","T","?","R","M","R","?","R","BOSS"],"build_version":"2019-07-01","purchased_purges":2,"victory":false,"max_hp_per_floor":[70,70,70,70,70,70,70,70,70,70,70,70,70,70,70,70,70,70,70,70,70,70,70,70,70,70,70,70,70,70,70,70,70,70,70,70,70,70,70,70,70,70,70,70,70,70,70,70,70,70],"card_choices":[{"not_picked":["Bane","Slice"],"picked":"Deadly Poison","floor":1},{"not_picked":["Underhanded Strike","Reflex"],"picked":"Deadly Poison","floor":4},{"not_picked":["Endless Agony","Blade Dance"],"picked":"Expertise","floor":5},{"not_picked":["Well Laid Plans","Endless Agony"],"picked":"Outmaneuver","floor":6},{"not_picked":["Dagger Throw","Dagger Spray"],"picked":"Deadly Poison","floor":7},{"not_picked":["Concentrate","Escape Plan"],"picked":"Corpse Explosion","floor":12},{"not_picked":["Die Die Die","Acrobatics"],"picked":"Choke","floor":13},{"not_picked":["Prepared","Backflip"],"picked":"Riddle With Holes","floor":14},{"not_picked":["Venomology","Phantasmal Killer"],"picked":"Night Terror","floor":16},{"not_picked":["Well Laid Plans","Flying Knee+1"],"picked":"Dash","floor":18},{"not_picked":["Blade Dance+1","Quick Slash"],"picked":"Backflip","floor":21},{"not_picked":["Dagger Throw+1","Quick Slash"],"picked":"Sucker Punch","floor":22},{"not_picked":["Sucker Punch","PiercingWail"],"picked":"Venomology","floor":24},{"not_picked":["Cloak And Dagger","Sucker Punch+1","Underhanded Strike+1"],"picked":"SKIP","floor":28},{"not_picked":["Heel Hook","Finisher","Blade Dance"],"picked":"SKIP","floor":31},{"not_picked":["Cloak And Dagger+1","Blade Dance"],"picked":"All Out Attack+1","floor":35},{"not_picked":["Sucker Punch","Quick Slash"],"picked":"Footwork+1","floor":39},{"not_picked":["Dagger Spray+1","Quick Slash","Outmaneuver+1"],"picked":"SKIP","floor":41},{"not_picked":["Dagger Throw+1","Dagger Spray+1","Eviscerate"],"picked":"SKIP","floor":42},{"not_picked":["Eviscerate+1","Flying Knee+1"],"picked":"Caltrops+1","floor":46}],"player_experience":607679,"relics_obtained":[{"floor":6,"key":"Ninja Scroll"},{"floor":9,"key":"Ice Cream"},{"floor":13,"key":"Du-Vu Doll"},{"floor":24,"key":"Juzu Bracelet"},{"floor":26,"key":"Bag of Marbles"},{"floor":30,"key":"Omamori"},{"floor":43,"key":"Meat on the Bone"},{"floor":48,"key":"Turnip"}],"event_choices":[{"damage_healed":0,"gold_gain":0,"player_choice":"Upgraded","damage_taken":0,"max_hp_gain":0,"max_hp_loss":0,"event_name":"Upgrade Shrine","floor":3,"gold_loss":0,"cards_upgraded":["Deadly Poison"]},{"damage_healed":0,"gold_gain":0,"player_choice":"Fled","damage_taken":3,"max_hp_gain":0,"max_hp_loss":0,"event_name":"Scrap Ooze","floor":10,"gold_loss":0},{"damage_healed":0,"gold_gain":0,"cards_transformed":["Defend_G"],"player_choice":"Transformed","damage_taken":0,"max_hp_gain":0,"max_hp_loss":0,"event_name":"Transmorgrifier","floor":20,"gold_loss":0,"cards_obtained":["Dodge and Roll"]},{"cards_removed":["Decay"],"damage_healed":0,"gold_gain":0,"player_choice":"Removed Curses","damage_taken":0,"max_hp_gain":0,"max_hp_loss":0,"event_name":"Fountain of Cleansing","floor":27,"gold_loss":0},{"damage_healed":0,"gold_gain":0,"cards_transformed":["Defend_G","Strike_G"],"player_choice":"Became Test Subject","damage_taken":0,"max_hp_gain":0,"max_hp_loss":0,"event_name":"Drug Dealer","floor":29,"gold_loss":0,"cards_obtained":["Flechettes","Tools of the Trade"]},{"damage_healed":0,"gold_gain":0,"player_choice":"Ignored","damage_taken":0,"max_hp_gain":0,"max_hp_loss":0,"event_name":"Tomb of Lord Red Mask","floor":36,"gold_loss":0},{"damage_healed":0,"gold_gain":0,"cards_transformed":["Strike_G"],"player_choice":"Transformed","damage_taken":0,"max_hp_gain":0,"max_hp_loss":0,"event_name":"Transmorgrifier","floor":38,"gold_loss":0,"cards_obtained":["Crippling Poison"]},{"damage_healed":0,"gold_gain":0,"player_choice":"Embrace Madness","damage_taken":9,"max_hp_gain":0,"max_hp_loss":0,"event_name":"Winding Halls","floor":44,"gold_loss":0,"cards_obtained":["Madness","Madness"]},{"damage_healed":0,"gold_gain":0,"player_choice":"Fight","damage_taken":0,"max_hp_gain":0,"max_hp_loss":0,"event_name":"MindBloom","floor":48,"gold_loss":0}],"is_beta":false,"boss_relics":[{"not_picked":["Empty Cage","Runic Pyramid"],"picked":"Cursed Key"},{"not_picked":["White Beast Statue","Lizard Tail"],"picked":"HoveringKite"}],"items_purged_floors":[2,19],"is_endless":false,"potions_floor_spawned":[4,5,7,13,16,18,24,28,33,35],"killed_by":"Awakened One","ascension_level":5}