{"gold_per_floor":[119,99,1,14,31,61,76,76,76,90,122,197,197,223,223,324,324,343,258,278,278,294,294,310,342,342,371,371,391,391,50,50,50],"floor_reached":33,"playtime":3571,"items_purged":["Strike_B"],"score":396,"play_id":"19b365d4-bd28-4fd7-be45-fa0bf9111b9b","local_time":"20190628154827","is_ascension_mode":true,"campfire_choices":[{"data":"Zap","floor":8.0,"key":"SMITH"},{"floor":13.0,"key":"REST"},{"floor":15.0,"key":"REST"},{"data":"Multi-Cast","floor":23,"key":"SMITH"},{"data":"Hyperbeam","floor":28,"key":"SMITH"},{"floor":30,"key":"REST"},{"data":"Seek","floor":32,"key":"SMITH"}],"neow_cost":"PERCENT_DAMAGE","seed_source_timestamp":412618518333568,"circlet_count":0,"master_deck":["Defend_B","Defend_B","Defend_B","Defend_B","Zap+1","Dualcast","Rebound","Coolheaded","Seek+1","Rebound","Cold Snap+1","Glacier","Double Energy+1","Multi-Cast+1","Steam Power+1","Core Surge+1","Amplify+1","Reinforced Body","Barrage+1","Hyperbeam+1","FTL","Cold Snap+1"],"special_seed":0,"relics":["Cracked Core","Gambling Chip","Kunai","Emotion Chip","Bird Faced Urn","Bottled Lightning","Astrolabe","Bag of Preparation","Du-Vu Doll","Question Card","WingedGreaves","Whetstone","PrismaticShard"],"potions_floor_usage":[16,25,25,33],"damage_taken":[{"damage":1.0,"enemies":"Cultist","floor":1.0,"turns":3.0},{"damage":6.0,"enemies":"2 Louse","floor":4.0,"turns":2.0},{"damage":0.0,"enemies":"Jaw Worm","floor":5.0,"turns":3.0},{"damage":7.0,"enemies":"3 Sentries","floor":6.0,"turns":9.0},{"damage":3.0,"enemies":"Blue Slaver","floor":7.0,"turns":4.0},{"damage":10.0,"enemies":"Gremlin Gang","floor":10.0,"turns":5.0},{"damage":6.0,"enemies":"Gremlin Nob","floor":11.0,"turns":3.0},{"damage":15.0,"enemies":"Lagavulin","floor":14.0,"turns":7.0},{"damage":6,"enemies":"Slime Boss","floor":16,"turns":10},{"damage":2,"enemies":"Chosen","floor":18,"turns":4},{"damage":11,"enemies":"3 Byrds","floor":20,"turns":4},{"damage":3,"enemies":"Centurion and Healer","floor":22,"turns":8},{"damage":3,"enemies":"Snake Plant","floor":24,"turns":5},{"damage":16,"enemies":"Slavers","floor":25,"turns":2},{"damage":0,"enemies":"Gremlin Leader","floor":27,"turns":5},{"damage":10,"enemies":"Snecko","floor":29,"turns":3},{"damage":57,"enemies":"Automaton","floor":33,"turns":8}],"seed_played":"-117959378440212775","potions_obtained":[{"floor":1.0,"key":"Weak Potion"},{"floor":2.0,"key":"SpeedPotion"},{"floor":4.0,"key":"EssenceOfSteel"},{"floor":11.0,"key":"SpeedPotion"},{"floor":14.0,"key":"SteroidPotion"},{"floor":18,"key":"FocusPotion"},{"floor":22,"key":"Energy Potion"}],"is_trial":false,"path_per_floor":["M","?","$","M","M","E","M","R","T","M","E","?","R","E","R","B",null,"M","?","M","?","M","R","M","E","T","E","R","M","R","$","R","B"],"character_chosen":"DEFECT","items_purchased":["Rebound","Whetstone","PrismaticShard"],"campfire_rested":3,"item_purchase_floors":[3,31,31],"current_hp_per_floor":[53,53,53,47,47,40,37,37,37,27,21,10,32,17,39,33,75,73,73,62,62,59,59,56,40,40,40,40,30,52,52,52,0],"gold":50,"neow_bonus":"ONE_RARE_RELIC","is_prod":false,"is_daily":false,"chose_seed":false,"campfire_upgraded":4,"win_rate":0,"timestamp":1561762107,"path_taken":["M","?","$","M","M","E","M","R","T","?","E","?","R","E","R","BOSS","M","?","M","?","?","R","M","E","T","E","R","M","R","$","R","BOSS"],"build_version":"2019-01-23","purchased_purges":1,"victory":false,"max_hp_per_floor":[75,75,75,75,75,75,75,75,75,75,75,75,75,75,75,75,75,75,75,75,75,75,75,75,75,75,75,75,75,75,75,75,75],"card_choices":[{"not_picked":["Hello World","Barrage","Static Discharge"],"picked":"SKIP","floor":1.0},{"not_picked":["Streamline","Gash"],"picked":"Coolheaded","floor":4.0},{"not_picked":["Conserve Battery","FTL"],"picked":"Seek","floor":5.0},{"not_picked":["Storm","Rebound","Heatsinks"],"picked":"SKIP","floor":6.0},{"not_picked":["Beam Cell","Darkness"],"picked":"Rebound","floor":7.0},{"not_picked":["Beam Cell","Hologram"],"picked":"Cold Snap","floor":10.0},{"not_picked":["Doom and Gloom","Conserve Battery"],"picked":"Glacier","floor":11.0},{"not_picked":["Compile Driver","Machine Learning"],"picked":"Double Energy","floor":14.0},{"not_picked":["Fission","Buffer"],"picked":"Multi-Cast","floor":16},{"not_picked":["Compile Driver","Doom and Gloom","Skim"],"picked":"SKIP","floor":18},{"not_picked":["Compile Driver","Beam Cell"],"picked":"Reinforced Body","floor":20},{"not_picked":["Stack","Leap","Steam"],"picked":"SKIP","floor":22},{"not_picked":["Hologram","Redo"],"picked":"Barrage+1","floor":24},{"not_picked":["Gash","Ball Lightning"],"picked":"Hyperbeam","floor":25},{"not_picked":["Ball Lightning","Steam+1","Hologram"],"picked":"FTL","floor":27},{"not_picked":["Static Discharge+1","Sweeping Beam","Aggregate"],"picked":"Cold Snap","floor":29}],"player_experience":247841,"relics_obtained":[{"floor":6.0,"key":"Kunai"},{"floor":9.0,"key":"Emotion Chip"},{"floor":11.0,"key":"Bird Faced Urn"},{"floor":14.0,"key":"Bottled Lightning"},{"floor":25,"key":"Du-Vu Doll"},{"floor":26,"key":"Question Card"},{"floor":27,"key":"WingedGreaves"}],"event_choices":[{"damage_healed":0.0,"max_hp_gain":0.0,"max_hp_loss":0.0,"gold_gain":0.0,"event_name":"The Woman in Blue","player_choice":"Bought 1 Potion","floor":2.0,"gold_loss":0.0,"damage_taken":0.0},{"damage_healed":0.0,"max_hp_gain":0.0,"max_hp_loss":0.0,"gold_gain":75.0,"event_name":"World of Goop","player_choice":"Gather Gold","floor":12.0,"gold_loss":0.0,"damage_taken":11.0},{"damage_healed":0,"gold_gain":0,"player_choice":"Obtained Relic","damage_taken":0,"relics_obtained":["Bag of Preparation"],"max_hp_gain":0,"max_hp_loss":0,"event_name":"Addict","floor":19,"gold_loss":85},{"damage_healed":0,"gold_gain":0,"player_choice":"Forge","damage_taken":0,"max_hp_gain":0,"max_hp_loss":0,"event_name":"Accursed Blacksmith","floor":21,"gold_loss":0,"cards_upgraded":["Double Energy"]}],"is_beta":false,"boss_relics":[{"not_picked":["Calling Bell","Coffee Dripper"],"picked":"Astrolabe"}],"items_purged_floors":[3],"is_endless":false,"potions_floor_spawned":[1,4,11,14,18,22],"killed_by":"Automaton","ascension_level":4}