{"gold_per_floor":[114,289,289,299,299,329,329,339,339,370,370,386,386,413,413,413],"floor_reached":16,"playtime":590,"items_purged":[],"score":201,"play_id":"2b840fb8-8d88-4e83-bdc7-1131c6987b7c","local_time":"20190707152741","is_ascension_mode":true,"campfire_choices":[{"data":"Armaments","floor":7.0,"key":"SMITH"},{"floor":11.0,"key":"REST"},{"floor":15,"key":"REST"}],"neow_cost":"NONE","seed_source_timestamp":0,"circlet_count":0,"master_deck":["AscendersBane","Strike_R","Strike_R","Strike_R","Strike_R","Defend_R","Defend_R","Defend_R","Defend_R","Bash","Armaments+1","True Grit","Shrug It Off","Iron Wave","Dropkick","Metallicize"],"special_seed":0,"relics":["Burning Blood","Blood Vial","Juzu Bracelet","Pear","Self Forming Clay","Smiling Mask","Meat on the Bone"],"potions_floor_usage":[],"damage_taken":[{"damage":13.0,"enemies":"Jaw Worm","floor":1.0,"turns":6.0},{"damage":7.0,"enemies":"2 Louse","floor":4.0,"turns":3.0},{"damage":41.0,"enemies":"Gremlin Nob","floor":6.0,"turns":5.0},{"damage":1.0,"enemies":"Small Slimes","floor":8.0,"turns":4.0},{"damage":35.0,"enemies":"Lagavulin","floor":10.0,"turns":9.0},{"damage":0.0,"enemies":"2 Fungi Beasts","floor":12.0,"turns":5.0},{"damage":39,"enemies":"Gremlin Nob","floor":14,"turns":6},{"damage":46,"enemies":"Slime Boss","floor":16,"turns":11}],"seed_played":"-3701273727599823581","potions_obtained":[{"floor":6.0,"key":"EssenceOfSteel"},{"floor":10.0,"key":"EssenceOfSteel"}],"is_trial":false,"path_per_floor":["M","?","?","M","?","E","R","M","T","E","R","M","?","E","R","B"],"character_chosen":"IRONCLAD","items_purchased":[],"campfire_rested":2,"item_purchase_floors":[],"current_hp_per_floor":[63,63,63,64,57,24,24,31,41,14,39,47,40,9,34,0],"gold":413,"neow_bonus":"RANDOM_COMMON_RELIC","is_prod":false,"is_daily":false,"chose_seed":false,"campfire_upgraded":1,"win_rate":0,"timestamp":1562538461,"path_taken":["M","?","?","M","?","E","R","M","T","E","R","M","?","E","R","BOSS"],"build_version":"2019-07-05","purchased_purges":0,"victory":false,"max_hp_per_floor":[75,75,75,75,75,75,75,75,85,85,85,85,85,85,85,85],"card_choices":[{"not_picked":["Twin Strike","Warcry"],"picked":"Armaments","floor":1.0},{"not_picked":["Twin Strike","Clash"],"picked":"True Grit","floor":4.0},{"not_picked":["True Grit","Warcry"],"picked":"Shrug It Off","floor":6.0},{"not_picked":["Headbutt","Twin Strike"],"picked":"Iron Wave","floor":8.0},{"not_picked":["Cleave","Impervious"],"picked":"Dropkick","floor":10.0},{"not_picked":["Combust","Pommel Strike"],"picked":"Metallicize","floor":12.0},{"not_picked":["Sword Boomerang","Feel No Pain","Combust"],"picked":"SKIP","floor":14}],"player_experience":1374801,"relics_obtained":[{"floor":6.0,"key":"Juzu Bracelet"},{"floor":9.0,"key":"Pear"},{"floor":10.0,"key":"Self Forming Clay"},{"floor":14,"key":"Meat on the Bone"}],"event_choices":[{"damage_healed":0.0,"max_hp_gain":0.0,"max_hp_loss":0.0,"gold_gain":175.0,"event_name":"Liars Game","player_choice":"AGREE","floor":2.0,"gold_loss":0.0,"damage_taken":0.0,"cards_obtained":["Doubt"]},{"cards_removed":["Doubt"],"damage_healed":0.0,"max_hp_gain":0.0,"max_hp_loss":0.0,"gold_gain":0.0,"event_name":"Living Wall","player_choice":"Forget","floor":3.0,"gold_loss":0.0,"damage_taken":0.0},{"cards_removed":["Strike_R"],"damage_healed":0.0,"max_hp_gain":0.0,"max_hp_loss":0.0,"gold_gain":0.0,"event_name":"Golden Wing","player_choice":"Card Removal","floor":5.0,"gold_loss":0.0,"damage_taken":7.0},{"damage_healed":0.0,"max_hp_gain":0.0,"max_hp_loss":0.0,"gold_gain":0.0,"event_name":"Scrap Ooze","player_choice":"Success","floor":13.0,"gold_loss":0.0,"damage_taken":7.0,"relics_obtained":["Smiling Mask"]}],"is_beta":false,"boss_relics":[],"items_purged_floors":[],"is_endless":false,"potions_floor_spawned":[6,10],"killed_by":"Slime Boss","ascension_level":14}