{"gold_per_floor":[118,133,198,198,46,71,71,71,71,87,121,121,142,160,160,233,233,244,264,38,55,235,235,264,264,264,293,44,44,54,68,68,147,147,159,159,159,174,74,107,107,139,139,239,0,18,44,59,59,59],"floor_reached":50,"playtime":2520,"items_purged":["Strike_R","Strike_R"],"score":1050,"play_id":"4024d67c-de11-49eb-9bff-446160622548","local_time":"20190422232543","is_ascension_mode":true,"campfire_choices":[{"data":"Searing Blow","floor":7.0,"key":"SMITH"},{"data":"Demon Form","floor":15.0,"key":"SMITH"},{"floor":23.0,"key":"REST"},{"data":"Searing Blow+2","floor":25.0,"key":"SMITH"},{"data":"Searing Blow+3","floor":32.0,"key":"SMITH"},{"floor":41.0,"key":"REST"},{"floor":49,"key":"REST"}],"neow_cost":"NONE","seed_source_timestamp":0,"circlet_count":0,"master_deck":["AscendersBane","Strike_R+1","Strike_R","Strike_R","Defend_R","Defend_R","Defend_R","Defend_R","Bash","Cleave+1","Searing Blow+4","Inflame","Pommel Strike","Demon Form+1","Double Tap","Flame Barrier","Metallicize","Limit Break","Madness","Madness","Shockwave","Entrench+1"],"special_seed":0,"relics":["Burning Blood","PreservedInsect","Blood Vial","Pantograph","Bottled Tornado","Odd Mushroom","Black Star","Bag of Preparation","Bird Faced Urn","Gremlin Horn","Thread and Needle","Anchor","Bag of Marbles","Lee\u0027s Waffle","Dodecahedron","Velvet Choker","Centennial Puzzle","Sundial","Turnip","Nunchaku","Mango","Calipers","Red Mask","Question Card","Meat on the Bone"],"potions_floor_usage":[50],"damage_taken":[{"damage":10.0,"enemies":"Cultist","floor":1.0,"turns":5.0},{"damage":5.0,"enemies":"Small Slimes","floor":2.0,"turns":3.0},{"damage":15.0,"enemies":"3 Sentries","floor":6.0,"turns":6.0},{"damage":2.0,"enemies":"Jaw Worm","floor":10.0,"turns":3.0},{"damage":16.0,"enemies":"Gremlin Nob","floor":11.0,"turns":3.0},{"damage":10.0,"enemies":"The Mushroom Lair","floor":13.0,"turns":3.0},{"damage":13.0,"enemies":"Blue Slaver","floor":14.0,"turns":3.0},{"damage":39.0,"enemies":"The Guardian","floor":16.0,"turns":11.0},{"damage":7.0,"enemies":"Chosen","floor":18.0,"turns":4.0},{"damage":32.0,"enemies":"Spheric Guardian","floor":19.0,"turns":5.0},{"damage":9.0,"enemies":"Snecko","floor":21.0,"turns":4.0},{"damage":30.0,"enemies":"Slavers","floor":24.0,"turns":4.0},{"damage":13.0,"enemies":"Gremlin Leader","floor":27.0,"turns":5.0},{"damage":0.0,"enemies":"Cultist and Chosen","floor":30.0,"turns":6.0},{"damage":10.0,"enemies":"Snake Plant","floor":31.0,"turns":6.0},{"damage":90.0,"enemies":"Automaton","floor":33.0,"turns":9.0},{"damage":10.0,"enemies":"3 Shapes","floor":35.0,"turns":6.0},{"damage":16.0,"enemies":"Orb Walker","floor":38.0,"turns":4.0},{"damage":48.0,"enemies":"Nemesis","floor":40.0,"turns":7.0},{"damage":48.0,"enemies":"Giant Head","floor":42.0,"turns":7.0},{"damage":11,"enemies":"Mind Bloom Boss Battle","floor":44,"turns":8},{"damage":11,"enemies":"4 Shapes","floor":46,"turns":6},{"damage":54,"enemies":"Nemesis","floor":47,"turns":7},{"damage":26,"enemies":"Jaw Worm Horde","floor":48,"turns":4},{"damage":90,"enemies":"Time Eater","floor":50,"turns":9}],"seed_played":"-3993612970963407959","potions_obtained":[{"floor":6.0,"key":"Block Potion"},{"floor":11.0,"key":"AttackPotion"},{"floor":13.0,"key":"Explosive Potion"},{"floor":14.0,"key":"SkillPotion"},{"floor":18.0,"key":"Swift Potion"},{"floor":19.0,"key":"Explosive Potion"},{"floor":21.0,"key":"Explosive Potion"},{"floor":31.0,"key":"Swift Potion"},{"floor":35.0,"key":"SteroidPotion"},{"floor":38.0,"key":"Weak Potion"},{"floor":47,"key":"LiquidBronze"}],"is_trial":false,"path_per_floor":["M","M","?","?","$","E","R","T","T","M","E","?","?","M","R","B",null,"M","M","$","M","?","R","E","R","T","E","$","?","M","M","R","B",null,"M","?","?","M","$","E","R","E","T","?","?","M","E","M","R","B"],"character_chosen":"IRONCLAD","items_purchased":["PreservedInsect","Bag of Preparation","Lee\u0027s Waffle","PowerPotion"],"campfire_rested":3,"item_purchase_floors":[5,20,28,28],"current_hp_per_floor":[76,77,77,59,59,50,50,50,50,56,48,48,46,41,41,35,75,76,52,52,51,27,53,31,31,31,30,95,95,95,95,95,11,74,76,76,64,62,62,28,56,22,36,62,62,65,25,25,57,0],"gold":59,"neow_bonus":"TEN_PERCENT_HP_BONUS","is_prod":false,"is_daily":false,"chose_seed":false,"campfire_upgraded":4,"win_rate":0,"timestamp":1556000743,"path_taken":["M","?","?","?","$","E","R","?","T","?","E","?","?","M","R","BOSS","M","M","$","M","?","R","E","R","T","E","?","?","M","?","R","BOSS","M","?","?","M","$","E","R","E","T","?","?","?","E","M","R","BOSS"],"build_version":"2019-01-23","purchased_purges":2,"victory":false,"max_hp_per_floor":[88,88,88,88,88,88,88,88,88,88,88,88,88,88,88,88,88,88,88,88,88,88,88,88,88,88,88,95,95,95,95,95,95,95,95,95,95,95,95,95,95,95,109,109,109,109,109,109,109,109],"card_choices":[{"not_picked":["Clash","Warcry"],"picked":"Cleave","floor":1.0},{"not_picked":["Body Slam","Iron Wave"],"picked":"Searing Blow","floor":2.0},{"not_picked":["Flex","Brutality"],"picked":"Inflame","floor":6.0},{"not_picked":["Body Slam","Infernal Blade","Twin Strike"],"picked":"SKIP","floor":10.0},{"not_picked":["Carnage","Havoc","Twin Strike"],"picked":"SKIP","floor":11.0},{"not_picked":["True Grit","Inflame"],"picked":"Pommel Strike","floor":13.0},{"not_picked":["Sentinel","Entrench"],"picked":"Demon Form","floor":14.0},{"not_picked":["Demon Form","Exhume"],"picked":"Double Tap","floor":16.0},{"not_picked":["Havoc","Sword Boomerang","Cleave"],"picked":"SKIP","floor":18.0},{"not_picked":["Wild Strike","Twin Strike+1"],"picked":"Flame Barrier","floor":19.0},{"not_picked":["Anger","Burning Pact","Twin Strike"],"picked":"SKIP","floor":21.0},{"not_picked":["Twin Strike","Anger"],"picked":"Metallicize","floor":24.0},{"not_picked":["Pommel Strike","Flex","Hemokinesis"],"picked":"SKIP","floor":27.0},{"not_picked":["Wild Strike+1","Intimidate","Reckless Charge"],"picked":"SKIP","floor":30.0},{"not_picked":["Clash","Sentinel","Twin Strike"],"picked":"SKIP","floor":31.0},{"not_picked":["Double Tap","Bludgeon"],"picked":"Limit Break","floor":33.0},{"not_picked":["Sword Boomerang+1","Hemokinesis","Havoc"],"picked":"SKIP","floor":35.0},{"not_picked":["Thunderclap","Entrench","Second Wind"],"picked":"SKIP","floor":38.0},{"not_picked":["Exhume","Cleave","Juggernaut"],"picked":"SKIP","floor":40.0},{"not_picked":["Havoc","Rage+1","Wild Strike"],"picked":"SKIP","floor":42.0},{"not_picked":["Wild Strike","Flex"],"picked":"Shockwave","floor":46},{"not_picked":["Flex","Sword Boomerang+1"],"picked":"Entrench+1","floor":47},{"not_picked":["Warcry+1","Sever Soul+1","Rampage","Clash+1"],"picked":"SKIP","floor":48}],"player_experience":1314307,"relics_obtained":[{"floor":6.0,"key":"Blood Vial"},{"floor":9.0,"key":"Pantograph"},{"floor":11.0,"key":"Bottled Tornado"},{"floor":13.0,"key":"Odd Mushroom"},{"floor":24.0,"key":"Bird Faced Urn"},{"floor":24.0,"key":"Gremlin Horn"},{"floor":26.0,"key":"Thread and Needle"},{"floor":27.0,"key":"Anchor"},{"floor":27.0,"key":"Bag of Marbles"},{"floor":40.0,"key":"Centennial Puzzle"},{"floor":40.0,"key":"Sundial"},{"floor":42.0,"key":"Turnip"},{"floor":42.0,"key":"Nunchaku"},{"floor":43.0,"key":"Mango"},{"floor":44,"key":"Calipers"},{"floor":47,"key":"Question Card"},{"floor":47,"key":"Meat on the Bone"}],"event_choices":[{"damage_healed":0.0,"max_hp_gain":0.0,"max_hp_loss":0.0,"gold_gain":65.0,"event_name":"Golden Wing","player_choice":"Gained Gold","floor":3.0,"gold_loss":0.0,"damage_taken":0.0},{"damage_healed":0.0,"max_hp_gain":0.0,"max_hp_loss":0.0,"gold_gain":0.0,"event_name":"Shining Light","player_choice":"Entered Light","floor":4.0,"gold_loss":0.0,"damage_taken":18.0,"cards_upgraded":["Strike_R","Cleave"]},{"damage_healed":0.0,"max_hp_gain":0.0,"max_hp_loss":0.0,"gold_gain":0.0,"event_name":"Living Wall","player_choice":"Grow","floor":12.0,"gold_loss":0.0,"damage_taken":0.0,"cards_upgraded":["Searing Blow"]},{"damage_healed":0.0,"max_hp_gain":0.0,"max_hp_loss":0.0,"gold_gain":0.0,"event_name":"Mushrooms","player_choice":"Fought Mushrooms","floor":13.0,"gold_loss":0.0,"damage_taken":0.0},{"damage_healed":0.0,"max_hp_gain":0.0,"max_hp_loss":0.0,"gold_gain":180.0,"event_name":"Knowing Skull","player_choice":"GOLD GOLD ","floor":22.0,"potions_obtained":[],"gold_loss":0.0,"damage_taken":24.0,"cards_obtained":[]},{"damage_healed":0.0,"max_hp_gain":0.0,"max_hp_loss":0.0,"gold_gain":0.0,"event_name":"WeMeetAgain","player_choice":"Gave Potion","floor":29.0,"gold_loss":0.0,"damage_taken":0.0,"relics_obtained":["Dodecahedron"]},{"damage_healed":0.0,"max_hp_gain":0.0,"max_hp_loss":0.0,"gold_gain":0.0,"event_name":"SensoryStone","player_choice":"Memory 1","floor":36.0,"gold_loss":0.0,"damage_taken":0.0},{"damage_healed":0.0,"max_hp_gain":0.0,"max_hp_loss":0.0,"gold_gain":0.0,"event_name":"Winding Halls","player_choice":"Embrace Madness","floor":37.0,"gold_loss":0.0,"damage_taken":12.0,"cards_obtained":["Madness","Madness"]},{"damage_healed":0,"gold_gain":0,"player_choice":"Fight","damage_taken":0,"max_hp_gain":0,"max_hp_loss":0,"event_name":"MindBloom","floor":44,"gold_loss":0},{"damage_healed":0,"gold_gain":0,"player_choice":"Paid","damage_taken":0,"relics_obtained":["Red Mask"],"max_hp_gain":0,"max_hp_loss":0,"event_name":"Tomb of Lord Red Mask","floor":45,"gold_loss":239}],"is_beta":false,"boss_relics":[{"not_picked":["Runic Pyramid","Cursed Key"],"picked":"Black Star"},{"not_picked":["Runic Cube","Snecko Eye"],"picked":"Velvet Choker"}],"items_purged_floors":[20,39],"is_endless":false,"potions_floor_spawned":[6,11,13,14,18,19,21,31,35,38,47],"killed_by":"Time Eater","ascension_level":13}