{"gold_per_floor":[114,114,133,153,173,201,201,201,249,249,275,287,305,335,335,433,433,452,142,153,153,153,153,186,203,203,203,220,220,236,236,236,341,341,359,281,294,147,247,261,288,305,305,305,305,319,319,333,333,333],"floor_reached":51,"playtime":3859,"items_purged":[],"score":802,"play_id":"18f07a08-e5ed-4896-a7fe-f1f3891fe182","local_time":"20190405201909","is_ascension_mode":true,"campfire_choices":[{"data":"Streamline","floor":7,"key":"SMITH"},{"data":"Zap","floor":10,"key":"SMITH"},{"data":"Creative AI","floor":15,"key":"SMITH"},{"data":"Rainbow","floor":23,"key":"SMITH"},{"floor":29,"key":"REST"},{"floor":32,"key":"REST"},{"floor":44,"key":"REST"},{"floor":47,"key":"REST"},{"data":"Defragment","floor":49,"key":"SMITH"}],"neow_cost":"PERCENT_DAMAGE","seed_source_timestamp":2160303353447256,"circlet_count":0,"master_deck":["Strike_B+1","Defend_B+1","Defend_B+1","Zap+1","Dualcast","Cold Snap+1","Streamline+1","Creative AI+1","Steam","Glacier","Rainbow+1","FTL","Flash of Steel","Amplify","Go for the Eyes","Genetic Algorithm+1","Echo Form","Defragment+1","Redo+1","Seek","Electrodynamics"],"relics":["Cracked Core","Sundial","Oddly Smooth Stone","Boot","Empty Cage","Blood Vial","Nloth\u0027s Gift","Regal Pillow","Darkstone Periapt","MutagenicStrength","Sozu","Lantern","Ancient Tea Set","Toxic Egg 2"],"potions_floor_usage":[6,11,24,33,33,33],"damage_taken":[{"damage":3,"enemies":"Jaw Worm","floor":1,"turns":3},{"damage":1,"enemies":"2 Louse","floor":3,"turns":2},{"damage":0,"enemies":"Cultist","floor":4,"turns":3},{"damage":11,"enemies":"Exordium Wildlife","floor":5,"turns":4},{"damage":7,"enemies":"3 Sentries","floor":6,"turns":7},{"damage":12,"enemies":"Lagavulin","floor":11,"turns":5},{"damage":1,"enemies":"Exordium Thugs","floor":12,"turns":3},{"damage":0,"enemies":"Looter","floor":13,"turns":2},{"damage":3,"enemies":"3 Sentries","floor":14,"turns":8},{"damage":27,"enemies":"Hexaghost","floor":16,"turns":13},{"damage":2,"enemies":"3 Byrds","floor":18,"turns":5},{"damage":0,"enemies":"Spheric Guardian","floor":20,"turns":4},{"damage":56,"enemies":"Gremlin Leader","floor":24,"turns":7},{"damage":16,"enemies":"Shelled Parasite and Fungi","floor":25,"turns":7},{"damage":4,"enemies":"Centurion and Healer","floor":28,"turns":7},{"damage":25,"enemies":"3 Cultists","floor":30,"turns":4},{"damage":22,"enemies":"Collector","floor":33,"turns":9},{"damage":0,"enemies":"Orb Walker","floor":35,"turns":4},{"damage":0,"enemies":"3 Shapes","floor":37,"turns":5},{"damage":26,"enemies":"Sphere and 2 Shapes","floor":40,"turns":7},{"damage":31,"enemies":"Nemesis","floor":41,"turns":5},{"damage":12,"enemies":"Maw","floor":42,"turns":8},{"damage":4,"enemies":"3 Darklings","floor":46,"turns":7},{"damage":8,"enemies":"Writhing Mass","floor":48,"turns":5},{"damage":47,"enemies":"Donu and Deca","floor":50,"turns":7}],"seed_played":"7414574240066407345","potions_obtained":[{"floor":3,"key":"EssenceOfSteel"},{"floor":6,"key":"Poison Potion"},{"floor":11,"key":"LiquidBronze"},{"floor":18,"key":"Regen Potion"},{"floor":20,"key":"LiquidBronze"},{"floor":28,"key":"FocusPotion"}],"is_trial":false,"path_per_floor":["M","?","M","M","M","E","R","?","T","R","E","M","M","E","R","B",null,"M","$","M","?","?","R","E","M","T","?","M","R","M","?","R","B",null,"M","$","M","$","?","M","E","M","T","R","?","M","R","M","R","B",null],"character_chosen":"DEFECT","items_purchased":["Blood Vial","FTL","Flash of Steel","Defragment","Lantern"],"campfire_rested":4,"item_purchase_floors":[19,19,19,36,38],"current_hp_per_floor":[51,36,35,35,24,17,17,75,75,75,63,62,62,59,59,32,75,73,73,75,75,75,75,31,17,17,17,15,52,29,29,66,46,75,75,75,75,75,75,49,20,10,10,47,40,38,75,67,67,22],"gold":333,"neow_bonus":"REMOVE_TWO","is_prod":false,"is_daily":false,"chose_seed":false,"campfire_upgraded":5,"win_rate":0,"timestamp":1554491949,"path_taken":["M","?","M","M","M","E","R","?","T","R","E","M","M","E","R","BOSS","M","$","M","?","?","R","E","?","T","?","M","R","M","?","R","BOSS","M","$","M","$","?","?","E","M","T","R","?","M","R","M","R","BOSS"],"build_version":"2019-01-23","purchased_purges":0,"victory":true,"max_hp_per_floor":[75,75,75,75,75,75,75,75,75,75,75,75,75,75,75,75,75,75,75,75,75,75,75,75,75,75,75,75,75,75,75,75,75,75,75,75,75,75,75,75,75,75,75,75,75,75,75,75,75,75],"card_choices":[{"not_picked":["Turbo","Go for the Eyes"],"picked":"Cold Snap","floor":1},{"not_picked":["Barrage","Reinforced Body","Compile Driver"],"picked":"SKIP","floor":3},{"not_picked":["Recycle","Doom and Gloom"],"picked":"Streamline","floor":4},{"not_picked":["Turbo","Doom and Gloom","Rebound"],"picked":"SKIP","floor":5},{"not_picked":["Coolheaded","Sweeping Beam"],"picked":"Glacier","floor":6},{"not_picked":["Compile Driver","Cold Snap"],"picked":"Creative AI","floor":11},{"not_picked":["Ball Lightning","Cold Snap"],"picked":"Steam","floor":12},{"not_picked":["Ball Lightning","Cold Snap"],"picked":"Glacier","floor":13},{"not_picked":["Melter","Hologram","Coolheaded"],"picked":"SKIP","floor":14},{"not_picked":["Multi-Cast","Fission"],"picked":"Rainbow","floor":16},{"not_picked":["Conserve Battery","Ball Lightning+1","Static Discharge+1"],"picked":"SKIP","floor":18},{"not_picked":["Hologram","Conserve Battery","Compile Driver"],"picked":"SKIP","floor":20},{"not_picked":["Stack","Compile Driver"],"picked":"Amplify","floor":24},{"not_picked":["Undo","Static Discharge","Cold Snap"],"picked":"SKIP","floor":25},{"not_picked":["Ball Lightning","Turbo"],"picked":"Go for the Eyes","floor":28},{"not_picked":["Static Discharge","Go for the Eyes"],"picked":"Genetic Algorithm+1","floor":30},{"not_picked":["Biased Cognition","Thunder Strike"],"picked":"Echo Form","floor":33},{"not_picked":["Gash+1","Aggregate","Loop"],"picked":"SKIP","floor":35},{"not_picked":["Coolheaded","Rebound+1"],"picked":"Redo+1","floor":37},{"not_picked":["Recycle","Consume+1","Undo+1"],"picked":"SKIP","floor":40},{"not_picked":["Chaos","Go for the Eyes+1","Gash+1"],"picked":"SKIP","floor":41},{"not_picked":["Self Repair+1","Blizzard+1"],"picked":"Seek","floor":42},{"not_picked":["Compile Driver","Turbo+1"],"picked":"Electrodynamics","floor":46},{"not_picked":["Barrage","Rebound+1","Beam Cell"],"picked":"SKIP","floor":48}],"player_experience":1709189,"relics_obtained":[{"floor":6,"key":"Sundial"},{"floor":9,"key":"Oddly Smooth Stone"},{"floor":11,"key":"War Paint"},{"floor":14,"key":"Boot"},{"floor":24,"key":"Regal Pillow"},{"floor":26,"key":"Darkstone Periapt"},{"floor":41,"key":"Ancient Tea Set"},{"floor":43,"key":"Toxic Egg 2"}],"event_choices":[{"damage_healed":0,"gold_gain":0,"player_choice":"Entered Light","damage_taken":15,"max_hp_gain":0,"max_hp_loss":0,"event_name":"Shining Light","floor":2,"gold_loss":0,"cards_upgraded":["Strike_B","Cold Snap"]},{"cards_removed":["Glacier"],"damage_healed":58,"gold_gain":0,"player_choice":"Offered Uncommon","damage_taken":0,"max_hp_gain":0,"max_hp_loss":0,"event_name":"Bonfire Elementals","floor":8,"gold_loss":0},{"damage_healed":0,"gold_gain":0,"player_choice":"Ignored","damage_taken":0,"max_hp_gain":0,"max_hp_loss":0,"event_name":"Ghosts","floor":21,"gold_loss":0},{"damage_healed":0,"gold_gain":0,"player_choice":"Traded Relic","damage_taken":0,"relics_obtained":["Nloth\u0027s Gift"],"max_hp_gain":0,"max_hp_loss":0,"event_name":"N\u0027loth","floor":22,"relics_lost":["War Paint"],"gold_loss":0},{"damage_healed":0,"gold_gain":0,"player_choice":"Inject Mutagens","damage_taken":0,"relics_obtained":["MutagenicStrength"],"max_hp_gain":0,"max_hp_loss":0,"event_name":"Drug Dealer","floor":27,"gold_loss":0},{"cards_removed":["Defend_B"],"damage_healed":0,"gold_gain":0,"player_choice":"Elegance","damage_taken":0,"max_hp_gain":0,"max_hp_loss":0,"event_name":"Back to Basics","floor":31,"gold_loss":0},{"damage_healed":0,"gold_gain":100,"player_choice":"Pray","damage_taken":0,"max_hp_gain":0,"max_hp_loss":0,"event_name":"Golden Shrine","floor":39,"gold_loss":0},{"damage_healed":0,"gold_gain":0,"player_choice":"Damaged","damage_taken":7,"max_hp_gain":0,"max_hp_loss":0,"event_name":"Wheel of Change","floor":45,"gold_loss":0}],"is_beta":false,"boss_relics":[{"not_picked":["Fusion Hammer","Busted Crown"],"picked":"Empty Cage"},{"not_picked":["Lizard Tail","Pandora\u0027s Box"],"picked":"Sozu"}],"items_purged_floors":[],"is_endless":false,"potions_floor_spawned":[3,6,11,18,20,28,30,40,42,46],"ascension_level":1}