{"gold_per_floor":[116,66,13,13,13,13,38,38,38,65,81,81],"floor_reached":12,"playtime":427,"items_purged":[],"score":126,"play_id":"bc6d8707-9224-4e7f-a3fe-5765938a542c","local_time":"20190510222040","is_ascension_mode":true,"campfire_choices":[{"data":"Doppelganger","floor":6,"key":"SMITH"},{"data":"Dagger Spray","floor":8,"key":"SMITH"}],"neow_cost":"NONE","seed_source_timestamp":613851357424700,"circlet_count":0,"master_deck":["AscendersBane","Defend_G","Defend_G","Defend_G","Defend_G","Strike_G","Strike_G","Strike_G","Strike_G","Survivor","Neutralize","Backflip","Dagger Spray+1","Doppelganger+1","Acrobatics","Dodge and Roll","Cloak And Dagger"],"relics":["Ring of the Snake","Gremlin Horn","Kunai","Omamori"],"potions_floor_usage":[10],"damage_taken":[{"damage":0,"enemies":"2 Louse","floor":1,"turns":3},{"damage":31,"enemies":"3 Sentries","floor":7,"turns":11},{"damage":25,"enemies":"Gremlin Nob","floor":10,"turns":4},{"damage":0,"enemies":"Small Slimes","floor":11,"turns":3},{"damage":15,"enemies":"Lagavulin","floor":12,"turns":2}],"seed_played":"-7831392986453012809","potions_obtained":[{"floor":7,"key":"AttackPotion"},{"floor":10,"key":"Fire Potion"}],"is_trial":false,"path_per_floor":["M","?","$","?","?","R","E","R","T","E","M","E"],"character_chosen":"THE_SILENT","items_purchased":["Dagger Spray"],"campfire_rested":0,"item_purchase_floors":[3],"current_hp_per_floor":[63,63,63,68,68,68,37,37,37,12,12,0],"gold":81,"neow_bonus":"THREE_CARDS","is_prod":false,"is_daily":false,"chose_seed":false,"campfire_upgraded":2,"win_rate":0,"timestamp":1557552040,"path_taken":["M","?","$","?","?","R","E","R","T","E","?","E"],"build_version":"2019-01-23","purchased_purges":0,"victory":false,"max_hp_per_floor":[70,70,70,75,75,75,75,75,75,75,75,75],"card_choices":[{"not_picked":["Accuracy","Dodge and Roll"],"picked":"Backflip","floor":0},{"not_picked":["Underhanded Strike","Quick Slash","Acrobatics"],"picked":"SKIP","floor":1},{"not_picked":["Prepared","Underhanded Strike"],"picked":"Acrobatics","floor":7},{"not_picked":["Footwork","Finisher"],"picked":"Dodge and Roll","floor":10},{"not_picked":["Choke","Crippling Poison"],"picked":"Cloak And Dagger","floor":11}],"player_experience":1339803,"relics_obtained":[{"floor":7,"key":"Gremlin Horn"},{"floor":9,"key":"Kunai"},{"floor":10,"key":"Omamori"}],"event_choices":[{"cards_removed":["Strike_G"],"damage_healed":0,"gold_gain":0,"player_choice":"Card Removal","damage_taken":0,"max_hp_gain":0,"max_hp_loss":0,"event_name":"The Cleric","floor":2,"gold_loss":50},{"damage_healed":0,"gold_gain":0,"player_choice":"Donut","damage_taken":0,"max_hp_gain":5,"max_hp_loss":0,"event_name":"Big Fish","floor":4,"gold_loss":0},{"damage_healed":0,"gold_gain":0,"cards_transformed":["Defend_G"],"player_choice":"Transformed","damage_taken":0,"max_hp_gain":0,"max_hp_loss":0,"event_name":"Transmorgrifier","floor":5,"gold_loss":0,"cards_obtained":["Doppelganger"]}],"is_beta":false,"boss_relics":[],"items_purged_floors":[],"is_endless":false,"potions_floor_spawned":[7,10],"killed_by":"Lagavulin","ascension_level":10}