{"gold_per_floor":[117,117,137,137,62,62,62,74,113,165,196,208],"floor_reached":12,"playtime":259,"items_purged":["Strike_R"],"score":125,"play_id":"06d62cd2-35f9-4240-816b-a9f4432e0f55","local_time":"20190505083442","is_ascension_mode":true,"campfire_choices":[{"data":"Bash","floor":6,"key":"SMITH"},{"floor":8,"key":"REST"}],"neow_cost":"NONE","seed_source_timestamp":132453035309100,"circlet_count":0,"master_deck":["AscendersBane","Strike_R","Strike_R","Strike_R","Strike_R","Defend_R","Defend_R","Defend_R","Defend_R","Bash+1","Shrug It Off","Iron Wave","Heavy Blade"],"relics":["Burning Blood","Golden Idol","Gambling Chip","MawBank","Anchor","Dodecahedron"],"potions_floor_usage":[10],"damage_taken":[{"damage":15,"enemies":"Cultist","floor":1,"turns":5},{"damage":7,"enemies":"Small Slimes","floor":3,"turns":3},{"damage":28,"enemies":"Gremlin Nob","floor":10,"turns":5},{"damage":2,"enemies":"2 Louse","floor":11,"turns":3},{"damage":58,"enemies":"Lagavulin","floor":12,"turns":6}],"seed_played":"8541089282771398503","potions_obtained":[{"floor":1,"key":"Weak Potion"},{"floor":3,"key":"Dexterity Potion"}],"is_trial":false,"path_per_floor":["M","?","M","?","$","R","?","R","T","E","M","E"],"character_chosen":"IRONCLAD","items_purchased":[],"campfire_rested":1,"item_purchase_floors":[],"current_hp_per_floor":[71,49,48,36,36,36,36,62,62,40,44,0],"gold":208,"neow_bonus":"TEN_PERCENT_HP_BONUS","is_prod":false,"is_daily":false,"chose_seed":false,"campfire_upgraded":1,"win_rate":0,"timestamp":1557070482,"path_taken":["M","?","M","?","$","R","?","R","T","E","?","E"],"build_version":"2019-01-23","purchased_purges":1,"victory":false,"max_hp_per_floor":[88,88,88,88,88,88,88,88,88,88,88,88],"card_choices":[{"not_picked":["Feel No Pain","Rage","Perfected Strike"],"picked":"SKIP","floor":1},{"not_picked":["Havoc","Fire Breathing"],"picked":"Shrug It Off","floor":3},{"not_picked":["Shrug It Off","Hemokinesis"],"picked":"Iron Wave","floor":10},{"not_picked":["Dual Wield","Inflame"],"picked":"Heavy Blade","floor":11}],"player_experience":1326558,"relics_obtained":[{"floor":9,"key":"Anchor"},{"floor":10,"key":"Dodecahedron"}],"event_choices":[{"damage_healed":0,"gold_gain":0,"player_choice":"Take Damage","damage_taken":22,"relics_obtained":["Golden Idol"],"max_hp_gain":0,"max_hp_loss":0,"event_name":"Golden Idol","floor":2,"gold_loss":0},{"damage_healed":0,"gold_gain":0,"player_choice":"Success","damage_taken":12,"relics_obtained":["Gambling Chip"],"max_hp_gain":0,"max_hp_loss":0,"event_name":"Scrap Ooze","floor":4,"gold_loss":0},{"damage_healed":0,"gold_gain":0,"player_choice":"Gave Potion","damage_taken":0,"relics_obtained":["MawBank"],"max_hp_gain":0,"max_hp_loss":0,"event_name":"WeMeetAgain","floor":7,"gold_loss":0}],"is_beta":false,"boss_relics":[],"items_purged_floors":[5],"is_endless":false,"potions_floor_spawned":[1,3],"killed_by":"Lagavulin","ascension_level":13}