{"gold_per_floor":[109,184,184,198,45,45,86,86,86,56,81,100,100,100,100,196,196,211,232,157,7,7,47,47,68,138,161,161,11,42,57,57,57],"floor_reached":33,"playtime":1266,"items_purged":["Strike_R"],"score":481,"play_id":"691d31a8-16a4-41ca-b517-b510a7e9adc4","local_time":"20190707151541","is_ascension_mode":true,"campfire_choices":[{"floor":6,"key":"REST"},{"floor":8,"key":"REST"},{"data":"Armaments","floor":15,"key":"SMITH"},{"floor":24,"key":"REST"},{"data":"Metallicize","floor":28,"key":"SMITH"},{"floor":32,"key":"REST"}],"neow_cost":"NONE","seed_source_timestamp":367872600790900,"circlet_count":0,"master_deck":["AscendersBane","Strike_R+1","Strike_R+1","Strike_R","Defend_R","Defend_R","Defend_R","Defend_R","Bash","Cleave","Iron Wave","Spot Weakness","Uppercut","Armaments+1","Juggernaut","Pommel Strike","Metallicize+1","Flame Barrier"],"relics":["Burning Blood","Golden Idol","Vajra","Pen Nib","Bird Faced Urn","Busted Crown","Omamori","Blood Vial","Centennial Puzzle"],"potions_floor_usage":[12,12,16,23,23,27,30],"damage_taken":[{"damage":1,"enemies":"Cultist","floor":1,"turns":4},{"damage":6,"enemies":"Jaw Worm","floor":4,"turns":5},{"damage":66,"enemies":"Lagavulin","floor":7,"turns":8},{"damage":0,"enemies":"2 Louse","floor":11,"turns":3},{"damage":12,"enemies":"Exordium Thugs","floor":12,"turns":3},{"damage":15,"enemies":"The Guardian","floor":16,"turns":12},{"damage":19,"enemies":"Shell Parasite","floor":18,"turns":4},{"damage":22,"enemies":"Spheric Guardian","floor":19,"turns":4},{"damage":34,"enemies":"Gremlin Leader","floor":23,"turns":6},{"damage":17,"enemies":"Cultist and Chosen","floor":25,"turns":5},{"damage":21,"enemies":"Snake Plant","floor":27,"turns":5},{"damage":26,"enemies":"Slavers","floor":30,"turns":5},{"damage":1,"enemies":"Snecko","floor":31,"turns":4},{"damage":69,"enemies":"Collector","floor":33,"turns":7}],"seed_played":"-7252973466107119806","potions_obtained":[{"floor":10,"key":"Energy Potion"},{"floor":10,"key":"BloodPotion"},{"floor":12,"key":"Regen Potion"},{"floor":22,"key":"AttackPotion"},{"floor":22,"key":"AttackPotion"},{"floor":23,"key":"Block Potion"},{"floor":27,"key":"Energy Potion"}],"is_trial":false,"path_per_floor":["M","?","?","M","$","R","E","R","T","?","M","M","?","?","R","B",null,"M","M","?","$","?","E","R","M","T","M","R","$","E","M","R","B"],"character_chosen":"IRONCLAD","items_purchased":["Vajra","Metallicize","Blood Vial"],"campfire_rested":4,"item_purchase_floors":[5,21,29],"current_hp_per_floor":[80,69,49,49,49,73,13,37,37,37,43,57,62,45,45,51,78,67,53,53,53,53,29,55,48,48,37,37,37,23,34,60,0],"gold":57,"neow_bonus":"TEN_PERCENT_HP_BONUS","is_prod":false,"is_daily":false,"chose_seed":false,"campfire_upgraded":2,"win_rate":0,"timestamp":1562537741,"path_taken":["M","?","?","M","$","R","E","R","T","?","?","M","?","?","R","BOSS","M","M","?","$","?","E","R","M","T","M","R","$","E","M","R","BOSS"],"build_version":"2019-07-05","purchased_purges":1,"victory":false,"max_hp_per_floor":[82,82,82,82,82,82,82,82,82,82,82,82,87,87,87,87,87,87,87,87,87,87,87,87,87,87,87,87,87,87,87,87,87],"card_choices":[{"not_picked":["True Grit","Thunderclap"],"picked":"Cleave","floor":1},{"not_picked":["Thunderclap","Combust"],"picked":"Iron Wave","floor":4},{"not_picked":["Corruption","Combust"],"picked":"Spot Weakness","floor":7},{"not_picked":["Combust","Clothesline"],"picked":"Uppercut","floor":11},{"not_picked":["Wild Strike","Perfected Strike"],"picked":"Armaments","floor":12},{"not_picked":["Exhume","Impervious"],"picked":"Juggernaut","floor":16},{"not_picked":[],"picked":"Pommel Strike","floor":18},{"not_picked":["Spot Weakness"],"picked":"SKIP","floor":19},{"not_picked":["Havoc"],"picked":"SKIP","floor":23},{"not_picked":["Sever Soul"],"picked":"SKIP","floor":25},{"not_picked":[],"picked":"Flame Barrier","floor":27},{"not_picked":["Perfected Strike"],"picked":"SKIP","floor":30},{"not_picked":["Rampage"],"picked":"SKIP","floor":31}],"player_experience":1373535,"relics_obtained":[{"floor":7,"key":"Pen Nib"},{"floor":9,"key":"Bird Faced Urn"},{"floor":23,"key":"Omamori"},{"floor":30,"key":"Centennial Puzzle"}],"event_choices":[{"damage_healed":0,"gold_gain":75,"player_choice":"Gather Gold","damage_taken":11,"max_hp_gain":0,"max_hp_loss":0,"event_name":"World of Goop","floor":2,"gold_loss":0},{"damage_healed":0,"gold_gain":0,"player_choice":"Take Damage","damage_taken":20,"relics_obtained":["Golden Idol"],"max_hp_gain":0,"max_hp_loss":0,"event_name":"Golden Idol","floor":3,"gold_loss":0},{"damage_healed":0,"gold_gain":0,"player_choice":"Bought 2 Potions","damage_taken":0,"max_hp_gain":0,"max_hp_loss":0,"event_name":"The Woman in Blue","floor":10,"gold_loss":0},{"damage_healed":0,"gold_gain":0,"player_choice":"Donut","damage_taken":0,"max_hp_gain":5,"max_hp_loss":0,"event_name":"Big Fish","floor":13,"gold_loss":0},{"damage_healed":0,"gold_gain":0,"player_choice":"Entered Light","damage_taken":17,"max_hp_gain":0,"max_hp_loss":0,"event_name":"Shining Light","floor":14,"gold_loss":0,"cards_upgraded":["Strike_R","Strike_R"]},{"cards_removed":["Strike_R"],"damage_healed":0,"gold_gain":0,"player_choice":"Gave Gold","damage_taken":0,"max_hp_gain":0,"max_hp_loss":0,"event_name":"Beggar","floor":20,"gold_loss":75},{"damage_healed":0,"gold_gain":0,"player_choice":"Got Potions","damage_taken":0,"max_hp_gain":0,"max_hp_loss":0,"event_name":"Lab","floor":22,"gold_loss":0}],"is_beta":false,"boss_relics":[{"not_picked":["Snecko Eye","Cursed Key"],"picked":"Busted Crown"}],"items_purged_floors":[21],"is_endless":false,"potions_floor_spawned":[12,23,27],"killed_by":"Collector","ascension_level":14}