{"gold_per_floor":[111,122,23,35,35,35,35,35,35,0,21,60,60,126,126,222,222,235,256,270,90,108,108],"floor_reached":23,"playtime":1112,"items_purged":["Doubt","Injury"],"score":334,"play_id":"468713d8-6047-42c7-927d-0456b0274903","local_time":"20190308194546","is_ascension_mode":true,"campfire_choices":[{"data":"Zap","floor":6,"key":"SMITH"},{"data":"Streamline","floor":8,"key":"SMITH"},{"floor":15,"key":"REST"}],"neow_cost":"CURSE","seed_source_timestamp":1210976681428553,"circlet_count":0,"master_deck":["AscendersBane","Strike_B","Strike_B","Defend_B","Defend_B","Defend_B","Defend_B","Zap+1","Dualcast","Darkness","Core Surge","Streamline+1","Coolheaded","Leap","Coolheaded","Electrodynamics","Echo Form","Chaos"],"relics":["Cracked Core","Golden Idol","Matryoshka","Dream Catcher","Happy Flower","Bird Faced Urn","Fusion Hammer"],"potions_floor_usage":[12,16,23],"damage_taken":[{"damage":9,"enemies":"Jaw Worm","floor":1,"turns":3},{"damage":0,"enemies":"Small Slimes","floor":2,"turns":3},{"damage":6,"enemies":"2 Louse","floor":4,"turns":3},{"damage":4,"enemies":"Red Slaver","floor":11,"turns":3},{"damage":21,"enemies":"Gremlin Nob","floor":12,"turns":5},{"damage":18,"enemies":"Slime Boss","floor":16,"turns":8},{"damage":10,"enemies":"3 Byrds","floor":18,"turns":3},{"damage":15,"enemies":"Spheric Guardian","floor":19,"turns":4},{"damage":9,"enemies":"Snecko","floor":20,"turns":4},{"damage":9,"enemies":"Centurion and Healer","floor":22,"turns":5},{"damage":47,"enemies":"Slavers","floor":23,"turns":3}],"seed_played":"6105666912851207883","potions_obtained":[{"floor":2,"key":"Ancient Potion"},{"floor":11,"key":"Block Potion"},{"floor":12,"key":"PowerPotion"},{"floor":22,"key":"Block Potion"}],"is_trial":false,"path_per_floor":["M","M","$","M","?","R","$","R","T","?","M","E","T","?","R","B",null,"M","M","M","$","M","E"],"character_chosen":"DEFECT","items_purchased":["Leap","Chaos"],"campfire_rested":1,"item_purchase_floors":[3,21],"current_hp_per_floor":[55,55,55,49,49,49,49,49,49,49,45,24,24,24,45,55,67,63,50,45,45,42,0],"gold":108,"neow_bonus":"TRANSFORM_TWO_CARDS","is_prod":false,"is_daily":false,"chose_seed":false,"campfire_upgraded":2,"win_rate":0,"timestamp":1552074346,"path_taken":["M","M","$","M","?","R","$","R","T","?","M","E","?","?","R","BOSS","M","M","M","$","M","E"],"build_version":"2019-01-23","purchased_purges":2,"victory":false,"max_hp_per_floor":[71,71,71,71,71,71,71,71,71,71,71,71,71,71,71,71,71,71,71,71,71,71,71],"card_choices":[{"not_picked":["Reprogram","Aggregate"],"picked":"Streamline","floor":1},{"not_picked":["FTL","Reinforced Body"],"picked":"Coolheaded","floor":2},{"not_picked":["Rebound","Double Energy"],"picked":"Coolheaded","floor":4},{"not_picked":["Leap","Sweeping Beam","Go for the Eyes"],"picked":"SKIP","floor":11},{"not_picked":["Sunder","White Noise"],"picked":"Electrodynamics","floor":12},{"not_picked":["Electrodynamics","Seek"],"picked":"Echo Form","floor":16},{"not_picked":["Steam","Coolheaded","Sweeping Beam"],"picked":"SKIP","floor":18},{"not_picked":["Beam Cell","Turbo","Steam"],"picked":"SKIP","floor":19},{"not_picked":["Barrage","Rebound","Fission"],"picked":"SKIP","floor":20},{"not_picked":["Turbo","Conserve Battery","Rebound"],"picked":"SKIP","floor":22}],"player_experience":1534531,"relics_obtained":[{"floor":9,"key":"Matryoshka"},{"floor":12,"key":"Dream Catcher"},{"floor":13,"key":"Happy Flower"},{"floor":13,"key":"Bird Faced Urn"}],"event_choices":[{"damage_healed":0,"gold_gain":0,"player_choice":"Take Wound","damage_taken":0,"relics_obtained":["Golden Idol"],"max_hp_gain":0,"max_hp_loss":0,"event_name":"Golden Idol","floor":5,"gold_loss":0,"cards_obtained":["Injury"]},{"damage_healed":0,"gold_gain":0,"player_choice":"Left Gold","damage_taken":0,"max_hp_gain":0,"max_hp_loss":0,"event_name":"World of Goop","floor":10,"gold_loss":35},{"damage_healed":0,"gold_gain":66,"player_choice":"Gained Gold","damage_taken":0,"max_hp_gain":0,"max_hp_loss":0,"event_name":"Golden Wing","floor":14,"gold_loss":0}],"is_beta":false,"boss_relics":[{"not_picked":["Coffee Dripper","FrozenCore"],"picked":"Fusion Hammer"}],"items_purged_floors":[3,21],"is_endless":false,"potions_floor_spawned":[2,11,12,22],"killed_by":"Slavers","ascension_level":15}