{"gold_per_floor":[115,126,146,146,165,185,185,185,185,185,196,211,104,115,115,214,214,181,199,212,228,238,238,249,249,249,274,373,373,373,384,384,484,484,500,251,251,251,270,270,270,270,270,270,290,307,307,317,317,317],"floor_reached":51,"playtime":4229,"items_purged":[],"score":640,"play_id":"08e44883-6e68-4271-a2e6-90eadf84d356","local_time":"20190528015518","is_ascension_mode":false,"campfire_choices":[{"floor":7,"key":"REST"},{"floor":15,"key":"REST"},{"floor":23,"key":"REST"},{"floor":25,"key":"REST"},{"floor":29,"key":"REST"},{"floor":32,"key":"REST"},{"floor":40,"key":"REST"},{"floor":42,"key":"REST"},{"floor":44,"key":"REST"},{"floor":47,"key":"REST"},{"floor":49,"key":"REST"}],"neow_cost":"NONE","seed_source_timestamp":605392458208300,"circlet_count":0,"master_deck":["Strike_B","Strike_B+1","Strike_B","Defend_B","Defend_B","Zap","Dualcast","Hyperbeam","Redo","Electrodynamics+1","Loop","Compile Driver","Self Repair","Double Energy+1","Steam+1","Leap+1","Conserve Battery+1","Amplify+1","Sweeping Beam+1","Stack+1","Redo+1","Beam Cell","Capacitor+1","Defragment","Tempest+1","Steam+1","Skim+1","Undo+1","Sweeping Beam","Leap+1","Echo Form","Doom and Gloom","Apotheosis+1","Defragment","Secret Weapon+1","Static Discharge+1","Turbo+1","Rip and Tear+1","Conserve Battery+1","Lockon","Tempest+1","Go for the Eyes+1","Buffer","White Noise+1"],"relics":["FrozenCore","Toxic Egg 2","Dream Catcher","Bottled Lightning","Inserter","Omamori"],"potions_floor_usage":[24,31,50,50,50],"damage_taken":[{"damage":0,"enemies":"Cultist","floor":1,"turns":2},{"damage":7,"enemies":"Small Slimes","floor":2,"turns":2},{"damage":13,"enemies":"Jaw Worm","floor":3,"turns":3},{"damage":8,"enemies":"Red Slaver","floor":5,"turns":3},{"damage":0,"enemies":"3 Louse","floor":6,"turns":1},{"damage":5,"enemies":"Looter","floor":11,"turns":2},{"damage":7,"enemies":"Blue Slaver","floor":12,"turns":3},{"damage":0,"enemies":"3 Louse","floor":14,"turns":1},{"damage":30,"enemies":"The Guardian","floor":16,"turns":12},{"damage":15,"enemies":"2 Thieves","floor":18,"turns":5},{"damage":21,"enemies":"Shell Parasite","floor":19,"turns":7},{"damage":14,"enemies":"Cultist and Chosen","floor":20,"turns":7},{"damage":24,"enemies":"Snecko","floor":21,"turns":7},{"damage":21,"enemies":"Snake Plant","floor":22,"turns":3},{"damage":18,"enemies":"Centurion and Healer","floor":24,"turns":8},{"damage":33,"enemies":"Gremlin Leader","floor":27,"turns":6},{"damage":7,"enemies":"Cultist and Chosen","floor":31,"turns":6},{"damage":37,"enemies":"Collector","floor":33,"turns":12},{"damage":28,"enemies":"Orb Walker","floor":35,"turns":4},{"damage":24,"enemies":"3 Shapes","floor":39,"turns":6},{"damage":26,"enemies":"Maw","floor":45,"turns":7},{"damage":24,"enemies":"Writhing Mass","floor":46,"turns":7},{"damage":31,"enemies":"Transient","floor":48,"turns":5},{"damage":24,"enemies":"Donu and Deca","floor":50,"turns":9}],"seed_played":"-5565890973051738320","potions_obtained":[{"floor":1,"key":"SpeedPotion"},{"floor":6,"key":"Dexterity Potion"},{"floor":12,"key":"SteroidPotion"},{"floor":16,"key":"FearPotion"},{"floor":18,"key":"Explosive Potion"},{"floor":22,"key":"EssenceOfSteel"},{"floor":24,"key":"Explosive Potion"},{"floor":31,"key":"FearPotion"},{"floor":38,"key":"Block Potion"},{"floor":45,"key":"PowerPotion"}],"is_trial":false,"path_per_floor":["M","M","M","?","M","M","R","?","T","?","M","M","$","M","R","B",null,"M","M","M","M","M","R","M","R","T","E","?","R","?","M","R","B",null,"M","$","?","?","M","R","?","R","T","R","M","M","R","M","R","B",null],"character_chosen":"DEFECT","items_purchased":["Steam+1","Leap+1","Apotheosis+1","Defragment"],"campfire_rested":11,"item_purchase_floors":[13,13,36,36],"current_hp_per_floor":[75,68,55,55,47,47,69,54,54,54,49,49,49,49,71,48,75,67,53,46,29,8,30,26,48,48,22,22,44,44,37,59,22,75,47,47,47,47,23,45,45,67,67,75,49,35,57,26,48,24],"gold":317,"neow_bonus":"ONE_RANDOM_RARE_CARD","is_prod":false,"is_daily":false,"chose_seed":false,"campfire_upgraded":0,"win_rate":0,"timestamp":1559004918,"path_taken":["M","M","M","?","?","M","R","?","T","?","M","?","?","?","R","BOSS","M","M","M","M","M","R","M","R","T","E","?","R","?","M","R","BOSS","M","$","?","?","?","R","?","R","T","R","M","M","R","M","R","BOSS"],"build_version":"2019-01-23","purchased_purges":0,"victory":true,"max_hp_per_floor":[75,75,75,75,75,75,75,75,75,75,75,75,75,75,75,75,75,75,75,75,75,75,75,75,75,75,75,75,75,75,75,75,75,75,75,75,75,75,75,75,75,75,75,75,75,75,75,75,75,75],"card_choices":[{"not_picked":["Steam","Compile Driver"],"picked":"Hello World","floor":1},{"not_picked":["Barrage","Compile Driver"],"picked":"Redo","floor":2},{"not_picked":["Sunder","Conserve Battery"],"picked":"Electrodynamics","floor":3},{"not_picked":["Consume","Ball Lightning"],"picked":"Loop","floor":5},{"not_picked":["Stack","Hello World"],"picked":"Compile Driver","floor":6},{"not_picked":["Steam Power+1","Seek+1"],"picked":"Self Repair","floor":11},{"not_picked":["Static Discharge","Rebound"],"picked":"Double Energy+1","floor":12},{"not_picked":["Ball Lightning","Steam Power+1"],"picked":"Conserve Battery+1","floor":14},{"not_picked":["Reboot+1","Thunder Strike"],"picked":"Amplify+1","floor":16},{"not_picked":["Stack+1","Conserve Battery+1"],"picked":"Sweeping Beam+1","floor":18},{"not_picked":["Steam Power+1","Double Energy+1"],"picked":"Stack+1","floor":19},{"not_picked":["Cold Snap","FTL"],"picked":"Redo+1","floor":20},{"not_picked":["Leap+1","Double Energy+1"],"picked":"Beam Cell","floor":21},{"not_picked":["Scrape","Compile Driver+1"],"picked":"Capacitor+1","floor":22},{"not_picked":["Darkness+1","Streamline+1"],"picked":"Defragment","floor":24},{"not_picked":["Stack+1","Consume+1"],"picked":"Tempest+1","floor":27},{"not_picked":["Melter","Hyperbeam"],"picked":"Steam+1","floor":29},{"not_picked":["Coolheaded+1","Blizzard"],"picked":"Sweeping Beam","floor":31},{"not_picked":["Hologram+1","Undo+1"],"picked":"Leap+1","floor":32},{"not_picked":["Hyperbeam","Biased Cognition"],"picked":"Echo Form","floor":33},{"not_picked":["Hologram+1","Gash"],"picked":"Doom and Gloom","floor":35},{"not_picked":["Violence+1","Magnetism"],"picked":"Secret Weapon+1","floor":37},{"not_picked":["Coolheaded+1","FTL"],"picked":"Static Discharge+1","floor":39},{"not_picked":["Ball Lightning","Undo+1"],"picked":"Turbo+1","floor":40},{"not_picked":["Turbo+1","Stack+1"],"picked":"Rip and Tear+1","floor":42},{"not_picked":["Scrape+1","BootSequence+1"],"picked":"Conserve Battery+1","floor":44},{"not_picked":["Rebound+1","Sweeping Beam"],"picked":"Lockon","floor":45},{"not_picked":["Auto Shields+1","Rebound+1"],"picked":"Tempest+1","floor":46},{"not_picked":["Loop","Leap+1"],"picked":"Go for the Eyes+1","floor":47},{"not_picked":["Gash","Cold Snap"],"picked":"Buffer","floor":48},{"not_picked":["Sunder+1","Gash"],"picked":"White Noise+1","floor":49}],"player_experience":280010,"relics_obtained":[{"floor":9,"key":"Toxic Egg 2"},{"floor":26,"key":"Dream Catcher"},{"floor":27,"key":"Bottled Lightning"},{"floor":43,"key":"Omamori"}],"event_choices":[{"cards_removed":["Strike_B"],"damage_healed":0,"gold_gain":0,"player_choice":"Card Removal","damage_taken":0,"max_hp_gain":0,"max_hp_loss":0,"event_name":"Wheel of Change","floor":4,"gold_loss":0},{"damage_healed":0,"gold_gain":0,"player_choice":"Entered Light","damage_taken":15,"max_hp_gain":0,"max_hp_loss":0,"event_name":"Shining Light","floor":8,"gold_loss":0,"cards_upgraded":["Strike_B","Electrodynamics"]},{"cards_removed":["Defend_B"],"damage_healed":0,"gold_gain":0,"player_choice":"Purged","damage_taken":0,"max_hp_gain":0,"max_hp_loss":0,"event_name":"Purifier","floor":10,"gold_loss":0},{"damage_healed":0,"gold_gain":99,"player_choice":"Stole From Cult","damage_taken":0,"max_hp_gain":0,"max_hp_loss":0,"event_name":"Nest","floor":28,"gold_loss":0},{"damage_healed":0,"gold_gain":0,"cards_transformed":["Defend_B","Hello World"],"player_choice":"Became Test Subject","damage_taken":0,"max_hp_gain":0,"max_hp_loss":0,"event_name":"Drug Dealer","floor":30,"gold_loss":0,"cards_obtained":["Skim","Undo"]},{"damage_healed":0,"gold_gain":0,"player_choice":"Memory 1","damage_taken":0,"max_hp_gain":0,"max_hp_loss":0,"event_name":"SensoryStone","floor":37,"gold_loss":0},{"damage_healed":0,"gold_gain":0,"player_choice":"Got Potions","damage_taken":0,"max_hp_gain":0,"max_hp_loss":0,"event_name":"Lab","floor":38,"gold_loss":0},{"damage_healed":0,"gold_gain":0,"player_choice":"Ignored","damage_taken":0,"max_hp_gain":0,"max_hp_loss":0,"event_name":"Mysterious Sphere","floor":41,"gold_loss":0}],"is_beta":false,"boss_relics":[{"not_picked":["Empty Cage","Fusion Hammer"],"picked":"FrozenCore"},{"not_picked":["Orrery","Calling Bell"],"picked":"Inserter"}],"items_purged_floors":[],"is_endless":false,"potions_floor_spawned":[1,6,12,16,18,21,22,24,27,31,45,46],"ascension_level":0}