{"gold_per_floor":[144,104,279,279,324,324,274,274,299,299,145,190,190,235,235,535,685,730,775,775,293,338,338,383,383,383,428,428],"floor_reached":28,"playtime":1595,"items_purged":[],"score":233,"play_id":"5ee5b3a1-65dc-4673-bb87-c7d070186b8e","local_time":"20190706205414","daily_mods":["Draft","Diverse","Midas"],"is_ascension_mode":false,"campfire_choices":[{"floor":6,"key":"REST"},{"floor":8,"key":"REST"},{"floor":15,"key":"REST"},{"floor":23,"key":"REST"}],"neow_cost":"","seed_source_timestamp":1184440680576500,"circlet_count":0,"master_deck":["Dagger Spray","Dual Wield+1","Finisher","BootSequence","Masterful Stab","Rampage","Rip and Tear","Quick Slash","Clothesline","Flex","Heavy Blade","Ball Lightning","Sweeping Beam","Pummel","Hologram+1","Sunder","Hyperbeam","Aggregate+1","Dagger Spray","Malaise","Go for the Eyes","Rebound","Flex+1","Master of Strategy","Heavy Blade+1","Feel No Pain","Armaments+1","Beam Cell+1"],"special_seed":18083,"relics":["Cracked Core","War Paint","Blue Candle","Tiny House","Molten Egg 2","Art of War"],"potions_floor_usage":[],"damage_taken":[{"damage":1,"enemies":"Jaw Worm","floor":1,"turns":2},{"damage":0,"enemies":"Small Slimes","floor":5,"turns":2},{"damage":0,"enemies":"2 Louse","floor":12,"turns":2},{"damage":0,"enemies":"2 Fungi Beasts","floor":14,"turns":1},{"damage":10,"enemies":"Slime Boss","floor":16,"turns":6},{"damage":15,"enemies":"2 Thieves","floor":18,"turns":4},{"damage":20,"enemies":"Shell Parasite","floor":19,"turns":5},{"damage":15,"enemies":"Snecko","floor":22,"turns":3},{"damage":29,"enemies":"Snake Plant","floor":24,"turns":5},{"damage":19,"enemies":"Shelled Parasite and Fungi","floor":27,"turns":5},{"damage":12,"enemies":"3 Cultists","floor":28,"turns":2}],"seed_played":"1011076517650017041","potions_obtained":[{"floor":1,"key":"Weak Potion"},{"floor":16,"key":"Strength Potion"},{"floor":17,"key":"Fire Potion"}],"is_trial":false,"path_per_floor":["M","$","?","?","M","R","?","R","T","T","$","M","?","M","R","B",null,"M","M","?","$","M","R","M","?","T","M","M"],"character_chosen":"DEFECT","items_purchased":["Inflame","Hyperbeam","Molten Egg 2","Master of Strategy","Heavy Blade+1"],"campfire_rested":4,"item_purchase_floors":[2,11,21,21,21],"current_hp_per_floor":[74,74,74,79,79,80,80,80,80,80,80,80,80,80,80,70,85,70,50,50,50,35,60,31,31,31,12,0],"gold":428,"neow_bonus":"","is_prod":false,"is_daily":true,"chose_seed":false,"campfire_upgraded":0,"win_rate":0.0,"timestamp":1562414054,"path_taken":["M","$","?","?","M","R","?","R","T","?","$","M","?","?","R","BOSS","M","M","?","$","M","R","M","?","T","M","M"],"build_version":"2019-07-05","purchased_purges":0,"victory":false,"max_hp_per_floor":[75,75,75,80,80,80,80,80,80,80,80,80,80,80,80,80,85,85,85,85,85,85,85,85,85,85,85,85],"card_choices":[{"not_picked":["Acrobatics","Outmaneuver"],"picked":"Heatsinks","floor":0},{"not_picked":["Reckless Charge","Perfected Strike"],"picked":"Dagger Spray","floor":0},{"not_picked":["Intimidate","Reckless Charge"],"picked":"Dual Wield","floor":0},{"not_picked":["Compile Driver","Thunderclap"],"picked":"Finisher","floor":0},{"not_picked":["Gash","Eviscerate"],"picked":"BootSequence","floor":0},{"not_picked":["Warcry","Disarm"],"picked":"Masterful Stab","floor":0},{"not_picked":["Dagger Spray","PiercingWail"],"picked":"Rampage","floor":0},{"not_picked":["Body Slam","Blade Dance"],"picked":"Rip and Tear","floor":0},{"not_picked":["Cleave","Feel No Pain"],"picked":"Quick Slash","floor":0},{"not_picked":["Steam","Turbo"],"picked":"Clothesline","floor":0},{"not_picked":["Defragment","Anger"],"picked":"Flex","floor":0},{"not_picked":["Footwork","Clothesline"],"picked":"Heavy Blade","floor":0},{"not_picked":["Disarm","Prepared"],"picked":"Ball Lightning","floor":0},{"not_picked":["Cloak And Dagger","Ball Lightning"],"picked":"Sweeping Beam","floor":0},{"not_picked":["Caltrops","Prepared"],"picked":"Pummel","floor":0},{"not_picked":["Ghostly Armor","Havoc"],"picked":"Hologram","floor":1},{"not_picked":["Bane","Force Field"],"picked":"Sunder","floor":5},{"not_picked":["Quick Slash","Flying Knee"],"picked":"Aggregate","floor":12},{"not_picked":["Seeing Red","Leg Sweep"],"picked":"Dagger Spray","floor":14},{"not_picked":["Exhume","Buffer"],"picked":"Malaise","floor":16},{"not_picked":["Underhanded Strike","Perfected Strike"],"picked":"Go for the Eyes","floor":17},{"not_picked":["Static Discharge","Disarm"],"picked":"Rebound","floor":18},{"not_picked":["Blood for Blood","Streamline+1"],"picked":"Flex+1","floor":19},{"not_picked":["Static Discharge+1","Go for the Eyes+1"],"picked":"Feel No Pain","floor":22},{"not_picked":["Spot Weakness","Quick Slash+1"],"picked":"Armaments+1","floor":24},{"not_picked":["Reboot","Dagger Throw+1"],"picked":"Beam Cell+1","floor":27}],"player_experience":13546,"relics_obtained":[{"floor":9,"key":"War Paint"},{"floor":10,"key":"Blue Candle"},{"floor":26,"key":"Art of War"}],"event_choices":[{"damage_healed":0,"gold_gain":175,"player_choice":"AGREE","damage_taken":0,"max_hp_gain":0,"max_hp_loss":0,"event_name":"Liars Game","floor":3,"gold_loss":0,"cards_obtained":["Doubt"]},{"damage_healed":0,"gold_gain":0,"player_choice":"Donut","damage_taken":0,"max_hp_gain":5,"max_hp_loss":0,"event_name":"Big Fish","floor":4,"gold_loss":0},{"cards_removed":["Doubt"],"damage_healed":0,"gold_gain":0,"player_choice":"Card Removal","damage_taken":0,"max_hp_gain":0,"max_hp_loss":0,"event_name":"The Cleric","floor":7,"gold_loss":50},{"cards_removed":["Heatsinks"],"damage_healed":0,"gold_gain":0,"player_choice":"Offered Uncommon","damage_taken":0,"max_hp_gain":0,"max_hp_loss":0,"event_name":"Bonfire Elementals","floor":13,"gold_loss":0},{"damage_healed":0,"gold_gain":0,"player_choice":"Ignored","damage_taken":0,"max_hp_gain":0,"max_hp_loss":0,"event_name":"Vampires","floor":20,"gold_loss":0},{"cards_removed":["Inflame"],"damage_healed":0,"gold_gain":0,"player_choice":"Elegance","damage_taken":0,"max_hp_gain":0,"max_hp_loss":0,"event_name":"Back to Basics","floor":25,"gold_loss":0}],"is_beta":false,"boss_relics":[{"not_picked":["Astrolabe","Coffee Dripper"],"picked":"Tiny House"}],"items_purged_floors":[],"is_endless":false,"potions_floor_spawned":[1,16,22,27],"killed_by":"3 Cultists","ascension_level":0}