{"gold_per_floor":[409,58,4,24,44,44,75,75,100,175,189,214,227,247,247,247],"floor_reached":16,"playtime":884,"items_purged":["Clumsy"],"score":157,"play_id":"7700da87-0afd-46d0-8a67-9d36f0ce9682","local_time":"20190407185938","is_ascension_mode":true,"campfire_choices":[{"data":"Neutralize","floor":6,"key":"SMITH"},{"data":"Acrobatics","floor":8,"key":"SMITH"},{"floor":15,"key":"REST"}],"neow_cost":"CURSE","seed_source_timestamp":30403025794900,"circlet_count":0,"master_deck":["Defend_G","Defend_G","Defend_G","Defend_G","Defend_G","Strike_G","Strike_G","Strike_G","Strike_G","Strike_G","Survivor","Neutralize+1","Sucker Punch","Acrobatics+1","Backstab","Crippling Poison","Prepared","Cloak And Dagger"],"relics":["Ring of the Snake","Old Coin","TwistedFunnel","PreservedInsect","The Courier","Blood Vial","Art of War"],"potions_floor_usage":[7,7,12,16],"damage_taken":[{"damage":11,"enemies":"Jaw Worm","floor":1,"turns":6},{"damage":0,"enemies":"Cultist","floor":4,"turns":3},{"damage":1,"enemies":"2 Louse","floor":5,"turns":2},{"damage":6,"enemies":"Gremlin Nob","floor":7,"turns":3},{"damage":6,"enemies":"2 Fungi Beasts","floor":11,"turns":4},{"damage":17,"enemies":"Lagavulin","floor":12,"turns":5},{"damage":3,"enemies":"Looter","floor":13,"turns":3},{"damage":0,"enemies":"3 Louse","floor":14,"turns":2},{"damage":64,"enemies":"The Guardian","floor":16,"turns":10}],"seed_played":"6987544490225199761","potions_obtained":[{"floor":4,"key":"Strength Potion"},{"floor":7,"key":"SteroidPotion"},{"floor":11,"key":"AttackPotion"}],"is_trial":false,"path_per_floor":["M","$","?","M","M","R","E","R","T","?","M","E","M","M","R","B"],"character_chosen":"THE_SILENT","items_purchased":["TwistedFunnel","Regen Potion"],"campfire_rested":1,"item_purchase_floors":[2,2],"current_hp_per_floor":[52,52,52,52,51,51,54,54,54,47,43,28,27,29,50,0],"gold":247,"neow_bonus":"ONE_RARE_RELIC","is_prod":false,"is_daily":false,"chose_seed":false,"campfire_upgraded":2,"win_rate":0,"timestamp":1554688778,"path_taken":["M","$","?","?","M","R","E","R","T","?","?","E","M","M","R","BOSS"],"build_version":"2019-01-23","purchased_purges":1,"victory":false,"max_hp_per_floor":[70,70,70,70,70,70,70,70,70,70,70,70,70,70,70,70],"card_choices":[{"not_picked":["Underhanded Strike","Slice"],"picked":"Sucker Punch","floor":1},{"not_picked":["Eviscerate","Setup"],"picked":"Acrobatics","floor":4},{"not_picked":["Caltrops","Dagger Spray","Crippling Poison"],"picked":"SKIP","floor":5},{"not_picked":["Slice","Distraction"],"picked":"Backstab","floor":7},{"not_picked":["Deadly Poison","Calculated Gamble"],"picked":"Crippling Poison","floor":11},{"not_picked":["After Image","PiercingWail","Skewer"],"picked":"SKIP","floor":12},{"not_picked":["Dagger Throw","Skewer"],"picked":"Prepared","floor":13},{"not_picked":["Masterful Stab","Quick Slash"],"picked":"Cloak And Dagger","floor":14}],"player_experience":1275067,"relics_obtained":[{"floor":7,"key":"The Courier"},{"floor":9,"key":"Blood Vial"},{"floor":12,"key":"Art of War"}],"event_choices":[{"damage_healed":0,"gold_gain":0,"player_choice":"Paid Gold","damage_taken":0,"relics_obtained":["PreservedInsect"],"max_hp_gain":0,"max_hp_loss":0,"event_name":"WeMeetAgain","floor":3,"gold_loss":54},{"damage_healed":0,"gold_gain":75,"player_choice":"Touch","damage_taken":7,"max_hp_gain":0,"max_hp_loss":0,"event_name":"FaceTrader","floor":10,"gold_loss":0}],"is_beta":false,"boss_relics":[],"items_purged_floors":[2],"is_endless":false,"potions_floor_spawned":[4,7,11],"killed_by":"The Guardian","ascension_level":8}