{"gold_per_floor":[114,129,129,144,159,159,189,204,204,219,234,234,234,249,249,349,349,364,364,364,379,10,10,10,10,10,25,25,40,55,70,70,170,170,185,185,0,0,0,0,0,25,25,40,140,155,155,155,155,155],"floor_reached":51,"playtime":3547,"items_purged":[],"score":649,"play_id":"4a832a16-985c-489d-bc03-6c0f55faa6e8","local_time":"20190411014856","daily_mods":["Heirloom","Diverse","Night Terrors"],"is_ascension_mode":false,"campfire_choices":[{"floor":6,"key":"REST"},{"data":"White Noise","floor":12,"key":"SMITH"},{"floor":15,"key":"REST"},{"data":"Glass Knife","floor":23,"key":"SMITH"},{"data":"Cleave","floor":25,"key":"SMITH"},{"floor":32,"key":"REST"},{"data":"Static Discharge","floor":40,"key":"SMITH"},{"floor":49,"key":"REST"}],"neow_cost":"","seed_source_timestamp":5683641219360,"circlet_count":0,"master_deck":["Strike_B","Strike_B","Strike_B","Strike_B","Defend_B","Defend_B","Defend_B","Zap","Dualcast","Acrobatics","Prepared","Bane","Zap","Cleave+1","Leap","Glacier","Rip and Tear","Conserve Battery","White Noise+1","Glass Knife+1","Burst","Whirlwind+1","Chill","Violence","Shame","Dagger Spray+1","Blur+1","Chaos+1","Static Discharge+1","Phantasmal Killer+1","Thunderclap","Lockon","Streamline","Core Surge","Shrug It Off+1","Body Slam+1","Disarm+1","Dark Shackles+1","Madness+1","Madness+1","Sword Boomerang"],"special_seed":17996,"relics":["Cracked Core","Thread and Needle","DataDisk","Emotion Chip","Sozu","Juzu Bracelet","Lee\u0027s Waffle","The Courier","Toxic Egg 2","Busted Crown","Red Mask","Dream Catcher","Bag of Marbles","StoneCalendar"],"potions_floor_usage":[16,33],"damage_taken":[{"damage":0,"enemies":"Small Slimes","floor":1,"turns":3},{"damage":0,"enemies":"Cultist","floor":2,"turns":4},{"damage":2,"enemies":"Jaw Worm","floor":4,"turns":3},{"damage":26,"enemies":"Exordium Thugs","floor":5,"turns":4},{"damage":31,"enemies":"Gremlin Nob","floor":7,"turns":5},{"damage":0,"enemies":"2 Fungi Beasts","floor":8,"turns":3},{"damage":9,"enemies":"3 Louse","floor":10,"turns":2},{"damage":0,"enemies":"Large Slime","floor":11,"turns":4},{"damage":0,"enemies":"Blue Slaver","floor":14,"turns":3},{"damage":14,"enemies":"The Guardian","floor":16,"turns":12},{"damage":0,"enemies":"Shell Parasite","floor":18,"turns":7},{"damage":5,"enemies":"Spheric Guardian","floor":21,"turns":4},{"damage":7,"enemies":"Snake Plant","floor":27,"turns":4},{"damage":4,"enemies":"Snecko","floor":29,"turns":3},{"damage":24,"enemies":"3 Cultists","floor":30,"turns":5},{"damage":6,"enemies":"Cultist and Chosen","floor":31,"turns":4},{"damage":69,"enemies":"Collector","floor":33,"turns":11},{"damage":49,"enemies":"3 Darklings","floor":35,"turns":5},{"damage":1,"enemies":"3 Shapes","floor":44,"turns":2},{"damage":13,"enemies":"Mind Bloom Boss Battle","floor":45,"turns":4},{"damage":29,"enemies":"Writhing Mass","floor":46,"turns":5},{"damage":57,"enemies":"Donu and Deca","floor":50,"turns":9}],"seed_played":"-2123263057779283965","potions_obtained":[{"floor":4,"key":"Strength Potion"},{"floor":7,"key":"Strength Potion"},{"floor":10,"key":"Ancient Potion"},{"floor":14,"key":"Explosive Potion"}],"is_trial":false,"path_per_floor":["M","M","?","M","M","R","E","M","T","M","M","R","?","M","R","B",null,"M","?","?","M","$","R","?","R","T","M","$","M","M","M","R","B",null,"M","?","$","?","?","R","$","T","T","M","?","M","?","?","R","B",null],"character_chosen":"DEFECT","items_purchased":["Lee\u0027s Waffle","Violence","Lockon","Streamline","Core Surge"],"campfire_rested":4,"item_purchase_floors":[22,22,37,37,37],"current_hp_per_floor":[75,75,75,73,47,70,39,39,39,30,30,30,30,30,65,51,65,65,54,54,49,77,77,77,77,77,70,70,66,42,36,72,3,72,23,63,63,63,63,63,63,63,63,62,49,20,20,12,58,1],"gold":155,"neow_bonus":"","is_prod":false,"is_daily":true,"chose_seed":false,"campfire_upgraded":4,"win_rate":0,"timestamp":1554943736,"path_taken":["M","M","?","?","M","R","E","M","T","?","M","R","?","M","R","BOSS","M","?","?","M","$","R","?","R","T","M","$","M","M","M","R","BOSS","M","?","$","?","?","R","$","?","T","M","?","M","?","?","R","BOSS"],"build_version":"2019-01-23","purchased_purges":0,"victory":true,"max_hp_per_floor":[75,75,75,75,75,70,70,70,70,70,70,70,70,70,65,65,65,65,70,70,70,77,77,77,77,77,77,77,77,77,77,72,72,72,72,63,63,63,63,63,63,63,63,63,63,63,63,63,58,58],"card_choices":[{"not_picked":["Iron Wave","Defragment"],"picked":"Acrobatics","floor":1},{"not_picked":["Steam Power","Streamline"],"picked":"Prepared","floor":2},{"not_picked":["Force Field","Disarm"],"picked":"Cleave","floor":4},{"not_picked":["Tempest","Rebound"],"picked":"Leap","floor":5},{"not_picked":["Deflect","Iron Wave"],"picked":"Glacier","floor":7},{"not_picked":["Wild Strike","Deadly Poison"],"picked":"Rip and Tear","floor":8},{"not_picked":["Carnage","Scrape"],"picked":"Conserve Battery","floor":10},{"not_picked":["Outmaneuver","Underhanded Strike"],"picked":"White Noise","floor":11},{"not_picked":["Ball Lightning","All Out Attack"],"picked":"Glass Knife","floor":14},{"not_picked":["Wraith Form v2","Bullet Time"],"picked":"Burst","floor":16},{"not_picked":["Slice","Compile Driver+1"],"picked":"Whirlwind+1","floor":18},{"not_picked":["Beam Cell+1","Iron Wave+1"],"picked":"Chill","floor":21},{"not_picked":["Hemokinesis","Reinforced Body+1"],"picked":"Dagger Spray+1","floor":27},{"not_picked":["Steam+1","Heavy Blade"],"picked":"Blur+1","floor":29},{"not_picked":["Power Through+1","Dagger Throw"],"picked":"Chaos+1","floor":30},{"not_picked":["Blade Dance+1","Heavy Blade"],"picked":"Static Discharge","floor":31},{"not_picked":["Rainbow+1","Machine Learning"],"picked":"Phantasmal Killer+1","floor":33},{"not_picked":[],"picked":"Thunderclap","floor":35},{"not_picked":[],"picked":"Shrug It Off+1","floor":44},{"not_picked":[],"picked":"Body Slam+1","floor":45},{"not_picked":[],"picked":"Disarm+1","floor":46},{"not_picked":[],"picked":"Dark Shackles+1","floor":47},{"not_picked":[],"picked":"Sword Boomerang","floor":49}],"player_experience":157427,"relics_obtained":[{"floor":7,"key":"DataDisk"},{"floor":9,"key":"Emotion Chip"},{"floor":26,"key":"Toxic Egg 2"},{"floor":42,"key":"Dream Catcher"},{"floor":43,"key":"Bag of Marbles"},{"floor":45,"key":"StoneCalendar"}],"event_choices":[{"damage_healed":0,"gold_gain":0,"player_choice":"2 cards matched","damage_taken":0,"max_hp_gain":0,"max_hp_loss":0,"event_name":"Match and Keep!","floor":3,"gold_loss":0,"cards_obtained":["Bane","Zap"]},{"cards_removed":["Defend_B"],"damage_healed":0,"gold_gain":0,"player_choice":"Purged","damage_taken":0,"max_hp_gain":0,"max_hp_loss":0,"event_name":"Purifier","floor":13,"gold_loss":0},{"damage_healed":0,"gold_gain":0,"player_choice":"Shed Blood","damage_taken":16,"max_hp_gain":5,"max_hp_loss":0,"event_name":"Forgotten Altar","floor":19,"gold_loss":0},{"damage_healed":0,"gold_gain":0,"player_choice":"Gave Potion","damage_taken":0,"relics_obtained":["Juzu Bracelet"],"max_hp_gain":0,"max_hp_loss":0,"event_name":"WeMeetAgain","floor":20,"gold_loss":0},{"damage_healed":0,"gold_gain":0,"player_choice":"Stole Relic","damage_taken":0,"relics_obtained":["The Courier"],"max_hp_gain":0,"max_hp_loss":0,"event_name":"Addict","floor":24,"gold_loss":0,"cards_obtained":["Shame"]},{"damage_healed":63,"gold_gain":0,"player_choice":"Heal","damage_taken":0,"max_hp_gain":0,"max_hp_loss":9,"event_name":"The Moai Head","floor":36,"gold_loss":0},{"damage_healed":0,"gold_gain":0,"player_choice":"Ignored","damage_taken":0,"max_hp_gain":0,"max_hp_loss":0,"event_name":"Mysterious Sphere","floor":38,"gold_loss":0},{"damage_healed":0,"gold_gain":0,"player_choice":"Paid","damage_taken":0,"relics_obtained":["Red Mask"],"max_hp_gain":0,"max_hp_loss":0,"event_name":"Tomb of Lord Red Mask","floor":39,"gold_loss":0},{"damage_healed":0,"gold_gain":0,"player_choice":"Fight","damage_taken":0,"max_hp_gain":0,"max_hp_loss":0,"event_name":"MindBloom","floor":45,"gold_loss":0},{"damage_healed":0,"gold_gain":0,"player_choice":"Memory 1","damage_taken":0,"max_hp_gain":0,"max_hp_loss":0,"event_name":"SensoryStone","floor":47,"gold_loss":0},{"damage_healed":0,"gold_gain":0,"player_choice":"Embrace Madness","damage_taken":8,"max_hp_gain":0,"max_hp_loss":0,"event_name":"Winding Halls","floor":48,"gold_loss":0,"cards_obtained":["Madness","Madness"]}],"is_beta":false,"boss_relics":[{"not_picked":["Cursed Key","White Beast Statue"],"picked":"Sozu"},{"not_picked":["Coffee Dripper","Black Star"],"picked":"Busted Crown"}],"items_purged_floors":[],"is_endless":false,"potions_floor_spawned":[4,7,10,14,21,29,31,33,35,45],"ascension_level":0}