{"gold_per_floor":[112,112,123,73,38,73,85,85,85,85,85,97,114,133,133,232,232,250,250,250,250,128,128,145,145,145,157,172,190,207,218,218,320,320,334,351,103,103,0,0,12,12,37,37,37,49,0,19,19,19],"floor_reached":51,"playtime":3686,"items_purged":["Strike_G+1"],"score":626,"play_id":"84a03433-7cd7-4df7-ab2e-259637d26d0e","local_time":"20190708033530","is_ascension_mode":false,"campfire_choices":[{"data":"Infinite Blades","floor":8,"key":"SMITH"},{"data":"Accuracy","floor":11,"key":"SMITH"},{"data":"Backstab","floor":15,"key":"SMITH"},{"data":"Storm of Steel","floor":23,"key":"SMITH"},{"data":"Strike_G+1","floor":25,"key":"PURGE"},{"floor":32,"key":"REST"},{"data":"Envenom","floor":40,"key":"SMITH"},{"data":"Cloak And Dagger","floor":45,"key":"SMITH"},{"floor":49,"key":"REST"}],"neow_cost":"NONE","seed_source_timestamp":1294033468163600,"circlet_count":0,"master_deck":["Strike_G+1","Defend_G+1","Defend_G+1","Defend_G+1","Defend_G+1","Survivor","Neutralize","Cloak And Dagger+1","Accuracy+1","Masterful Stab","Infinite Blades+1","Escape Plan","Blade Dance","Backstab+1","Footwork","Storm of Steel+1","Blade Dance","RitualDagger","Cloak And Dagger+1","Envenom+1","Cloak And Dagger+1","Parasite"],"relics":["Ring of the Serpent","NeowsBlessing","Incense Burner","Peace Pipe","Tough Bandages","Runic Pyramid","Kunai","Red Mask","Regal Pillow"],"potions_floor_usage":[33,50],"damage_taken":[{"damage":0,"enemies":"Cultist","floor":1,"turns":1},{"damage":0,"enemies":"Small Slimes","floor":3,"turns":1},{"damage":0,"enemies":"Lagavulin","floor":6,"turns":1},{"damage":0,"enemies":"2 Louse","floor":7,"turns":3},{"damage":0,"enemies":"Exordium Wildlife","floor":12,"turns":2},{"damage":0,"enemies":"Large Slime","floor":13,"turns":4},{"damage":0,"enemies":"2 Fungi Beasts","floor":14,"turns":2},{"damage":1,"enemies":"Slime Boss","floor":16,"turns":9},{"damage":2,"enemies":"Chosen","floor":18,"turns":4},{"damage":7,"enemies":"Shell Parasite","floor":24,"turns":4},{"damage":3,"enemies":"Centurion and Healer","floor":27,"turns":6},{"damage":0,"enemies":"Snake Plant","floor":28,"turns":4},{"damage":0,"enemies":"Snecko","floor":29,"turns":4},{"damage":20,"enemies":"Shelled Parasite and Fungi","floor":30,"turns":4},{"damage":0,"enemies":"3 Cultists","floor":31,"turns":3},{"damage":45,"enemies":"Collector","floor":33,"turns":10},{"damage":8,"enemies":"Orb Walker","floor":35,"turns":4},{"damage":0,"enemies":"3 Shapes","floor":36,"turns":3},{"damage":2,"enemies":"Sphere and 2 Shapes","floor":41,"turns":5},{"damage":2,"enemies":"Writhing Mass","floor":46,"turns":5},{"damage":12,"enemies":"3 Darklings","floor":48,"turns":5},{"damage":41,"enemies":"Time Eater","floor":50,"turns":10}],"seed_played":"-287271400727858585","potions_obtained":[{"floor":6,"key":"Weak Potion"},{"floor":12,"key":"Energy Potion"},{"floor":16,"key":"GhostInAJar"},{"floor":24,"key":"GhostInAJar"},{"floor":46,"key":"Ancient Potion"}],"is_trial":false,"path_per_floor":["M","?","M","?","$","E","M","R","T","?","R","M","M","M","R","B",null,"M","?","?","?","$","R","M","R","T","M","M","M","M","M","R","B",null,"M","M","$","?","?","R","M","$","T","?","R","M","$","M","R","B",null],"character_chosen":"THE_SILENT","items_purchased":["Infinite Blades","Cloak And Dagger","Kunai","AttackPotion"],"campfire_rested":2,"item_purchase_floors":[5,22,37,47],"current_hp_per_floor":[70,70,70,70,70,70,70,70,70,56,56,56,56,56,56,55,70,68,68,62,62,62,62,55,55,55,52,52,52,32,32,53,8,70,62,62,62,62,62,62,60,60,60,60,60,58,58,46,70,29],"gold":19,"neow_bonus":"THREE_ENEMY_KILL","is_prod":false,"is_daily":false,"chose_seed":false,"campfire_upgraded":6,"win_rate":0.0,"timestamp":1562524530,"path_taken":["M","?","?","?","$","E","M","R","T","?","R","M","M","M","R","BOSS","M","?","?","?","?","R","M","R","T","M","M","M","M","M","R","BOSS","M","M","$","?","?","R","M","$","T","?","R","M","$","M","R","BOSS"],"build_version":"2019-07-05","purchased_purges":1,"victory":true,"max_hp_per_floor":[70,70,70,70,70,70,70,70,70,70,70,70,70,70,70,70,70,70,70,70,70,70,70,70,70,70,70,70,70,70,70,70,70,70,70,70,70,70,70,70,70,70,70,70,70,70,70,70,70,70],"card_choices":[{"not_picked":["Sucker Punch","Blade Dance"],"picked":"Cloak And Dagger","floor":1},{"not_picked":["Underhanded Strike","Deflect"],"picked":"Masterful Stab","floor":3},{"not_picked":["Infinite Blades","Cloak And Dagger"],"picked":"Escape Plan","floor":6},{"not_picked":["PiercingWail","Flying Knee"],"picked":"Blade Dance","floor":7},{"not_picked":["Dagger Spray","Infinite Blades"],"picked":"Backstab","floor":12},{"not_picked":["Flying Knee","Dagger Spray","Deadly Poison"],"picked":"SKIP","floor":13},{"not_picked":["Wraith Form v2","Flying Knee"],"picked":"Footwork","floor":14},{"not_picked":["Night Terror","Venomology"],"picked":"Storm of Steel","floor":16},{"not_picked":["Masterful Stab","Backflip"],"picked":"Blade Dance","floor":18},{"not_picked":["Dagger Spray","Slice","Flechettes+1"],"picked":"SKIP","floor":24},{"not_picked":["Slice","Bane","Flechettes"],"picked":"SKIP","floor":27},{"not_picked":["Dagger Throw","Distraction","Outmaneuver"],"picked":"SKIP","floor":28},{"not_picked":["Wraith Form v2","Deflect","Bane"],"picked":"SKIP","floor":29},{"not_picked":["Leg Sweep","Bane+1","Expertise"],"picked":"SKIP","floor":30},{"not_picked":["Cloak And Dagger","Catalyst","Deflect+1"],"picked":"SKIP","floor":31},{"not_picked":["Bullet Time","Doppelganger"],"picked":"Envenom","floor":33},{"not_picked":["Slice","Flying Knee","Outmaneuver+1"],"picked":"SKIP","floor":35},{"not_picked":["Sucker Punch","Blade Dance","Deadly Poison"],"picked":"SKIP","floor":36},{"not_picked":["Acrobatics+1","Flying Knee"],"picked":"Cloak And Dagger+1","floor":41},{"not_picked":["Dagger Throw+1","Quick Slash","Tools of the Trade"],"picked":"SKIP","floor":46},{"not_picked":["Footwork+1","PiercingWail+1","Infinite Blades"],"picked":"SKIP","floor":48}],"player_experience":49246,"relics_obtained":[{"floor":6,"key":"Incense Burner"},{"floor":9,"key":"Peace Pipe"},{"floor":26,"key":"Tough Bandages"},{"floor":43,"key":"Regal Pillow"}],"event_choices":[{"damage_healed":0,"gold_gain":0,"cards_transformed":["Strike_G"],"player_choice":"Transformed","damage_taken":0,"max_hp_gain":0,"max_hp_loss":0,"event_name":"Transmorgrifier","floor":2,"gold_loss":0,"cards_obtained":["Accuracy"]},{"cards_removed":["Strike_G"],"damage_healed":0,"gold_gain":0,"player_choice":"Card Removal","damage_taken":0,"max_hp_gain":0,"max_hp_loss":0,"event_name":"The Cleric","floor":4,"gold_loss":50},{"damage_healed":0,"gold_gain":0,"player_choice":"Entered Light","damage_taken":14,"max_hp_gain":0,"max_hp_loss":0,"event_name":"Shining Light","floor":10,"gold_loss":0,"cards_upgraded":["Cloak And Dagger","Defend_G"]},{"damage_healed":0,"gold_gain":0,"player_choice":"Simplicity","damage_taken":0,"max_hp_gain":0,"max_hp_loss":0,"event_name":"Back to Basics","floor":19,"gold_loss":0,"cards_upgraded":["Strike_G","Strike_G","Strike_G","Defend_G","Defend_G","Defend_G","Defend_G"]},{"damage_healed":0,"gold_gain":0,"player_choice":"Joined the Cult","damage_taken":6,"max_hp_gain":0,"max_hp_loss":0,"event_name":"Nest","floor":20,"gold_loss":0,"cards_obtained":["RitualDagger"]},{"damage_healed":0,"gold_gain":0,"player_choice":"Ignored","damage_taken":0,"max_hp_gain":0,"max_hp_loss":0,"event_name":"Vampires","floor":21,"gold_loss":0},{"cards_removed":["Defend_G"],"damage_healed":0,"gold_gain":0,"player_choice":"Removed Skill","damage_taken":0,"max_hp_gain":0,"max_hp_loss":0,"event_name":"Falling","floor":38,"gold_loss":0},{"damage_healed":0,"gold_gain":0,"player_choice":"Paid","damage_taken":0,"relics_obtained":["Red Mask"],"max_hp_gain":0,"max_hp_loss":0,"event_name":"Tomb of Lord Red Mask","floor":39,"gold_loss":103},{"damage_healed":0,"gold_gain":0,"player_choice":"Ignored","damage_taken":0,"max_hp_gain":0,"max_hp_loss":0,"event_name":"Mysterious Sphere","floor":44,"gold_loss":0}],"is_beta":false,"boss_relics":[{"not_picked":["Runic Dome","Velvet Choker"],"picked":"Ring of the Serpent"},{"not_picked":["Coffee Dripper","Philosopher\u0027s Stone"],"picked":"Runic Pyramid"}],"items_purged_floors":[22],"is_endless":false,"potions_floor_spawned":[6,12,14,16,24,29,30,31,33,41,46],"ascension_level":0}