{"gold_per_floor":[112,112,112,127,127,166,166,186,210,210,229,250,264,289,289,417,417,410,31,50,149,149,149,172,172,172,185,216,216,241,259,259,259],"floor_reached":33,"playtime":26214,"items_purged":["Injury"],"score":339,"play_id":"10168bae-90b4-42d6-bd35-034036b23cb4","local_time":"20190707221348","is_ascension_mode":true,"campfire_choices":[{"floor":7,"key":"REST"},{"floor":15,"key":"REST"},{"floor":23,"key":"REST"},{"floor":25,"key":"REST"},{"floor":32,"key":"REST"}],"neow_cost":"NONE","seed_source_timestamp":1912709344841800,"circlet_count":0,"master_deck":["Strike_G+1","Strike_G+1","Strike_G+1","Defend_G+1","Defend_G+1","Defend_G+1","Defend_G+1","Survivor","Neutralize","Bullet Time+1","Burst+1","Prepared+1","Cloak And Dagger+1","Quick Slash","Predator","Backstab","Cloak And Dagger","Riddle With Holes","Die Die Die","Cloak And Dagger","Prepared","Blade Dance","Accuracy","Dagger Spray","Acrobatics+1","Escape Plan","Infinite Blades","Caltrops+1"],"relics":["Astrolabe","Golden Idol","Ancient Tea Set","Potion Belt","Oddly Smooth Stone","Orrery","FossilizedHelix","Kunai"],"potions_floor_usage":[12,16,16,24,27,31,31],"damage_taken":[{"damage":0,"enemies":"2 Louse","floor":1,"turns":3},{"damage":0,"enemies":"Small Slimes","floor":4,"turns":5},{"damage":57,"enemies":"3 Sentries","floor":6,"turns":16},{"damage":0,"enemies":"Cultist","floor":8,"turns":2},{"damage":0,"enemies":"3 Louse","floor":11,"turns":3},{"damage":4,"enemies":"Large Slime","floor":12,"turns":6},{"damage":13,"enemies":"Exordium Wildlife","floor":13,"turns":6},{"damage":1,"enemies":"Blue Slaver","floor":14,"turns":3},{"damage":60,"enemies":"The Guardian","floor":16,"turns":14},{"damage":16,"enemies":"2 Thieves","floor":18,"turns":4},{"damage":6,"enemies":"Shell Parasite","floor":20,"turns":5},{"damage":9,"enemies":"Snake Plant","floor":24,"turns":5},{"damage":0,"enemies":"Snecko","floor":27,"turns":3},{"damage":37,"enemies":"Slavers","floor":28,"turns":7},{"damage":0,"enemies":"Cultist and Chosen","floor":30,"turns":6},{"damage":0,"enemies":"Centurion and Healer","floor":31,"turns":6},{"damage":53,"enemies":"Collector","floor":33,"turns":6}],"seed_played":"8357360289538287099","potions_obtained":[{"floor":6,"key":"EssenceOfSteel"},{"floor":8,"key":"FearPotion"},{"floor":12,"key":"FairyPotion"},{"floor":13,"key":"Energy Potion"},{"floor":16,"key":"Energy Potion"},{"floor":20,"key":"Fire Potion"},{"floor":28,"key":"Fire Potion"},{"floor":30,"key":"GamblersBrew"}],"is_trial":false,"path_per_floor":["M","?","?","M","?","E","R","M","T","?","M","M","M","M","R","B",null,"M","$","M","?","?","R","M","R","T","M","E","?","M","M","R","B"],"character_chosen":"THE_SILENT","items_purchased":["FossilizedHelix"],"campfire_rested":5,"item_purchase_floors":[19],"current_hp_per_floor":[70,70,70,70,63,6,27,27,27,44,44,40,27,26,47,3,53,37,37,31,31,31,52,43,64,64,64,27,27,27,27,47,0],"gold":259,"neow_bonus":"BOSS_RELIC","is_prod":false,"is_daily":false,"chose_seed":false,"campfire_upgraded":0,"win_rate":0,"timestamp":1562562828,"path_taken":["M","?","?","?","?","E","R","M","T","?","M","M","?","M","R","BOSS","M","$","M","?","?","R","M","R","T","M","E","?","?","M","R","BOSS"],"build_version":"2019-07-05","purchased_purges":1,"victory":false,"max_hp_per_floor":[70,70,70,70,70,70,70,70,70,70,70,70,70,70,70,70,70,70,70,70,70,70,70,70,70,70,70,70,67,67,67,67,67],"card_choices":[{"not_picked":["PiercingWail","Masterful Stab"],"picked":"Cloak And Dagger","floor":1},{"not_picked":["Deflect","Outmaneuver"],"picked":"Quick Slash","floor":4},{"not_picked":["Envenom","Dagger Spray"],"picked":"Predator","floor":6},{"not_picked":["Poisoned Stab","Outmaneuver"],"picked":"Backstab","floor":8},{"not_picked":["Endless Agony","Sucker Punch"],"picked":"Cloak And Dagger","floor":11},{"not_picked":["Predator","Cloak And Dagger"],"picked":"Riddle With Holes","floor":12},{"not_picked":["Well Laid Plans","Flying Knee","Poisoned Stab"],"picked":"SKIP","floor":13},{"not_picked":["Glass Knife","Underhanded Strike","Terror"],"picked":"SKIP","floor":14},{"not_picked":["Burst","Corpse Explosion"],"picked":"Die Die Die","floor":16},{"not_picked":["Backflip","Caltrops"],"picked":"Cloak And Dagger","floor":17},{"not_picked":["Tactician","Deadly Poison"],"picked":"Prepared","floor":17},{"not_picked":["All Out Attack","Underhanded Strike"],"picked":"Blade Dance","floor":17},{"not_picked":["Outmaneuver","Choke"],"picked":"Accuracy","floor":17},{"not_picked":["Poisoned Stab","Malaise"],"picked":"Dagger Spray","floor":18},{"not_picked":["Blur","Deadly Poison"],"picked":"Acrobatics+1","floor":20},{"not_picked":["Blade Dance","Expertise","Dagger Throw"],"picked":"SKIP","floor":24},{"not_picked":["Tactician","Well Laid Plans+1"],"picked":"Escape Plan","floor":27},{"not_picked":["Bouncing Flask+1","PiercingWail"],"picked":"Infinite Blades","floor":28},{"not_picked":["Flying Knee","Dash","Quick Slash"],"picked":"SKIP","floor":30},{"not_picked":["Catalyst","All Out Attack"],"picked":"Caltrops+1","floor":31}],"player_experience":630674,"relics_obtained":[{"floor":6,"key":"Potion Belt"},{"floor":9,"key":"Oddly Smooth Stone"},{"floor":28,"key":"Kunai"}],"event_choices":[{"damage_healed":0,"gold_gain":0,"player_choice":"Take Wound","damage_taken":0,"relics_obtained":["Golden Idol"],"max_hp_gain":0,"max_hp_loss":0,"event_name":"Golden Idol","floor":2,"gold_loss":0,"cards_obtained":["Injury"]},{"damage_healed":0,"gold_gain":0,"player_choice":"Upgraded","damage_taken":0,"max_hp_gain":0,"max_hp_loss":0,"event_name":"Upgrade Shrine","floor":3,"gold_loss":0,"cards_upgraded":["Cloak And Dagger"]},{"damage_healed":0,"gold_gain":0,"player_choice":"Success","damage_taken":7,"relics_obtained":["Ancient Tea Set"],"max_hp_gain":0,"max_hp_loss":0,"event_name":"Scrap Ooze","floor":5,"gold_loss":0},{"damage_healed":17,"gold_gain":0,"player_choice":"Healed and dodged fight","damage_taken":0,"max_hp_gain":0,"max_hp_loss":0,"event_name":"Mushrooms","floor":10,"gold_loss":0,"cards_obtained":["Parasite"]},{"damage_healed":0,"gold_gain":99,"player_choice":"Stole From Cult","damage_taken":0,"max_hp_gain":0,"max_hp_loss":0,"event_name":"Nest","floor":21,"gold_loss":0},{"damage_healed":0,"gold_gain":0,"player_choice":"Simplicity","damage_taken":0,"max_hp_gain":0,"max_hp_loss":0,"event_name":"Back to Basics","floor":22,"gold_loss":0,"cards_upgraded":["Strike_G","Strike_G","Strike_G","Defend_G","Defend_G","Defend_G","Defend_G"]},{"cards_removed":["Parasite"],"damage_healed":0,"gold_gain":0,"player_choice":"Removed Curses","damage_taken":0,"max_hp_gain":0,"max_hp_loss":0,"event_name":"Fountain of Cleansing","floor":29,"gold_loss":0}],"is_beta":false,"boss_relics":[{"not_picked":["Pandora\u0027s Box","Tiny House"],"picked":"Orrery"}],"items_purged_floors":[19],"is_endless":false,"potions_floor_spawned":[6,8,12,13,16,20,28,30],"killed_by":"Collector","ascension_level":5}