{"gold_per_floor":[117,3,278,291,307,333,333,368,368,368,394,137,137,157,157,252,252,238,238,253,57,147,147,162,189,269,46,46,66,66,391,391,391],"floor_reached":33,"playtime":1554,"items_purged":["Strike_G","Regret"],"score":502,"play_id":"50eaa3a1-7051-4dee-8d48-09f4e46165bb","local_time":"20190705092345","is_ascension_mode":true,"campfire_choices":[{"data":"Sucker Punch","floor":7,"key":"SMITH"},{"floor":10,"key":"REST"},{"floor":13,"key":"REST"},{"data":"Dash","floor":15,"key":"SMITH"},{"floor":23,"key":"REST"},{"floor":30,"key":"REST"},{"floor":32,"key":"REST"}],"neow_cost":"NONE","seed_source_timestamp":173665116846900,"circlet_count":0,"master_deck":["AscendersBane","Defend_G","Defend_G","Defend_G","Defend_G","Defend_G","Survivor","Neutralize","Backflip","Sucker Punch+1","Dash+1","Footwork","Noxious Fumes","Backstab","Noxious Fumes","Burst","Bane+1","Bite","Bite","Bite","Bite","Bite","Poisoned Stab+1","Decay","Infinite Blades+1"],"relics":["Ring of the Snake","Darkstone Periapt","Pear","Question Card","Tough Bandages","Snake Skull","Black Star","TwistedFunnel","Orichalcum","FossilizedHelix","Paper Crane","Regal Pillow","Old Coin","Boot"],"potions_floor_usage":[6,6,6,8,16,24,24,25,29,29],"damage_taken":[{"damage":1,"enemies":"Cultist","floor":1,"turns":5},{"damage":2,"enemies":"Small Slimes","floor":4,"turns":3},{"damage":0,"enemies":"2 Louse","floor":5,"turns":4},{"damage":28,"enemies":"Gremlin Nob","floor":6,"turns":5},{"damage":37,"enemies":"Lagavulin","floor":8,"turns":7},{"damage":27,"enemies":"3 Sentries","floor":11,"turns":9},{"damage":1,"enemies":"Exordium Thugs","floor":14,"turns":5},{"damage":14,"enemies":"Slime Boss","floor":16,"turns":11},{"damage":15,"enemies":"2 Thieves","floor":18,"turns":4},{"damage":28,"enemies":"Spheric Guardian","floor":20,"turns":6},{"damage":12,"enemies":"3 Cultists","floor":24,"turns":5},{"damage":43,"enemies":"Slavers","floor":25,"turns":7},{"damage":10,"enemies":"Shelled Parasite and Fungi","floor":29,"turns":4},{"damage":44,"enemies":"Book of Stabbing","floor":31,"turns":7},{"damage":61,"enemies":"Champ","floor":33,"turns":9}],"seed_played":"-3808890774523860136","potions_obtained":[{"floor":4,"key":"EntropicBrew"},{"floor":6,"key":"GhostInAJar"},{"floor":14,"key":"PowerPotion"},{"floor":16,"key":"GhostInAJar"},{"floor":20,"key":"Fruit Juice"},{"floor":25,"key":"AttackPotion"}],"is_trial":false,"path_per_floor":["M","$","?","M","M","E","R","E","T","R","E","$","R","M","R","B",null,"M","?","M","$","?","R","M","E","T","$","?","M","R","E","R","B"],"character_chosen":"THE_SILENT","items_purchased":["Dash","Snake Skull","TwistedFunnel","Regal Pillow","Regen Potion"],"campfire_rested":5,"item_purchase_floors":[2,12,21,27,27],"current_hp_per_floor":[62,62,62,60,60,32,32,20,20,44,17,17,41,40,40,26,67,52,52,34,34,22,38,43,6,6,6,12,16,51,13,48,0],"gold":391,"neow_bonus":"THREE_CARDS","is_prod":false,"is_daily":false,"chose_seed":false,"campfire_upgraded":2,"win_rate":0,"timestamp":1562343825,"path_taken":["M","?","?","?","M","E","R","E","T","R","E","?","R","M","R","BOSS","M","?","M","$","?","R","?","E","T","?","?","M","R","E","R","BOSS"],"build_version":"2019-07-01","purchased_purges":2,"victory":false,"max_hp_per_floor":[70,70,70,70,70,70,70,80,80,80,80,80,80,80,80,80,80,80,56,56,56,56,56,61,61,61,61,67,67,67,67,67,67],"card_choices":[{"not_picked":["Predator","Quick Slash"],"picked":"Backflip","floor":0},{"not_picked":["Quick Slash","Reflex"],"picked":"Sucker Punch","floor":1},{"not_picked":["Acrobatics","Bouncing Flask"],"picked":"Footwork","floor":4},{"not_picked":["Calculated Gamble","Underhanded Strike"],"picked":"Noxious Fumes","floor":5},{"not_picked":["Quick Slash","Underhanded Strike"],"picked":"Backstab","floor":6},{"not_picked":["Cloak And Dagger","Slice","Tactician"],"picked":"SKIP","floor":8},{"not_picked":["Well Laid Plans","Eviscerate","Setup"],"picked":"Noxious Fumes","floor":11},{"not_picked":["Phantasmal Killer","Footwork","Dodge and Roll","Slice"],"picked":"SKIP","floor":14},{"not_picked":["Venomology","Night Terror","Phantasmal Killer"],"picked":"Burst","floor":16},{"not_picked":["Concentrate","Backflip","Quick Slash+1"],"picked":"Bane+1","floor":18},{"not_picked":["Riddle With Holes","Cloak And Dagger","Slice"],"picked":"Poisoned Stab+1","floor":20},{"not_picked":["Grand Finale","Dodge and Roll","All Out Attack","Cloak And Dagger"],"picked":"SKIP","floor":24},{"not_picked":["Flechettes","Skewer","Night Terror","Bane"],"picked":"SKIP","floor":25},{"not_picked":["Tactician","Bouncing Flask","Underhanded Strike"],"picked":"Infinite Blades+1","floor":29},{"not_picked":["Poisoned Stab","Underhanded Strike","Backflip","Bouncing Flask+1"],"picked":"SKIP","floor":31}],"player_experience":1369532,"relics_obtained":[{"floor":6,"key":"Darkstone Periapt"},{"floor":8,"key":"Pear"},{"floor":9,"key":"Question Card"},{"floor":11,"key":"Tough Bandages"},{"floor":25,"key":"Orichalcum"},{"floor":25,"key":"FossilizedHelix"},{"floor":26,"key":"Paper Crane"},{"floor":31,"key":"Old Coin"},{"floor":31,"key":"Boot"}],"event_choices":[{"damage_healed":0,"gold_gain":275,"player_choice":"Desecrate","damage_taken":0,"max_hp_gain":0,"max_hp_loss":0,"event_name":"Golden Shrine","floor":3,"gold_loss":0,"cards_obtained":["Regret"]},{"damage_healed":0,"gold_gain":0,"player_choice":"Became a vampire","damage_taken":0,"max_hp_gain":0,"max_hp_loss":24,"event_name":"Vampires","floor":19,"gold_loss":0,"cards_obtained":["Bite","Bite","Bite","Bite","Bite"]},{"damage_healed":0,"gold_gain":90,"player_choice":"GOLD ","damage_taken":12,"max_hp_gain":0,"max_hp_loss":0,"event_name":"Knowing Skull","floor":22,"potions_obtained":[],"gold_loss":0,"cards_obtained":[]},{"damage_healed":0,"gold_gain":0,"player_choice":"Smashed Altar","damage_taken":0,"max_hp_gain":0,"max_hp_loss":0,"event_name":"Forgotten Altar","floor":28,"gold_loss":0,"cards_obtained":["Decay"]}],"is_beta":false,"boss_relics":[{"not_picked":["Astrolabe","Velvet Choker"],"picked":"Black Star"}],"items_purged_floors":[2,12],"is_endless":false,"potions_floor_spawned":[4,6,14,16,20,25],"killed_by":"Champ","ascension_level":10}