{"gold_per_floor":[112,132,145,145,145,145,180,180,180,30,30,30,30,46,46,151,151,169,46,46,56,6,6,21,48,48,76,76,76,76,89,89,193,193,206,206,206,219,219,246,264,264,291,319,319,339,339,358,358,358],"floor_reached":51,"playtime":2527,"items_purged":["Strike_R","Strike_R"],"score":1371,"play_id":"2d85f7cc-c678-4204-9065-a745c0f6efe2","local_time":"20180725173822","is_ascension_mode":true,"campfire_choices":[{"data":"Searing Blow","floor":6,"key":"SMITH"},{"data":"Searing Blow+1","floor":8,"key":"SMITH"},{"data":"Searing Blow+2","floor":11,"key":"SMITH"},{"data":"Searing Blow+3","floor":13,"key":"SMITH"},{"data":"Searing Blow+4","floor":15,"key":"SMITH"},{"data":"Searing Blow+5","floor":23,"key":"SMITH"},{"data":"Searing Blow+6","floor":28,"key":"SMITH"},{"data":"Searing Blow+7","floor":30,"key":"SMITH"},{"data":"Searing Blow+8","floor":32,"key":"SMITH"},{"data":"Searing Blow+9","floor":42,"key":"SMITH"},{"data":"Searing Blow+10","floor":45,"key":"SMITH"},{"data":"Searing Blow+11","floor":47,"key":"SMITH"},{"data":"Searing Blow+12","floor":49,"key":"SMITH"}],"neow_cost":"NONE","seed_source_timestamp":934117530148667,"circlet_count":0,"master_deck":["Defend_R","Defend_R+1","Defend_R","Defend_R+1","Bash","Headbutt","Twin Strike","Searing Blow+13","Battle Trance","Fiend Fire+1","Shrug It Off","Shockwave","Cleave+1","Headbutt+1","Apotheosis","Madness","Madness","Shrug It Off+1","Warcry+1"],"relics":["Burning Blood","Anchor","Molten Egg 2","Regal Pillow","Paper Frog","Mark of Pain","Matryoshka","Strawberry","Happy Flower","Girya","Empty Cage","Charon\u0027s Ashes","Ancient Tea Set","Art of War","War Paint","Pantograph"],"potions_floor_usage":[16,27,33,33,50,50],"damage_taken":[{"damage":1,"enemies":"Cultist","floor":1,"turns":3},{"damage":0,"enemies":"Small Slimes","floor":2,"turns":3},{"damage":0,"enemies":"2 Louse","floor":3,"turns":2},{"damage":29,"enemies":"Gremlin Nob","floor":7,"turns":4},{"damage":0,"enemies":"Exordium Wildlife","floor":14,"turns":2},{"damage":0,"enemies":"Slime Boss","floor":16,"turns":6},{"damage":3,"enemies":"3 Byrds","floor":18,"turns":4},{"damage":0,"enemies":"Chosen","floor":21,"turns":2},{"damage":0,"enemies":"Centurion and Healer","floor":24,"turns":3},{"damage":2,"enemies":"Gremlin Leader","floor":25,"turns":4},{"damage":16,"enemies":"Book of Stabbing","floor":27,"turns":3},{"damage":0,"enemies":"Snecko","floor":31,"turns":2},{"damage":1,"enemies":"Champ","floor":33,"turns":4},{"damage":0,"enemies":"Orb Walker","floor":35,"turns":1},{"damage":0,"enemies":"3 Darklings","floor":38,"turns":5},{"damage":14,"floor":39,"turns":3},{"damage":13,"enemies":"Nemesis","floor":40,"turns":5},{"damage":0,"enemies":"Flame Bruiser 2 Orb","floor":41,"turns":2},{"damage":18,"enemies":"2 Orb Walkers","floor":44,"turns":4},{"damage":0,"enemies":"Sphere and 2 Shapes","floor":46,"turns":2},{"damage":0,"enemies":"3 Darklings","floor":48,"turns":2},{"damage":0,"enemies":"Time Eater","floor":50,"turns":4}],"seed_played":"-4649345393288030939","potions_obtained":[{"floor":1,"key":"GamblersBrew"},{"floor":7,"key":"Block Potion"},{"floor":18,"key":"GamblersBrew"},{"floor":21,"key":"PowerPotion"},{"floor":27,"key":"BloodPotion"},{"floor":33,"key":"SpeedPotion"},{"floor":39,"key":"PowerPotion"},{"floor":40,"key":"Weak Potion"},{"floor":46,"key":"GamblersBrew"}],"is_trial":false,"path_per_floor":["M","M","M","?","?","R","E","R","T","$","R","$","R","M","R","B",null,"M","$","?","M","$","R","M","E","T","E","R","?","R","M","R","B",null,"M","?","?","M","?","E","M","R","T","E","R","M","R","M","R","B"],"character_chosen":"IRONCLAD","items_purchased":["Battle Trance","Shrug It Off","Cleave+1"],"campfire_rested":0,"item_purchase_floors":[10,19,22],"current_hp_per_floor":[77,80,80,73,66,66,43,43,43,43,43,43,43,49,49,55,74,77,77,77,80,80,80,80,80,87,77,77,77,77,83,83,87,87,87,82,71,77,69,62,68,68,68,56,56,62,62,68,68,87],"gold":358,"neow_bonus":"RANDOM_COMMON_RELIC","is_prod":false,"is_daily":false,"chose_seed":false,"campfire_upgraded":13,"win_rate":0,"timestamp":1532565502,"path_taken":["M","M","M","?","?","R","E","R","T","$","R","?","R","M","R","BOSS","M","?","?","M","$","R","M","E","T","E","R","?","R","M","R","BOSS","M","?","?","M","?","E","M","R","T","E","R","M","R","M","R","BOSS"],"build_version":"2018-07-19v2","purchased_purges":2,"victory":true,"max_hp_per_floor":[80,80,80,80,80,80,80,80,80,80,80,80,80,80,80,80,80,80,80,80,80,80,80,80,80,87,87,87,87,87,87,87,87,87,87,87,87,87,87,87,87,87,87,87,87,87,87,87,87,87],"card_choices":[{"not_picked":["Disarm","Shrug It Off"],"picked":"Headbutt","floor":1},{"not_picked":["Anger","Fire Breathing"],"picked":"Twin Strike","floor":2},{"not_picked":["Metallicize","Ghostly Armor"],"picked":"Searing Blow","floor":3},{"not_picked":["Bludgeon+1","Pommel Strike+1","Flex"],"picked":"SKIP","floor":7},{"not_picked":["Dropkick+1","Evolve","Warcry"],"picked":"SKIP","floor":14},{"not_picked":["Feed+1","Juggernaut"],"picked":"Fiend Fire+1","floor":16},{"not_picked":["Combust","Rampage+1","True Grit"],"picked":"SKIP","floor":18},{"not_picked":["Ghostly Armor","Heavy Blade+1"],"picked":"Shockwave","floor":21},{"not_picked":["Flex+1","Hemokinesis+1","Sentinel"],"picked":"SKIP","floor":24},{"not_picked":["Wild Strike+1","Body Slam+1"],"picked":"Headbutt+1","floor":25},{"not_picked":["Body Slam+1","Armaments","Dark Embrace"],"picked":"SKIP","floor":27},{"not_picked":["Havoc","Sword Boomerang+1","Wild Strike+1"],"picked":"SKIP","floor":31},{"not_picked":["Body Slam+1","Battle Trance","Perfected Strike+1"],"picked":"SKIP","floor":35},{"not_picked":["Dramatic Entrance+1","Good Instincts"],"picked":"Apotheosis","floor":36},{"not_picked":["Pummel+1","Warcry"],"picked":"Shrug It Off+1","floor":38},{"not_picked":["Bludgeon+1","Clothesline+1","Clash+1"],"picked":"SKIP","floor":40},{"not_picked":["Seeing Red+1","Pommel Strike+1"],"picked":"Warcry+1","floor":41},{"not_picked":["Thunderclap+1","Whirlwind+1","Flex+1"],"picked":"SKIP","floor":44},{"not_picked":["Sever Soul+1","Pommel Strike+1","Twin Strike+1"],"picked":"SKIP","floor":46},{"not_picked":["Barricade","Metallicize+1","Dropkick+1"],"picked":"SKIP","floor":48}],"player_experience":144600,"relics_obtained":[{"floor":7,"key":"Regal Pillow"},{"floor":9,"key":"Paper Frog"},{"floor":25,"key":"Matryoshka"},{"floor":26,"key":"Strawberry"},{"floor":26,"key":"Happy Flower"},{"floor":27,"key":"Girya"},{"floor":39,"key":"Charon\u0027s Ashes"},{"floor":40,"key":"Ancient Tea Set"},{"floor":43,"key":"Art of War"},{"floor":43,"key":"War Paint"},{"floor":44,"key":"Pantograph"}],"event_choices":[{"event_name":"Scrap Ooze","player_choice":"success","floor":4,"damage_taken":7},{"event_name":"Golden Wing","player_choice":"Card Removal","floor":5,"damage_taken":0},{"event_name":"Addict","player_choice":"Ignored","floor":20,"damage_taken":0},{"event_name":"Drug Dealer","player_choice":"Ignored","floor":29,"damage_taken":0},{"event_name":"SensoryStone","player_choice":"Memory 2","floor":36,"damage_taken":0},{"event_name":"Winding Halls","player_choice":"Embrace Madness","floor":37,"damage_taken":0},{"event_name":"MindBloom","player_choice":"Fight","floor":39,"damage_taken":0}],"is_beta":false,"boss_relics":[{"not_picked":["Ectoplasm","Runic Cube"],"picked":"Mark of Pain"},{"not_picked":["Black Star","Orrery"],"picked":"Empty Cage"}],"items_purged_floors":[10,19],"is_endless":false,"potions_floor_spawned":[1,7,18,21,27,33,39,40,41,46],"ascension_level":6}