{"gold_per_floor":[115,115,127,140,153,182,200,200,200,200,229,256,256],"floor_reached":13,"playtime":380,"items_purged":[],"score":181,"play_id":"c9274aee-884d-46f2-98b2-4e65a6b9bb15","local_time":"20190425233036","is_ascension_mode":true,"campfire_choices":[{"floor":8,"key":"REST"},{"floor":10,"key":"REST"}],"neow_cost":"NONE","seed_source_timestamp":463455162570900,"circlet_count":0,"master_deck":["AscendersBane","Strike_B","Strike_B","Strike_B","Strike_B","Defend_B","Defend_B","Defend_B","Defend_B","Zap","Dualcast","Gash","Pain","Go for the Eyes","Cold Snap","Self Repair","Ball Lightning","Ball Lightning"],"relics":["Cracked Core","WarpedTongs","DataDisk","Frozen Egg 2","Omamori","Odd Mushroom"],"potions_floor_usage":[5,11,12],"damage_taken":[{"damage":5,"enemies":"2 Louse","floor":1,"turns":3},{"damage":3,"enemies":"Cultist","floor":3,"turns":3},{"damage":10,"enemies":"Small Slimes","floor":4,"turns":3},{"damage":12,"enemies":"2 Fungi Beasts","floor":5,"turns":3},{"damage":34,"enemies":"Lagavulin","floor":6,"turns":7},{"damage":10,"enemies":"Blue Slaver","floor":7,"turns":3},{"damage":26,"enemies":"Gremlin Nob","floor":11,"turns":4},{"damage":17,"enemies":"The Mushroom Lair","floor":12,"turns":4}],"seed_played":"602494500105426641","potions_obtained":[{"floor":1,"key":"Ancient Potion"},{"floor":4,"key":"Regen Potion"},{"floor":7,"key":"Swift Potion"},{"floor":11,"key":"Weak Potion"},{"floor":12,"key":"SteroidPotion"}],"is_trial":false,"path_per_floor":["M","?","M","M","M","E","M","R","T","R","E","?","?"],"character_chosen":"DEFECT","items_purchased":[],"campfire_rested":2,"item_purchase_floors":[],"current_hp_per_floor":[66,66,63,53,50,16,6,29,29,52,33,23,0],"gold":256,"neow_bonus":"TEN_PERCENT_HP_BONUS","is_prod":false,"is_daily":false,"chose_seed":false,"campfire_upgraded":0,"win_rate":0,"timestamp":1556260236,"path_taken":["M","?","M","?","?","E","M","R","T","R","E","?","?"],"build_version":"2019-01-23","purchased_purges":0,"victory":false,"max_hp_per_floor":[78,78,78,78,78,78,78,78,78,78,78,78,78],"card_choices":[{"not_picked":["Consume","Rebound"],"picked":"Gash","floor":1},{"not_picked":["Hologram","Rebound"],"picked":"Go for the Eyes","floor":3},{"not_picked":["Redo","Hologram","Auto Shields"],"picked":"SKIP","floor":4},{"not_picked":["Streamline","Compile Driver"],"picked":"Cold Snap","floor":5},{"not_picked":["Double Energy","Reprogram","Redo"],"picked":"SKIP","floor":6},{"not_picked":["Go for the Eyes","Conserve Battery"],"picked":"Self Repair","floor":7},{"not_picked":["Auto Shields","Steam Power"],"picked":"Ball Lightning","floor":11},{"not_picked":["Hologram","Conserve Battery"],"picked":"Ball Lightning","floor":12}],"player_experience":1317411,"relics_obtained":[{"floor":6,"key":"DataDisk"},{"floor":9,"key":"Frozen Egg 2"},{"floor":11,"key":"Omamori"},{"floor":12,"key":"Odd Mushroom"}],"event_choices":[{"damage_healed":0,"gold_gain":0,"player_choice":"Rummage","damage_taken":0,"relics_obtained":["WarpedTongs"],"max_hp_gain":0,"max_hp_loss":0,"event_name":"Accursed Blacksmith","floor":2,"gold_loss":0,"cards_obtained":["Pain"]},{"damage_healed":0,"gold_gain":0,"player_choice":"Fought Mushrooms","damage_taken":0,"max_hp_gain":0,"max_hp_loss":0,"event_name":"Mushrooms","floor":12,"gold_loss":0}],"is_beta":false,"boss_relics":[],"items_purged_floors":[],"is_endless":false,"potions_floor_spawned":[1,4,7,11,12],"ascension_level":18}