{"gold_per_floor":[109,109,109,130,144,144,164,183,183,183,208,208],"floor_reached":12,"playtime":387,"items_purged":[],"score":126,"play_id":"db754b32-2d2c-4f05-8cb7-983be3a63620","local_time":"20190327201241","is_ascension_mode":true,"campfire_choices":[{"data":"Biased Cognition","floor":6,"key":"SMITH"},{"floor":10,"key":"REST"}],"neow_cost":"CURSE","seed_source_timestamp":1389351230664241,"circlet_count":0,"master_deck":["AscendersBane","Strike_B","Strike_B","Strike_B","Strike_B","Defend_B","Defend_B","Defend_B","Defend_B","Zap","Dualcast","Parasite","Biased Cognition+1","Sweeping Beam","Capacitor","Consume","Reinforced Body","Coolheaded"],"relics":["Cracked Core","Golden Idol","Ornamental Fan"],"potions_floor_usage":[5,7,11],"damage_taken":[{"damage":4,"enemies":"Small Slimes","floor":1,"turns":3},{"damage":6,"enemies":"2 Louse","floor":4,"turns":2},{"damage":2,"enemies":"Jaw Worm","floor":5,"turns":3},{"damage":8,"enemies":"2 Fungi Beasts","floor":7,"turns":3},{"damage":13,"enemies":"Red Slaver","floor":8,"turns":3},{"damage":27,"enemies":"Exordium Thugs","floor":11,"turns":4},{"damage":10,"enemies":"Exordium Wildlife","floor":12,"turns":1}],"seed_played":"906089296688562807","potions_obtained":[{"floor":4,"key":"EntropicBrew"},{"floor":7,"key":"Poison Potion"}],"is_trial":false,"path_per_floor":["M","?","?","M","M","R","M","M","T","R","M","M"],"character_chosen":"DEFECT","items_purchased":[],"campfire_rested":1,"item_purchase_floors":[],"current_hp_per_floor":[60,36,36,30,28,28,20,7,7,28,1,0],"gold":208,"neow_bonus":"THREE_RARE_CARDS","is_prod":false,"is_daily":false,"chose_seed":false,"campfire_upgraded":1,"win_rate":0,"timestamp":1553717561,"path_taken":["M","?","?","M","?","R","M","M","T","R","M","M"],"build_version":"2019-01-23","purchased_purges":0,"victory":false,"max_hp_per_floor":[71,71,71,71,71,71,71,71,71,71,71,71],"card_choices":[{"not_picked":["Thunder Strike","Meteor Strike"],"picked":"Biased Cognition","floor":0},{"not_picked":["Streamline","Recycle"],"picked":"Sweeping Beam","floor":1},{"not_picked":["Turbo","Go for the Eyes"],"picked":"Capacitor","floor":4},{"not_picked":["Beam Cell","Sweeping Beam"],"picked":"Consume","floor":5},{"not_picked":["Leap","Rebound","Stack"],"picked":"SKIP","floor":7},{"not_picked":["Redo","Storm"],"picked":"Reinforced Body","floor":8},{"not_picked":["Thunder Strike","Rebound"],"picked":"Coolheaded","floor":11}],"player_experience":1653361,"relics_obtained":[{"floor":9,"key":"Ornamental Fan"}],"event_choices":[{"damage_healed":0,"gold_gain":0,"player_choice":"Take Damage","damage_taken":24,"relics_obtained":["Golden Idol"],"max_hp_gain":0,"max_hp_loss":0,"event_name":"Golden Idol","floor":2,"gold_loss":0},{"damage_healed":0,"gold_gain":0,"player_choice":"Ignored","damage_taken":0,"max_hp_gain":0,"max_hp_loss":0,"event_name":"Shining Light","floor":3,"gold_loss":0}],"is_beta":false,"boss_relics":[],"items_purged_floors":[],"is_endless":false,"potions_floor_spawned":[4,7],"killed_by":"Exordium Wildlife","ascension_level":15}