{"gold_per_floor":[116,130,150,167,167,192,192,192,265,18,35,35,61,83,95,203,215,240,270,297,324,28,28,28],"floor_reached":24,"playtime":5007,"items_purged":[],"score":210,"play_id":"9e6d474d-e101-46ae-9ecd-182ceb5df397","local_time":"20190621223306","is_ascension_mode":false,"campfire_choices":[{"floor":8,"key":"REST"},{"data":"Scrape","floor":12,"key":"SMITH"},{"floor":15,"key":"REST"},{"floor":23,"key":"REST"}],"neow_cost":"TEN_PERCENT_HP_LOSS","seed_source_timestamp":280901838923699,"circlet_count":0,"master_deck":["Strike_B","Strike_B","Defend_B","Defend_B+1","Defend_B","Defend_B+1","Zap","Dualcast","Loop","Scrape+1","Go for the Eyes","Leap","Genetic Algorithm","Steam","Beam Cell","Machine Learning","Reprogram+1","Stack","Gash"],"relics":["Cracked Core","Gambling Chip","War Paint","Dodecahedron","Lee\u0027s Waffle","MawBank","Eternal Feather","Peace Pipe"],"potions_floor_usage":[16,16,16],"damage_taken":[{"damage":0,"enemies":"2 Louse","floor":1,"turns":3},{"damage":0,"enemies":"Small Slimes","floor":2,"turns":3},{"damage":5,"enemies":"Cultist","floor":3,"turns":4},{"damage":12,"enemies":"Large Slime","floor":4,"turns":5},{"damage":24,"enemies":"Gremlin Nob","floor":6,"turns":5},{"damage":3,"enemies":"3 Louse","floor":11,"turns":4},{"damage":28,"enemies":"Lagavulin","floor":13,"turns":6},{"damage":0,"enemies":"Blue Slaver","floor":14,"turns":4},{"damage":64,"enemies":"Slime Boss","floor":16,"turns":16},{"damage":2,"enemies":"Shell Parasite","floor":18,"turns":7},{"damage":18,"enemies":"3 Byrds","floor":19,"turns":7},{"damage":22,"enemies":"Snake Plant","floor":20,"turns":8},{"damage":18,"enemies":"Shelled Parasite and Fungi","floor":21,"turns":8},{"damage":62,"enemies":"3 Cultists","floor":24,"turns":6}],"seed_played":"-2345141336401976209","potions_obtained":[{"floor":1,"key":"Poison Potion"},{"floor":6,"key":"SpeedPotion"},{"floor":11,"key":"Block Potion"},{"floor":20,"key":"GamblersBrew"}],"is_trial":false,"path_per_floor":["M","M","M","M","?","E","?","R","T","$","M","R","E","M","R","B",null,"M","M","M","M","$","R","M"],"character_chosen":"DEFECT","items_purchased":["Lee\u0027s Waffle","Steam","Peace Pipe"],"campfire_rested":3,"item_purchase_floors":[10,10,22],"current_hp_per_floor":[68,68,63,51,44,20,20,40,40,75,72,72,44,44,66,2,75,73,55,33,15,15,46,0],"gold":28,"neow_bonus":"REMOVE_TWO","is_prod":false,"is_daily":false,"chose_seed":false,"campfire_upgraded":1,"win_rate":0.0,"timestamp":1561181586,"path_taken":["M","M","M","M","?","E","?","R","T","$","M","R","E","M","R","BOSS","M","M","M","?","$","R","M"],"build_version":"2019-01-23","purchased_purges":0,"victory":false,"max_hp_per_floor":[68,68,68,68,68,68,68,68,68,75,75,75,75,75,75,75,75,75,75,75,75,75,75,75],"card_choices":[{"not_picked":["Conserve Battery","Hologram"],"picked":"Loop","floor":1},{"not_picked":["Steam","Ball Lightning"],"picked":"Scrape","floor":2},{"not_picked":["Hologram","Leap"],"picked":"Go for the Eyes","floor":3},{"not_picked":["Streamline","Sunder"],"picked":"Leap","floor":4},{"not_picked":["Sweeping Beam","Fission"],"picked":"Genetic Algorithm","floor":6},{"not_picked":["Streamline","Cold Snap"],"picked":"Beam Cell","floor":11},{"not_picked":["Barrage","Heatsinks","Electrodynamics"],"picked":"SKIP","floor":13},{"not_picked":["Streamline","Doom and Gloom","Blizzard"],"picked":"SKIP","floor":14},{"not_picked":["Buffer","Biased Cognition"],"picked":"Machine Learning","floor":16},{"not_picked":["Beam Cell","Ball Lightning"],"picked":"Reprogram+1","floor":18},{"not_picked":["Reprogram","Lockon"],"picked":"Stack","floor":19},{"not_picked":["Consume","Redo"],"picked":"Gash","floor":20},{"not_picked":["Coolheaded","White Noise","Chaos"],"picked":"SKIP","floor":21}],"player_experience":43997,"relics_obtained":[{"floor":6,"key":"War Paint"},{"floor":9,"key":"Dodecahedron"},{"floor":13,"key":"MawBank"}],"event_choices":[{"damage_healed":0,"gold_gain":0,"player_choice":"Success","damage_taken":7,"relics_obtained":["Gambling Chip"],"max_hp_gain":0,"max_hp_loss":0,"event_name":"Scrap Ooze","floor":5,"gold_loss":0},{"damage_healed":0,"gold_gain":0,"player_choice":"Leave","damage_taken":0,"max_hp_gain":0,"max_hp_loss":0,"event_name":"FaceTrader","floor":7,"gold_loss":0}],"is_beta":false,"boss_relics":[{"not_picked":["Tiny House","Snecko Eye"],"picked":"Eternal Feather"}],"items_purged_floors":[],"is_endless":false,"potions_floor_spawned":[1,6,11,14,20],"killed_by":"3 Cultists","ascension_level":0}