{"gold_per_floor":[130,157,244,268,280,319,331,356,368,380,410,77,107,118,118,220,220,235,195,210,244,1,35,53,67,145,161,177,187,187,6,6,110,110,127,201,215,234,234,263,263,282,282,300,300,319,41,73,73,73,73,73,73,105,105],"floor_reached":56,"playtime":4774,"items_purged":[],"score":1443,"play_id":"90dd2380-1625-4de0-aa7a-ff5dca72b06f","local_time":"20190525191644","is_ascension_mode":false,"campfire_choices":[{"floor":7,"key":"RECALL"},{"floor":10,"key":"REST"},{"floor":15,"key":"REST"},{"data":"Infernal Blade","floor":32,"key":"SMITH"},{"data":"Havoc","floor":41,"key":"SMITH"},{"data":"Madness","floor":49,"key":"SMITH"},{"data":"Madness","floor":52,"key":"SMITH"}],"neow_cost":"NONE","seed_source_timestamp":408109462400500,"circlet_count":0,"master_deck":["Strike_R","Strike_R","Defend_R","Defend_R","Defend_R","Bash","Ghostly Armor","Intimidate","Infernal Blade+1","Clothesline","Flex","Sever Soul","Seeing Red","Immolate+1","Sentinel","Feed","Flame Barrier+1","Pommel Strike+1","Intimidate","Madness","Ghostly Armor","Flex","Whirlwind","Corruption+1","Reaper","Power Through","Warcry","Sentinel+1","Wild Strike+1","Iron Wave","Flex","Feed","Shockwave+1","Flame Barrier+1","Perfected Strike+1","Havoc+1","Havoc+1","Impervious","Clash","Flex+1","Madness+1","Madness+1","Ghostly Armor+1","Madness","Wild Strike+1","Flame Barrier+1"],"relics":["Burning Blood","MawBank","Pear","Dead Branch","Blood Vial","Sozu","Red Mask","Pen Nib","Tiny Chest","Bag of Marbles","Astrolabe","Dodecahedron","Red Skull","FossilizedHelix","OrangePellets","Letter Opener","Blue Candle"],"potions_floor_usage":[4,20,20,20],"damage_taken":[{"damage":2,"enemies":"2 Louse","floor":1,"turns":2},{"damage":3,"enemies":"Jaw Worm","floor":2,"turns":4},{"damage":4,"enemies":"Cultist","floor":4,"turns":5},{"damage":31,"enemies":"Gremlin Nob","floor":6,"turns":4},{"damage":10,"enemies":"3 Louse","floor":8,"turns":3},{"damage":7,"enemies":"Exordium Thugs","floor":11,"turns":2},{"damage":27,"enemies":"3 Sentries","floor":13,"turns":5},{"damage":12,"enemies":"Blue Slaver","floor":14,"turns":3},{"damage":23,"enemies":"Hexaghost","floor":16,"turns":8},{"damage":0,"enemies":"Chosen","floor":18,"turns":3},{"damage":6,"enemies":"3 Byrds","floor":20,"turns":2},{"damage":7,"enemies":"Masked Bandits","floor":21,"turns":3},{"damage":23,"enemies":"Book of Stabbing","floor":23,"turns":5},{"damage":25,"enemies":"Snake Plant","floor":24,"turns":5},{"damage":23,"enemies":"Centurion and Healer","floor":25,"turns":4},{"damage":1,"enemies":"Chosen and Byrds","floor":27,"turns":4},{"damage":6,"enemies":"Snake Plant","floor":28,"turns":4},{"damage":0,"enemies":"Centurion and Healer","floor":29,"turns":5},{"damage":6,"enemies":"Collector","floor":33,"turns":3},{"damage":0,"enemies":"3 Darklings","floor":35,"turns":2},{"damage":2,"enemies":"Orb Walker","floor":37,"turns":2},{"damage":7,"enemies":"Writhing Mass","floor":38,"turns":4},{"damage":8,"enemies":"Nemesis","floor":40,"turns":6},{"damage":0,"enemies":"Spire Growth","floor":42,"turns":2},{"damage":0,"enemies":"Sphere and 2 Shapes","floor":44,"turns":1},{"damage":0,"enemies":"Transient","floor":46,"turns":5},{"damage":0,"enemies":"Giant Head","floor":48,"turns":5},{"damage":0,"enemies":"Donu and Deca","floor":50,"turns":6},{"damage":0,"enemies":"Shield and Spear","floor":54,"turns":2},{"damage":16,"enemies":"The Heart","floor":55,"turns":7}],"seed_played":"-1055355347030391275","potions_obtained":[{"floor":1,"key":"SpeedPotion"},{"floor":6,"key":"Strength Potion"},{"floor":8,"key":"LiquidBronze"},{"floor":13,"key":"Explosive Potion"},{"floor":16,"key":"EssenceOfSteel"}],"is_trial":false,"path_per_floor":["M","M","?","M","?","E","R","M","T","R","M","$","E","M","R","B",null,"M","?","M","?","$","E","M","M","T","M","M","M","?","$","R","B",null,"M","T","M","M","?","E","R","M","T","M","?","M","$","E","R","B",null,"R","$","E","B",null],"character_chosen":"IRONCLAD","items_purchased":["Dead Branch","Seeing Red","Madness","Ghostly Armor","Flex","Whirlwind","Bag of Marbles","Flex","OrangePellets","Madness"],"campfire_rested":2,"item_purchase_floors":[12,12,22,22,22,22,31,31,47,47],"current_hp_per_floor":[80,80,69,71,71,56,56,52,52,79,78,78,57,53,80,65,90,90,90,90,89,89,76,59,55,55,84,89,96,96,96,96,96,96,96,96,96,95,95,99,99,99,99,99,87,95,95,99,99,102,102,102,102,102,96],"gold":105,"neow_bonus":"RANDOM_COMMON_RELIC","is_prod":false,"is_daily":false,"chose_seed":false,"campfire_upgraded":4,"win_rate":0,"timestamp":1558808204,"path_taken":["M","M","?","M","?","E","R","M","T","R","M","$","E","?","R","BOSS","M","?","?","?","?","E","M","M","T","M","?","M","?","$","R","BOSS","M","?","M","M","?","E","R","M","T","M","?","M","?","E","R","BOSS","R","$","E","BOSS"],"build_version":"2019-01-23","purchased_purges":0,"victory":true,"max_hp_per_floor":[80,80,80,80,80,90,90,90,90,90,90,90,90,90,90,90,90,90,90,90,90,90,93,93,96,96,96,96,96,96,96,96,96,96,96,96,96,96,96,99,99,99,99,99,99,99,99,99,99,102,102,102,102,102,102],"card_choices":[{"not_picked":["Seeing Red","Blood for Blood"],"picked":"Ghostly Armor","floor":1},{"not_picked":["Warcry","Sentinel"],"picked":"Intimidate","floor":2},{"not_picked":["Twin Strike","Headbutt"],"picked":"Infernal Blade","floor":4},{"not_picked":["True Grit","Uppercut"],"picked":"Clothesline","floor":6},{"not_picked":["Feel No Pain","Fire Breathing"],"picked":"Flex","floor":8},{"not_picked":["Spot Weakness","Warcry"],"picked":"Sever Soul","floor":11},{"not_picked":["Flex","Wild Strike"],"picked":"Immolate","floor":13},{"not_picked":["Inflame","Anger"],"picked":"Sentinel","floor":14},{"not_picked":["Double Tap","Bludgeon"],"picked":"Feed","floor":16},{"not_picked":["Rage","Body Slam"],"picked":"Flame Barrier","floor":18},{"not_picked":["Twin Strike","Armaments"],"picked":"Pommel Strike+1","floor":20},{"not_picked":["Anger+1","Sword Boomerang"],"picked":"Intimidate","floor":21},{"not_picked":["Fire Breathing","Blood for Blood"],"picked":"Corruption+1","floor":23},{"not_picked":["Warcry","Heavy Blade+1"],"picked":"Reaper","floor":24},{"not_picked":["Headbutt","Thunderclap"],"picked":"Power Through","floor":25},{"not_picked":["Seeing Red","Blood for Blood"],"picked":"Warcry","floor":27},{"not_picked":["Body Slam","Heavy Blade"],"picked":"Sentinel+1","floor":28},{"not_picked":["Iron Wave+1","Clothesline"],"picked":"Wild Strike+1","floor":29},{"not_picked":["Demon Form","Barricade"],"picked":"Feed","floor":33},{"not_picked":["Shrug It Off+1","Armaments+1"],"picked":"Perfected Strike+1","floor":35},{"not_picked":["Power Through","True Grit+1"],"picked":"Havoc","floor":37},{"not_picked":["Clash+1","Warcry"],"picked":"Havoc+1","floor":38},{"not_picked":["Dropkick+1","Iron Wave+1"],"picked":"Impervious","floor":40},{"not_picked":["Combust","Fire Breathing+1"],"picked":"Clash","floor":42},{"not_picked":["Spot Weakness","Feel No Pain"],"picked":"Flex+1","floor":44},{"not_picked":["Reckless Charge","Twin Strike"],"picked":"Ghostly Armor+1","floor":46},{"not_picked":["Headbutt","Armaments+1"],"picked":"Wild Strike+1","floor":48},{"not_picked":["Heavy Blade+1","Wild Strike+1"],"picked":"Flame Barrier+1","floor":54}],"player_experience":263200,"relics_obtained":[{"floor":6,"key":"Pear"},{"floor":13,"key":"Blood Vial"},{"floor":21,"key":"Red Mask"},{"floor":23,"key":"Pen Nib"},{"floor":26,"key":"Tiny Chest"},{"floor":36,"key":"Dodecahedron"},{"floor":40,"key":"Red Skull"},{"floor":43,"key":"FossilizedHelix"},{"floor":48,"key":"Letter Opener"},{"floor":54,"key":"Blue Candle"}],"event_choices":[{"damage_healed":0,"gold_gain":75,"player_choice":"Gather Gold","damage_taken":11,"max_hp_gain":0,"max_hp_loss":0,"event_name":"World of Goop","floor":3,"gold_loss":0},{"damage_healed":0,"gold_gain":0,"cards_transformed":["Defend_R"],"player_choice":"Transformed","damage_taken":0,"max_hp_gain":0,"max_hp_loss":0,"event_name":"Transmorgrifier","floor":5,"gold_loss":0,"cards_obtained":["Combust"]},{"damage_healed":0,"gold_gain":0,"player_choice":"Upgraded Two","damage_taken":0,"max_hp_gain":0,"max_hp_loss":0,"event_name":"Designer","floor":19,"gold_loss":40,"cards_upgraded":["Flame Barrier","Immolate"]},{"damage_healed":0,"gold_gain":0,"player_choice":"Fought Bandits","damage_taken":0,"max_hp_gain":0,"max_hp_loss":0,"event_name":"Masked Bandits","floor":21,"gold_loss":0},{"cards_removed":["Combust"],"damage_healed":0,"gold_gain":0,"player_choice":"Took Card","damage_taken":0,"max_hp_gain":0,"max_hp_loss":0,"event_name":"NoteForYourself","floor":30,"gold_loss":0,"cards_obtained":["Iron Wave"]},{"cards_removed":["Wild Strike"],"damage_healed":0,"gold_gain":0,"player_choice":"Removed Attack","damage_taken":0,"max_hp_gain":0,"max_hp_loss":0,"event_name":"Falling","floor":39,"gold_loss":0},{"damage_healed":0,"gold_gain":0,"player_choice":"Embrace Madness","damage_taken":12,"max_hp_gain":0,"max_hp_loss":0,"event_name":"Winding Halls","floor":45,"gold_loss":0,"cards_obtained":["Madness","Madness"]}],"is_beta":false,"boss_relics":[{"not_picked":["Runic Cube","Runic Pyramid"],"picked":"Sozu"},{"not_picked":["Cursed Key","Eternal Feather"],"picked":"Astrolabe"}],"items_purged_floors":[],"is_endless":false,"potions_floor_spawned":[1,6,8,13,16,18,21,23,25,35,37,42,44],"ascension_level":0}