{"gold_per_floor":[218,393,393,237,137,137,154,184,184,184,248,248,265,278,278,375,375,390,403,436,455,472,472,472,482,482,482,499,512,512,525,525,620,620,630,630,505,727,433,466,484,484,484,484,504,504,504,517,517,517],"floor_reached":50,"playtime":2764,"items_purged":["Strike_R","Strike_R","Decay","Strike_R"],"score":547,"play_id":"ec21d5ac-6657-48af-8bd3-fa6ccf7037bd","local_time":"20180728134520","is_ascension_mode":false,"campfire_choices":[{"data":"Searing Blow","floor":6,"key":"SMITH"},{"data":"Searing Blow+1","floor":10,"key":"SMITH"},{"data":"Searing Blow+2","floor":12,"key":"SMITH"},{"data":"Searing Blow+3","floor":15,"key":"SMITH"},{"data":"Searing Blow+4","floor":23,"key":"SMITH"},{"data":"Searing Blow+5","floor":27,"key":"SMITH"},{"data":"Searing Blow+6","floor":30,"key":"SMITH"},{"data":"Searing Blow+7","floor":32,"key":"SMITH"},{"data":"Searing Blow+8","floor":42,"key":"SMITH"},{"data":"Searing Blow+10","floor":46,"key":"SMITH"},{"data":"Searing Blow+11","floor":49,"key":"SMITH"}],"neow_cost":"NONE","seed_source_timestamp":4940169331513,"circlet_count":0,"master_deck":["Defend_R+1","Defend_R+1","Defend_R+1","Bash+1","Sword Boomerang+1","Searing Blow+12","Shrug It Off+1","Shrug It Off+1","Offering+1","Pommel Strike+1","Cleave+1","Battle Trance+1","Dual Wield+1","Headbutt+1"],"relics":["Burning Blood","Mango","Frozen Egg 2","Pantograph","Empty Cage","Red Mask","Gambling Chip","Philosopher\u0027s Stone","Potion Belt","Meat on the Bone","Mercury Hourglass","Mark of the Bloom"],"potions_floor_usage":[11,20,22,28,50,50,50,50,50],"damage_taken":[{"damage":5,"enemies":"Small Slimes","floor":1,"turns":4},{"damage":1,"enemies":"Jaw Worm","floor":7,"turns":3},{"damage":37,"enemies":"Gremlin Nob","floor":8,"turns":5},{"damage":19,"enemies":"Gremlin Nob","floor":11,"turns":4},{"damage":2,"enemies":"2 Louse","floor":13,"turns":3},{"damage":0,"enemies":"2 Fungi Beasts","floor":14,"turns":3},{"damage":72,"enemies":"Hexaghost","floor":16,"turns":10},{"damage":5,"enemies":"3 Byrds","floor":18,"turns":9},{"damage":7,"enemies":"2 Thieves","floor":19,"turns":3},{"damage":13,"floor":20,"turns":4},{"damage":15,"enemies":"Snake Plant","floor":21,"turns":3},{"damage":5,"enemies":"Sentry and Sphere","floor":22,"turns":3},{"damage":0,"enemies":"Snecko","floor":25,"turns":3},{"damage":5,"enemies":"Chosen and Byrds","floor":28,"turns":4},{"damage":5,"enemies":"3 Cultists","floor":29,"turns":2},{"damage":6,"enemies":"Centurion and Healer","floor":31,"turns":2},{"damage":27,"enemies":"Automaton","floor":33,"turns":4},{"damage":5,"enemies":"Flame Bruiser 1 Orb","floor":35,"turns":1},{"damage":39,"enemies":"Nemesis","floor":40,"turns":3},{"damage":0,"enemies":"3 Shapes","floor":41,"turns":3},{"damage":5,"enemies":"Sphere and 2 Shapes","floor":45,"turns":4},{"damage":7,"enemies":"3 Darklings","floor":48,"turns":3},{"damage":60,"enemies":"Awakened One","floor":50,"turns":7}],"seed_played":"-5404128019699481145","potions_obtained":[{"floor":8,"key":"AttackPotion"},{"floor":11,"key":"Ancient Potion"},{"floor":14,"key":"Fire Potion"},{"floor":20,"key":"Explosive Potion"},{"floor":21,"key":"SteroidPotion"},{"floor":28,"key":"Explosive Potion"},{"floor":29,"key":"LiquidBronze"},{"floor":40,"key":"Energy Potion"},{"floor":48,"key":"GamblersBrew"}],"is_trial":false,"path_per_floor":["M","?","?","$","$","R","M","E","T","R","?","R","M","M","R","B",null,"M","M","?","M","M","R","?","M","T","R","M","M","R","M","R","B",null,"M","?","$","?","$","E","M","R","T","?","M","R","?","M","R"],"character_chosen":"IRONCLAD","items_purchased":["Searing Blow","Potion Belt"],"campfire_rested":0,"item_purchase_floors":[4,39],"current_hp_per_floor":[80,80,80,80,80,80,80,63,63,63,50,50,54,60,60,19,94,94,93,86,77,78,78,78,84,84,84,85,86,86,86,86,73,94,94,94,94,94,94,61,67,67,67,67,62,62,62,55,55,0],"gold":517,"neow_bonus":"HUNDRED_GOLD","is_prod":false,"is_daily":false,"chose_seed":false,"campfire_upgraded":11,"win_rate":0,"timestamp":1532810720,"path_taken":["M","?","?","?","$","R","M","E","T","R","?","R","?","?","R","BOSS","M","M","?","?","M","R","?","M","T","R","M","M","R","M","R","BOSS","M","?","$","?","$","E","M","R","T","?","?","R","?","?","R","BOSS"],"build_version":"2018-07-26","purchased_purges":4,"victory":false,"max_hp_per_floor":[80,80,80,80,80,80,80,94,94,94,94,94,94,94,94,94,94,94,94,94,94,94,94,94,94,94,94,94,94,94,94,94,94,94,94,94,94,94,94,94,94,94,94,94,94,94,94,94,94,94],"card_choices":[{"not_picked":["Feel No Pain","Body Slam"],"picked":"Sword Boomerang","floor":1},{"not_picked":["Sword Boomerang","Carnage"],"picked":"Shrug It Off","floor":7},{"not_picked":["Blood for Blood","Clash","Twin Strike"],"picked":"SKIP","floor":8},{"not_picked":["Havoc","Cleave"],"picked":"Shrug It Off","floor":13},{"not_picked":["Rage","Dark Embrace+1","Armaments"],"picked":"SKIP","floor":14},{"not_picked":["Exhume","Bludgeon"],"picked":"Offering","floor":16},{"not_picked":["Fire Breathing+1","Clash"],"picked":"Pommel Strike+1","floor":18},{"not_picked":["Warcry","Feel No Pain+1","Havoc+1"],"picked":"SKIP","floor":19},{"not_picked":["Twin Strike+1","Iron Wave"],"picked":"Cleave+1","floor":20},{"not_picked":["Limit Break","Sword Boomerang"],"picked":"Battle Trance","floor":21},{"not_picked":["Sever Soul+1","Iron Wave+1","Perfected Strike"],"picked":"SKIP","floor":22},{"not_picked":["Second Wind+1","Feel No Pain+1"],"picked":"Dual Wield+1","floor":25},{"not_picked":["Power Through","Havoc+1","Flex"],"picked":"SKIP","floor":28},{"not_picked":["Anger","Second Wind"],"picked":"Headbutt+1","floor":29},{"not_picked":["Armaments+1","Clothesline+1","Headbutt+1"],"picked":"SKIP","floor":31},{"not_picked":["Havoc+1","Warcry","Anger"],"picked":"SKIP","floor":35},{"not_picked":["Wild Strike","Fiend Fire","Body Slam+1"],"picked":"SKIP","floor":40},{"not_picked":["Corruption+1","Warcry","Pommel Strike+1"],"picked":"SKIP","floor":41},{"not_picked":["Fiend Fire","Flame Barrier+1","Cleave+1"],"picked":"SKIP","floor":45},{"not_picked":["Rupture+1","Iron Wave+1","Dropkick+1"],"picked":"SKIP","floor":48}],"player_experience":175858,"relics_obtained":[{"floor":8,"key":"Mango"},{"floor":9,"key":"Frozen Egg 2"},{"floor":11,"key":"Pantograph"},{"floor":20,"key":"Red Mask"},{"floor":26,"key":"Gambling Chip"},{"floor":40,"key":"Meat on the Bone"},{"floor":43,"key":"Mercury Hourglass"}],"event_choices":[{"event_name":"Liars Game","player_choice":"agreed","floor":2,"damage_taken":0},{"event_name":"Living Wall","player_choice":"Forget","floor":3,"damage_taken":0},{"event_name":"Dead Adventurer","player_choice":"Searched \u00271\u0027 times","floor":11,"damage_taken":0},{"event_name":"Masked Bandits","player_choice":"Fought over 403 gold","floor":20,"damage_taken":0},{"event_name":"Vampires","player_choice":"Ignored","floor":24,"damage_taken":0},{"event_name":"Wheel of Change","player_choice":"Curse","floor":36,"damage_taken":0},{"event_name":"Tomb of Lord Red Mask","player_choice":"Wore Mask","floor":38,"damage_taken":0},{"event_name":"MindBloom","player_choice":"Upgrade","floor":44,"damage_taken":0},{"event_name":"Falling","player_choice":"Removed Skill","floor":47,"damage_taken":0}],"is_beta":false,"boss_relics":[{"not_picked":["Cursed Key","Sozu"],"picked":"Empty Cage"},{"not_picked":["Eternal Feather","Fusion Hammer"],"picked":"Philosopher\u0027s Stone"}],"items_purged_floors":[4,5,37,39],"is_endless":false,"potions_floor_spawned":[8,11,14,20,21,28,29,40,48],"killed_by":"Awakened One","ascension_level":0}