{"gold_per_floor":[118,129,54,129,29,29,48,67,91,91,108,108,108,119,119,223,223,243,258,58,72,72,103,103,120,120,120,120,120,136,148,148,247,247,262,273,273,1272,1272,1272,450,450,519,519,519,534,552,40,40,40],"floor_reached":51,"playtime":3687,"items_purged":["Strike_R","Strike_R","Strike_R","Normality","Normality"],"score":684,"play_id":"f632778a-af39-4329-baf5-142c8f068e1f","local_time":"20190707004520","is_ascension_mode":false,"campfire_choices":[{"data":"Shockwave","floor":10,"key":"SMITH"},{"floor":13,"key":"REST"},{"floor":15,"key":"REST"},{"floor":24,"key":"REST"},{"floor":29,"key":"REST"},{"floor":32,"key":"REST"},{"floor":40,"key":"REST"},{"data":"Apotheosis","floor":42,"key":"SMITH"},{"data":"Secret Technique","floor":44,"key":"SMITH"},{"floor":49,"key":"REST"}],"neow_cost":"NONE","seed_source_timestamp":1197409348401900,"circlet_count":0,"master_deck":["Defend_R","Defend_R","Defend_R","Defend_R","Bash","Demon Form+1","Shockwave+1","Heavy Blade","Rupture","Metallicize","Dropkick","Warcry","Pommel Strike","Thunderclap","Inflame","Impervious","Second Wind+1","Flex+1","Carnage","Heavy Blade","Flame Barrier","Pommel Strike+1","Flex","Body Slam+1","Headbutt","Clothesline","Sword Boomerang+1","Shrug It Off","Limit Break","Shrug It Off+1","True Grit+1","Apotheosis+1","Secret Technique+1","Master of Strategy","Inflame","Flex+1","Armaments+1","Enlightenment+1","Shrug It Off+1","Inflame","Spot Weakness+1","Heavy Blade+1"],"relics":["Burning Blood","Dream Catcher","Sozu","Oddly Smooth Stone","Bottled Tornado","Runic Cube","Toxic Egg 2","Letter Opener","Shuriken","NlothsMask","Molten Egg 2"],"potions_floor_usage":[23,23],"damage_taken":[{"damage":7,"enemies":"2 Louse","floor":1,"turns":3},{"damage":16,"enemies":"Jaw Worm","floor":2,"turns":5},{"damage":7,"enemies":"Small Slimes","floor":7,"turns":6},{"damage":12,"enemies":"Looter","floor":8,"turns":4},{"damage":19,"enemies":"Exordium Wildlife","floor":11,"turns":7},{"damage":22,"enemies":"Exordium Thugs","floor":14,"turns":8},{"damage":26,"enemies":"Slime Boss","floor":16,"turns":7},{"damage":28,"enemies":"2 Thieves","floor":18,"turns":5},{"damage":26,"enemies":"3 Byrds","floor":19,"turns":6},{"damage":15,"enemies":"Snecko","floor":21,"turns":5},{"damage":23,"enemies":"Slavers","floor":23,"turns":5},{"damage":0,"enemies":"Snake Plant","floor":25,"turns":4},{"damage":12,"enemies":"3 Cultists","floor":27,"turns":5},{"damage":6,"enemies":"Snecko","floor":30,"turns":5},{"damage":23,"enemies":"Snake Plant","floor":31,"turns":3},{"damage":45,"enemies":"Champ","floor":33,"turns":8},{"damage":15,"enemies":"Orb Walker","floor":35,"turns":4},{"damage":23,"enemies":"3 Shapes","floor":36,"turns":4},{"damage":38,"enemies":"Writhing Mass","floor":46,"turns":4},{"damage":15,"enemies":"4 Shapes","floor":47,"turns":4},{"damage":56,"enemies":"Donu and Deca","floor":50,"turns":8}],"seed_played":"-8886421013566003602","potions_obtained":[{"floor":2,"key":"Explosive Potion"},{"floor":14,"key":"Fire Potion"}],"is_trial":false,"path_per_floor":["M","M","$","?","$","?","M","M","T","R","M","?","R","M","R","B",null,"M","M","$","M","?","E","R","M","T","M","?","R","M","M","R","B",null,"M","M","?","?","?","R","$","R","T","R","?","M","M","$","R","B",null],"character_chosen":"IRONCLAD","items_purchased":["Carnage","Toxic Egg 2","Flex+1","Armaments+1","Letter Opener","Enlightenment+1","Spot Weakness+1","Molten Egg 2"],"campfire_rested":7,"item_purchase_floors":[20,41,41,41,41,41,48,48],"current_hp_per_floor":[79,69,69,58,58,63,62,56,56,56,43,43,68,52,77,57,85,63,43,43,34,34,17,42,48,48,42,42,67,67,50,75,36,85,76,59,59,59,49,74,74,74,74,74,74,42,33,33,58,8],"gold":40,"neow_bonus":"TRANSFORM_CARD","is_prod":false,"is_daily":false,"chose_seed":false,"campfire_upgraded":3,"win_rate":0.0,"timestamp":1562427920,"path_taken":["M","M","$","?","?","?","M","M","T","R","M","?","R","M","R","BOSS","M","M","$","M","?","E","R","?","T","M","?","R","M","M","R","BOSS","M","M","?","?","?","R","$","R","T","R","?","?","M","$","R","BOSS"],"build_version":"2019-07-05","purchased_purges":5,"victory":true,"max_hp_per_floor":[80,80,80,80,80,85,85,85,85,85,85,85,85,85,85,85,85,85,85,85,85,85,85,85,85,85,85,85,85,85,85,85,85,85,85,85,85,85,85,85,85,85,85,85,85,85,85,85,85,85],"card_choices":[{"not_picked":["Corruption","Fire Breathing"],"picked":"Shockwave","floor":1},{"not_picked":["Shockwave","Sword Boomerang"],"picked":"Heavy Blade","floor":2},{"not_picked":["Infernal Blade","Clash"],"picked":"Rupture","floor":7},{"not_picked":["Warcry","Fire Breathing"],"picked":"Metallicize","floor":8},{"not_picked":["Headbutt","Pommel Strike"],"picked":"Dropkick","floor":11},{"not_picked":["Cleave","Sword Boomerang"],"picked":"Pommel Strike","floor":13},{"not_picked":["Pummel","Headbutt"],"picked":"Thunderclap","floor":14},{"not_picked":["Pommel Strike","Iron Wave"],"picked":"Inflame","floor":15},{"not_picked":["Bludgeon","Barricade"],"picked":"Impervious","floor":16},{"not_picked":["Cleave","Sword Boomerang"],"picked":"Second Wind+1","floor":18},{"not_picked":["Seeing Red+1","Warcry"],"picked":"Flex+1","floor":19},{"not_picked":["Infernal Blade","Ghostly Armor"],"picked":"Heavy Blade","floor":21},{"not_picked":["Sword Boomerang","Blood for Blood+1"],"picked":"Flame Barrier","floor":23},{"not_picked":["Flame Barrier","Carnage"],"picked":"Pommel Strike+1","floor":24},{"not_picked":["Twin Strike","Heavy Blade"],"picked":"Flex","floor":25},{"not_picked":["Fire Breathing","Power Through"],"picked":"Body Slam+1","floor":27},{"not_picked":["Clash","Perfected Strike"],"picked":"Headbutt","floor":29},{"not_picked":["Pommel Strike","Perfected Strike"],"picked":"Clothesline","floor":30},{"not_picked":["Disarm","Perfected Strike+1"],"picked":"Sword Boomerang+1","floor":31},{"not_picked":["Thunderclap","Iron Wave"],"picked":"Shrug It Off","floor":32},{"not_picked":["Fiend Fire","Berserk"],"picked":"Limit Break","floor":33},{"not_picked":["True Grit+1","Body Slam+1"],"picked":"Shrug It Off+1","floor":35},{"not_picked":["Pommel Strike","Clash"],"picked":"True Grit+1","floor":36},{"not_picked":["Bandage Up","Thinking Ahead"],"picked":"Apotheosis","floor":39},{"not_picked":["Impatience","Trip"],"picked":"Secret Technique","floor":39},{"not_picked":["Dark Shackles","Jack Of All Trades"],"picked":"Master of Strategy","floor":39},{"not_picked":["Cleave+1","Flex"],"picked":"Inflame","floor":40},{"not_picked":["Body Slam","Sword Boomerang+1"],"picked":"Shrug It Off+1","floor":46},{"not_picked":["Berserk","Perfected Strike"],"picked":"Inflame","floor":47},{"not_picked":["Bloodletting+1","Cleave+1"],"picked":"Heavy Blade+1","floor":49}],"player_experience":25159,"relics_obtained":[{"floor":9,"key":"Dream Catcher"},{"floor":23,"key":"Oddly Smooth Stone"},{"floor":26,"key":"Bottled Tornado"},{"floor":43,"key":"Shuriken"}],"event_choices":[{"damage_healed":0,"gold_gain":75,"player_choice":"Gather Gold","damage_taken":11,"max_hp_gain":0,"max_hp_loss":0,"event_name":"World of Goop","floor":4,"gold_loss":0},{"damage_healed":0,"gold_gain":0,"player_choice":"Donut","damage_taken":0,"max_hp_gain":5,"max_hp_loss":0,"event_name":"Big Fish","floor":6,"gold_loss":0},{"damage_healed":0,"gold_gain":0,"cards_transformed":["Strike_R"],"player_choice":"Change","damage_taken":0,"max_hp_gain":0,"max_hp_loss":0,"event_name":"Living Wall","floor":12,"gold_loss":0,"cards_obtained":["Warcry"]},{"damage_healed":0,"gold_gain":0,"player_choice":"Forge","damage_taken":0,"max_hp_gain":0,"max_hp_loss":0,"event_name":"Accursed Blacksmith","floor":22,"gold_loss":0,"cards_upgraded":["Demon Form"]},{"damage_healed":0,"gold_gain":0,"player_choice":"Ignored","damage_taken":0,"max_hp_gain":0,"max_hp_loss":0,"event_name":"Vampires","floor":28,"gold_loss":0},{"damage_healed":0,"gold_gain":0,"player_choice":"Ignored","damage_taken":0,"max_hp_gain":0,"max_hp_loss":0,"event_name":"Tomb of Lord Red Mask","floor":37,"gold_loss":0},{"damage_healed":0,"gold_gain":999,"player_choice":"Gold","damage_taken":0,"max_hp_gain":0,"max_hp_loss":0,"event_name":"MindBloom","floor":38,"gold_loss":0,"cards_obtained":["Normality","Normality"]},{"damage_healed":0,"gold_gain":0,"player_choice":"Memory 3","damage_taken":10,"max_hp_gain":0,"max_hp_loss":0,"event_name":"SensoryStone","floor":39,"gold_loss":0},{"damage_healed":0,"gold_gain":0,"player_choice":"Trade","damage_taken":0,"relics_obtained":["NlothsMask"],"max_hp_gain":0,"max_hp_loss":0,"event_name":"FaceTrader","floor":45,"gold_loss":0}],"is_beta":false,"boss_relics":[{"not_picked":["Busted Crown","Tiny House"],"picked":"Sozu"},{"not_picked":["Mark of Pain","Black Star"],"picked":"Runic Cube"}],"items_purged_floors":[3,5,20,41,48],"is_endless":false,"potions_floor_spawned":[1,2,14,19,21,23,25,35,46],"ascension_level":0}