{"gold_per_floor":[112,130,148,148,148,148,162,162,162,182,205,15,39,55,55,176,176,201,201,201,201,201,201,271,271,271,296,319,319,319,83,83,212,212,227,251,251,275,298,298,298,298,344,36,61,75,98,111,111,111],"floor_reached":50,"playtime":4701,"items_purged":["Strike_R","Corruption"],"score":488,"play_id":"e9912355-b605-4f60-b3c3-2ddde5c3288c","local_time":"20190706234218","is_ascension_mode":false,"campfire_choices":[{"data":"Anger","floor":6,"key":"SMITH"},{"data":"Bash","floor":8,"key":"SMITH"},{"floor":15,"key":"REST"},{"data":"Double Tap","floor":23,"key":"SMITH"},{"data":"Bludgeon","floor":25,"key":"SMITH"},{"floor":29,"key":"REST"},{"floor":32,"key":"REST"},{"floor":40,"key":"REST"},{"data":"Heavy Blade","floor":42,"key":"SMITH"},{"floor":49,"key":"REST"}],"neow_cost":"NONE","seed_source_timestamp":1192645771188700,"circlet_count":0,"master_deck":["Strike_R+1","Strike_R+1","Strike_R+1","Strike_R+1","Defend_R+1","Defend_R+1","Defend_R+1","Defend_R+1","Bash+1","Clothesline","Headbutt","Anger+1","Impervious+1","Rage","Flex+1","Double Tap+1","Heavy Blade+1","Flex","Hemokinesis","Bludgeon+1","Shrug It Off+1","Body Slam+1","Thunderclap+1","Bludgeon+1","Reaper+1","Bloodletting+1","Heavy Blade+1","Body Slam+1","Warcry+1","Double Tap","Infernal Blade+1","Headbutt+1","Whirlwind+1","Parasite","Anger+1"],"relics":["Burning Blood","Golden Idol","Nunchaku","Runic Pyramid","Calipers","Enchiridion","Molten Egg 2","Torii","Lizard Tail","War Paint","Lantern"],"potions_floor_usage":[50,50,50],"damage_taken":[{"damage":6,"enemies":"Jaw Worm","floor":1,"turns":4},{"damage":1,"enemies":"Cultist","floor":2,"turns":3},{"damage":0,"enemies":"Small Slimes","floor":3,"turns":3},{"damage":5,"enemies":"2 Fungi Beasts","floor":7,"turns":3},{"damage":19,"enemies":"Large Slime","floor":10,"turns":5},{"damage":15,"enemies":"Exordium Thugs","floor":11,"turns":4},{"damage":5,"enemies":"3 Louse","floor":13,"turns":2},{"damage":0,"enemies":"Blue Slaver","floor":14,"turns":2},{"damage":20,"enemies":"Slime Boss","floor":16,"turns":11},{"damage":8,"enemies":"Chosen","floor":18,"turns":4},{"damage":3,"enemies":"Spheric Guardian","floor":27,"turns":3},{"damage":34,"enemies":"Centurion and Healer","floor":28,"turns":5},{"damage":54,"enemies":"Champ","floor":33,"turns":13},{"damage":16,"enemies":"Orb Walker","floor":35,"turns":3},{"damage":23,"enemies":"3 Shapes","floor":36,"turns":3},{"damage":44,"enemies":"3 Darklings","floor":38,"turns":6},{"damage":6,"enemies":"Transient","floor":39,"turns":5},{"damage":24,"enemies":"4 Shapes","floor":45,"turns":5},{"damage":24,"enemies":"Jaw Worm Horde","floor":46,"turns":4},{"damage":1,"enemies":"Spire Growth","floor":47,"turns":3},{"damage":26,"enemies":"Writhing Mass","floor":48,"turns":7},{"damage":140,"enemies":"Awakened One","floor":50,"turns":14}],"seed_played":"-1723113774893356855","potions_obtained":[{"floor":1,"key":"Block Potion"},{"floor":11,"key":"Poison Potion"},{"floor":13,"key":"Swift Potion"},{"floor":14,"key":"Strength Potion"},{"floor":41,"key":"SteroidPotion"},{"floor":41,"key":"SteroidPotion"}],"is_trial":false,"path_per_floor":["M","M","M","?","?","R","M","R","T","M","M","$","M","M","R","B",null,"M","?","?","?","?","R","T","R","T","M","M","R","?","$","R","B",null,"M","M","?","M","M","R","?","R","T","$","M","M","M","M","R","B"],"character_chosen":"IRONCLAD","items_purchased":["Double Tap","Heavy Blade","Bludgeon+1","Lantern","Double Tap"],"campfire_rested":5,"item_purchase_floors":[12,12,31,44,44],"current_hp_per_floor":[80,80,80,60,52,52,53,53,53,40,31,31,32,38,62,48,80,78,78,78,78,62,62,62,62,62,65,37,61,61,61,80,32,80,70,53,53,36,36,60,60,60,60,60,62,49,54,34,58,0],"gold":111,"neow_bonus":"THREE_CARDS","is_prod":false,"is_daily":false,"chose_seed":false,"campfire_upgraded":5,"win_rate":0.0,"timestamp":1562424138,"path_taken":["M","M","M","?","?","R","M","R","T","M","?","?","M","M","R","BOSS","M","?","?","?","?","R","?","R","T","?","M","R","?","?","R","BOSS","M","M","?","?","M","R","?","R","T","$","M","M","M","M","R","BOSS"],"build_version":"2019-07-05","purchased_purges":2,"victory":false,"max_hp_per_floor":[80,80,80,80,80,80,80,80,80,80,80,80,80,80,80,80,80,80,80,80,80,80,80,80,80,80,80,80,80,80,80,80,80,80,80,80,80,80,80,80,80,80,80,80,80,80,80,80,80,80],"card_choices":[{"not_picked":["Armaments","Corruption"],"picked":"Clothesline","floor":0},{"not_picked":["Rupture","Sword Boomerang"],"picked":"Headbutt","floor":1},{"not_picked":["Corruption","Cleave"],"picked":"Clash","floor":2},{"not_picked":["Iron Wave","Cleave"],"picked":"Anger","floor":3},{"not_picked":["Seeing Red","Whirlwind"],"picked":"Impervious","floor":7},{"not_picked":["Headbutt","Corruption"],"picked":"Rage","floor":10},{"not_picked":["Rage","Perfected Strike"],"picked":"Flex","floor":11},{"not_picked":["Power Through","Perfected Strike"],"picked":"Flex","floor":13},{"not_picked":["Twin Strike","Disarm"],"picked":"Hemokinesis","floor":14},{"not_picked":["Double Tap","Barricade"],"picked":"Bludgeon","floor":16},{"not_picked":["Iron Wave","Thunderclap"],"picked":"Shrug It Off+1","floor":18},{"not_picked":["Clothesline+1","Disarm"],"picked":"Body Slam+1","floor":27},{"not_picked":["Headbutt+1","Power Through+1"],"picked":"Thunderclap+1","floor":28},{"not_picked":["Barricade","Fiend Fire+1"],"picked":"Reaper+1","floor":33},{"not_picked":["True Grit+1","Iron Wave+1"],"picked":"Bloodletting+1","floor":35},{"not_picked":["True Grit","Body Slam+1"],"picked":"Heavy Blade+1","floor":36},{"not_picked":["Reckless Charge+1","Warcry+1"],"picked":"Body Slam+1","floor":38},{"not_picked":["Body Slam+1","Blood for Blood+1"],"picked":"Warcry+1","floor":39},{"not_picked":["Flame Barrier","Pommel Strike+1"],"picked":"Infernal Blade+1","floor":45},{"not_picked":["Anger+1","Flex"],"picked":"Headbutt+1","floor":46},{"not_picked":["Burning Pact+1","Flame Barrier"],"picked":"Whirlwind+1","floor":47},{"not_picked":["Ghostly Armor+1","Clash+1"],"picked":"Anger+1","floor":48}],"player_experience":20458,"relics_obtained":[{"floor":9,"key":"Nunchaku"},{"floor":22,"key":"Enchiridion"},{"floor":24,"key":"Molten Egg 2"},{"floor":26,"key":"Torii"},{"floor":43,"key":"War Paint"}],"event_choices":[{"damage_healed":0,"gold_gain":0,"player_choice":"Take Damage","damage_taken":20,"relics_obtained":["Golden Idol"],"max_hp_gain":0,"max_hp_loss":0,"event_name":"Golden Idol","floor":4,"gold_loss":0},{"damage_healed":0,"gold_gain":0,"player_choice":"Damaged","damage_taken":8,"max_hp_gain":0,"max_hp_loss":0,"event_name":"Wheel of Change","floor":5,"gold_loss":0},{"damage_healed":0,"gold_gain":0,"player_choice":"Simplicity","damage_taken":0,"max_hp_gain":0,"max_hp_loss":0,"event_name":"Back to Basics","floor":19,"gold_loss":0,"cards_upgraded":["Strike_R","Strike_R","Strike_R","Strike_R","Defend_R","Defend_R","Defend_R","Defend_R"]},{"damage_healed":0,"gold_gain":0,"player_choice":"Read","damage_taken":0,"max_hp_gain":0,"max_hp_loss":0,"event_name":"The Library","floor":20,"gold_loss":0,"cards_obtained":["Corruption"]},{"damage_healed":0,"gold_gain":0,"player_choice":"Opened","damage_taken":0,"relics_obtained":["Calipers"],"max_hp_gain":0,"max_hp_loss":0,"event_name":"The Mausoleum","floor":21,"gold_loss":0},{"damage_healed":0,"gold_gain":0,"player_choice":"Obtained Book","damage_taken":16,"max_hp_gain":0,"max_hp_loss":0,"event_name":"Cursed Tome","floor":22,"gold_loss":0},{"damage_healed":0,"gold_gain":0,"player_choice":"Ignored","damage_taken":0,"max_hp_gain":0,"max_hp_loss":0,"event_name":"Vampires","floor":30,"gold_loss":0},{"cards_removed":["Clash"],"damage_healed":0,"gold_gain":0,"player_choice":"Card Removal","damage_taken":0,"max_hp_gain":0,"max_hp_loss":0,"event_name":"Wheel of Change","floor":37,"gold_loss":0},{"damage_healed":0,"gold_gain":0,"player_choice":"Got Potions","damage_taken":0,"max_hp_gain":0,"max_hp_loss":0,"event_name":"Lab","floor":41,"gold_loss":0}],"is_beta":false,"boss_relics":[{"not_picked":["Runic Cube","Eternal Feather"],"picked":"Runic Pyramid"},{"not_picked":["Velvet Choker","Coffee Dripper"],"picked":"Lizard Tail"}],"items_purged_floors":[12,31],"is_endless":false,"potions_floor_spawned":[1,11,13,14,16,27,28,36,38,45,46,47],"killed_by":"Awakened One","ascension_level":0}