{"gold_per_floor":[112,112,130,149,164,164,180,190,216,216,249,249,214,239,239,340,340,351,371,371,391,402,432,432,432,432,432,452,452,464,478,478,579,579,599,610,627,727,123,156,208,234,287,318,23,48,67,95,95,95],"floor_reached":51,"playtime":3034,"items_purged":["Writhe","Clash"],"score":944,"play_id":"357e11e8-637e-4b92-800f-463a424bee32","local_time":"20180810103910","is_ascension_mode":true,"campfire_choices":[{"floor":6,"key":"REST"},{"data":"Perfected Strike","floor":10,"key":"SMITH"},{"floor":15,"key":"REST"},{"floor":24,"key":"REST"},{"floor":27,"key":"REST"},{"data":"Perfected Strike","floor":29,"key":"SMITH"},{"data":"Perfected Strike","floor":32,"key":"SMITH"},{"data":"Perfected Strike","floor":49,"key":"SMITH"}],"neow_cost":"FIFTY_PERCENT_DAMAGE","seed_source_timestamp":78437321023219,"circlet_count":0,"master_deck":["Strike_R","Strike_R","Strike_R","Strike_R+1","Strike_R+1","Defend_R","Defend_R","Defend_R","Defend_R","Bash","Anger","Pommel Strike","Perfected Strike+1","Anger","Metallicize","Immolate","Thunderclap","Rage","Perfected Strike+1","Cleave","Perfected Strike+1","RitualDagger","Perfected Strike+1","Sword Boomerang","Power Through+1","Immolate","Heavy Blade+1","Fiend Fire","Shrug It Off","Disarm","Brutality","Pommel Strike+1","Impervious","Apotheosis","Iron Wave+1","Clothesline","Perfected Strike+1"],"relics":["Burning Blood","Nunchaku","Happy Flower","Ancient Tea Set","Juzu Bracelet","Bag of Marbles","Mark of Pain","Shuriken","Bag of Preparation","Magic Flower","Snecko Eye","Pantograph","Lee\u0027s Waffle","Dodecahedron","Dream Catcher","Pen Nib","Tiny Chest","Matryoshka","Pear","Letter Opener"],"potions_floor_usage":[14,14,21,22,23,31,33,50],"damage_taken":[{"damage":13,"enemies":"Jaw Worm","floor":1,"turns":3},{"damage":0,"enemies":"Cultist","floor":3,"turns":2},{"damage":0,"enemies":"2 Louse","floor":4,"turns":3},{"damage":4,"enemies":"2 Fungi Beasts","floor":5,"turns":2},{"damage":8,"enemies":"3 Louse","floor":7,"turns":2},{"damage":0,"enemies":"Large Slime","floor":8,"turns":5},{"damage":19,"enemies":"3 Sentries","floor":11,"turns":5},{"damage":21,"enemies":"Lagavulin","floor":14,"turns":4},{"damage":31,"enemies":"Slime Boss","floor":16,"turns":11},{"damage":10,"enemies":"Spheric Guardian","floor":18,"turns":3},{"damage":5,"enemies":"2 Thieves","floor":19,"turns":2},{"damage":8,"enemies":"Centurion and Healer","floor":21,"turns":4},{"damage":21,"enemies":"Snake Plant","floor":22,"turns":2},{"damage":41,"enemies":"Slavers","floor":23,"turns":5},{"damage":7,"enemies":"Slaver and Parasite","floor":28,"turns":3},{"damage":0,"enemies":"Centurion and Healer","floor":30,"turns":1},{"damage":0,"enemies":"Snecko","floor":31,"turns":2},{"damage":70,"enemies":"Automaton","floor":33,"turns":9},{"damage":0,"enemies":"Orb Walker","floor":35,"turns":1},{"damage":0,"enemies":"Flame Bruiser 1 Orb","floor":36,"turns":2},{"damage":2,"enemies":"Maw","floor":37,"turns":4},{"damage":14,"enemies":"Giant Head","floor":40,"turns":5},{"damage":16,"enemies":"Nemesis","floor":42,"turns":3},{"damage":8,"enemies":"Giant Head","floor":44,"turns":5},{"damage":0,"enemies":"Nemesis","floor":46,"turns":2},{"damage":1,"enemies":"Spire Growth","floor":47,"turns":2},{"damage":10,"enemies":"2 Orb Walkers","floor":48,"turns":3},{"damage":37,"enemies":"Donu and Deca","floor":50,"turns":5}],"seed_played":"6110643151609229812","potions_obtained":[{"floor":5,"key":"Weak Potion"},{"floor":7,"key":"LiquidBronze"},{"floor":16,"key":"Regen Potion"},{"floor":19,"key":"SkillPotion"},{"floor":22,"key":"GamblersBrew"},{"floor":28,"key":"Swift Potion"},{"floor":30,"key":"FearPotion"},{"floor":35,"key":"SteroidPotion"},{"floor":40,"key":"Fire Potion"},{"floor":44,"key":"Dexterity Potion"}],"is_trial":false,"path_per_floor":["M","?","M","M","M","R","M","M","T","R","E","?","?","E","R","B",null,"M","M","?","M","M","E","R","?","T","R","M","R","M","M","R","B",null,"M","M","M","?","$","E","T","E","T","E","$","E","M","E","R","B"],"character_chosen":"IRONCLAD","items_purchased":["Disarm","Pantograph","Lee\u0027s Waffle","Apotheosis"],"campfire_rested":4,"item_purchase_floors":[39,39,39,45],"current_hp_per_floor":[33,21,27,33,35,59,57,63,63,63,50,34,54,39,63,38,80,76,77,77,75,65,30,54,48,48,72,74,74,80,80,80,19,80,80,80,80,80,87,82,82,75,75,76,76,95,97,96,96,69],"gold":95,"neow_bonus":"ONE_RARE_RELIC","is_prod":false,"is_daily":false,"chose_seed":false,"campfire_upgraded":4,"win_rate":0,"timestamp":1533893950,"path_taken":["M","?","M","?","M","R","M","M","T","R","E","?","?","E","R","BOSS","M","M","?","M","M","E","R","?","T","R","M","R","M","M","R","BOSS","M","M","M","?","$","E","?","E","T","E","$","E","M","E","R","BOSS"],"build_version":"2018-08-02","purchased_purges":2,"victory":true,"max_hp_per_floor":[80,80,80,80,80,80,80,80,80,80,80,80,80,80,80,80,80,80,80,80,80,80,80,80,80,80,80,80,80,80,80,80,80,80,80,80,80,80,87,87,87,87,87,87,87,97,97,97,97,97],"card_choices":[{"not_picked":["Body Slam","Combust"],"picked":"Anger","floor":1},{"not_picked":["Disarm","Pummel"],"picked":"Clash","floor":3},{"not_picked":["Fire Breathing","Sentinel","Combust"],"picked":"SKIP","floor":4},{"not_picked":["Corruption","Thunderclap"],"picked":"Pommel Strike","floor":5},{"not_picked":["Power Through","True Grit","Corruption"],"picked":"SKIP","floor":7},{"not_picked":["Body Slam","Clash"],"picked":"Perfected Strike","floor":8},{"not_picked":["Carnage","Bloodletting"],"picked":"Anger","floor":11},{"not_picked":["Seeing Red","Brutality"],"picked":"Metallicize","floor":14},{"not_picked":["Berserk","Impervious"],"picked":"Immolate","floor":16},{"not_picked":["Clash","Second Wind+1"],"picked":"Thunderclap","floor":18},{"not_picked":["Warcry","True Grit+1"],"picked":"Rage","floor":19},{"not_picked":["Clothesline","Armaments"],"picked":"Perfected Strike","floor":21},{"not_picked":["Shockwave","Exhume"],"picked":"Cleave","floor":22},{"not_picked":["Body Slam","Clothesline"],"picked":"Perfected Strike","floor":23},{"not_picked":["Headbutt","Rampage"],"picked":"Perfected Strike+1","floor":28},{"not_picked":["Inflame","Thunderclap"],"picked":"Sword Boomerang","floor":30},{"not_picked":["Havoc+1","Pummel"],"picked":"Power Through+1","floor":31},{"not_picked":["Barricade","Limit Break"],"picked":"Immolate","floor":33},{"not_picked":["Twin Strike+1","Disarm+1"],"picked":"Heavy Blade+1","floor":35},{"not_picked":["Clash","Flex"],"picked":"Fiend Fire","floor":36},{"not_picked":["Wild Strike+1","Flex+1"],"picked":"Shrug It Off","floor":37},{"not_picked":["Wild Strike+1","Reckless Charge+1"],"picked":"Brutality","floor":40},{"not_picked":["Wild Strike+1","Thunderclap+1"],"picked":"Pommel Strike+1","floor":42},{"not_picked":["Twin Strike+1","Havoc+1"],"picked":"Impervious","floor":44},{"not_picked":["Feel No Pain","Feed"],"picked":"Iron Wave+1","floor":46},{"not_picked":["Iron Wave","Pommel Strike"],"picked":"Clothesline","floor":47},{"not_picked":["Heavy Blade","Cleave"],"picked":"Perfected Strike","floor":48}],"player_experience":141248,"relics_obtained":[{"floor":9,"key":"Ancient Tea Set"},{"floor":11,"key":"Juzu Bracelet"},{"floor":14,"key":"Bag of Marbles"},{"floor":23,"key":"Bag of Preparation"},{"floor":26,"key":"Magic Flower"},{"floor":40,"key":"Dodecahedron"},{"floor":41,"key":"Dream Catcher"},{"floor":42,"key":"Pen Nib"},{"floor":43,"key":"Tiny Chest"},{"floor":44,"key":"Matryoshka"},{"floor":46,"key":"Pear"},{"floor":48,"key":"Letter Opener"}],"event_choices":[{"event_name":"Scrap Ooze","player_choice":"success","floor":2,"damage_taken":12},{"event_name":"Shining Light","player_choice":"Entered Light","floor":12,"damage_taken":0},{"event_name":"The Cleric","player_choice":"Healed","floor":13,"damage_taken":0},{"event_name":"The Mausoleum","player_choice":"Yes","floor":20,"damage_taken":0},{"event_name":"Nest","player_choice":"Joined the Cult","floor":25,"damage_taken":0},{"event_name":"Golden Shrine","player_choice":"Pray","floor":38,"damage_taken":0}],"is_beta":false,"boss_relics":[{"not_picked":["Runic Cube","Coffee Dripper"],"picked":"Mark of Pain"},{"not_picked":["Empty Cage","Orrery"],"picked":"Snecko Eye"}],"items_purged_floors":[39,45],"is_endless":false,"potions_floor_spawned":[5,7,16,19,22,28,30,35,40,44,46],"ascension_level":1}