{"gold_per_floor":[115,129,129,143,143,175,175,202,202,229,247,13,45,45,45,45],"floor_reached":16,"playtime":1022,"items_purged":["Fire Breathing"],"score":128,"play_id":"542eb19f-92da-4888-bfdc-905b807645c1","local_time":"20190702003354","is_ascension_mode":false,"campfire_choices":[{"data":"Bash","floor":7,"key":"SMITH"},{"floor":15,"key":"REST"}],"neow_cost":"NONE","seed_source_timestamp":478055376517757,"circlet_count":0,"master_deck":["Strike_R","Strike_R","Strike_R","Defend_R","Defend_R","Defend_R","Defend_R","Bash+1","Battle Trance","Clothesline","Twin Strike","Clothesline","Ghostly Armor","Battle Trance","Feel No Pain","Corruption","Whirlwind","Impervious+1"],"relics":["Burning Blood","Vajra","Gambling Chip","Ice Cream","Pocketwatch","Bag of Marbles","Toxic Egg 2"],"potions_floor_usage":[16],"damage_taken":[{"damage":8,"enemies":"Small Slimes","floor":1,"turns":3},{"damage":8,"enemies":"Cultist","floor":2,"turns":5},{"damage":5,"enemies":"2 Louse","floor":4,"turns":2},{"damage":14,"enemies":"Gremlin Nob","floor":6,"turns":4},{"damage":34,"enemies":"3 Sentries","floor":8,"turns":10},{"damage":10,"enemies":"Gremlin Nob","floor":10,"turns":3},{"damage":10,"enemies":"Gremlin Gang","floor":11,"turns":5},{"damage":9,"enemies":"3 Sentries","floor":13,"turns":6},{"damage":50,"enemies":"Hexaghost","floor":16,"turns":11}],"seed_played":"-5595919270026106060","potions_obtained":[{"floor":1,"key":"Ancient Potion"},{"floor":8,"key":"Weak Potion"},{"floor":11,"key":"FearPotion"}],"is_trial":false,"path_per_floor":["M","M","?","M","?","E","R","E","T","E","M","$","E","?","R","B"],"character_chosen":"IRONCLAD","items_purchased":["Corruption","Whirlwind"],"campfire_rested":1,"item_purchase_floors":[12,12],"current_hp_per_floor":[78,76,69,70,70,62,62,34,34,30,26,26,23,23,47,0],"gold":45,"neow_bonus":"RANDOM_COMMON_RELIC","is_prod":false,"is_daily":false,"chose_seed":false,"campfire_upgraded":1,"win_rate":0,"timestamp":1562052834,"path_taken":["M","M","?","M","?","E","R","E","T","E","?","$","E","?","R","BOSS"],"build_version":"2019-07-01","purchased_purges":1,"victory":false,"max_hp_per_floor":[80,80,80,80,80,80,80,80,80,80,80,80,80,80,80,80],"card_choices":[{"not_picked":["Infernal Blade","Cleave"],"picked":"Battle Trance","floor":1},{"not_picked":["Havoc","Flex"],"picked":"Clothesline","floor":2},{"not_picked":["Wild Strike","Rupture"],"picked":"Twin Strike","floor":4},{"not_picked":["Power Through","Anger"],"picked":"Clothesline","floor":6},{"not_picked":["Disarm","Anger"],"picked":"Ghostly Armor","floor":8},{"not_picked":["Anger","Heavy Blade"],"picked":"Battle Trance","floor":10},{"not_picked":["Twin Strike","Reckless Charge"],"picked":"Feel No Pain","floor":11},{"not_picked":["Fire Breathing","True Grit"],"picked":"Impervious","floor":13}],"player_experience":268149,"relics_obtained":[{"floor":6,"key":"Gambling Chip"},{"floor":8,"key":"Ice Cream"},{"floor":9,"key":"Pocketwatch"},{"floor":10,"key":"Bag of Marbles"},{"floor":13,"key":"Toxic Egg 2"}],"event_choices":[{"cards_removed":["Strike_R"],"damage_healed":0,"gold_gain":0,"player_choice":"Card Removal","damage_taken":7,"max_hp_gain":0,"max_hp_loss":0,"event_name":"Golden Wing","floor":3,"gold_loss":0},{"damage_healed":0,"gold_gain":0,"cards_transformed":["Strike_R"],"player_choice":"Transformed","damage_taken":0,"max_hp_gain":0,"max_hp_loss":0,"event_name":"Transmorgrifier","floor":5,"gold_loss":0,"cards_obtained":["Fire Breathing"]},{"damage_healed":0,"gold_gain":0,"player_choice":"Ignored","damage_taken":0,"max_hp_gain":0,"max_hp_loss":0,"event_name":"Liars Game","floor":14,"gold_loss":0}],"is_beta":false,"boss_relics":[],"items_purged_floors":[12],"is_endless":false,"potions_floor_spawned":[1,8,11,13],"killed_by":"Hexaghost","ascension_level":0}