{"gold_per_floor":[113,113,38,38,52,2,28,28,28,28,61,61,72,85,85,85],"floor_reached":16,"playtime":1287,"items_purged":["Strike_G"],"score":113,"play_id":"89deb167-8312-4637-aaa7-df9d8acf7869","local_time":"20190624231246","is_ascension_mode":true,"campfire_choices":[{"data":"Terror","floor":10,"key":"SMITH"},{"floor":12,"key":"REST"},{"floor":15,"key":"REST"}],"neow_cost":"NONE","seed_source_timestamp":240123210126300,"circlet_count":0,"master_deck":["Defend_G","Defend_G","Defend_G","Defend_G","Strike_G","Strike_G","Strike_G","Survivor","Neutralize","Acrobatics","Terror+1","Backflip","Reflex","Outmaneuver","Blur"],"relics":["Ring of the Snake","Vajra","Girya","Paper Crane"],"potions_floor_usage":[0,7,7,16,16],"damage_taken":[{"damage":0,"enemies":"Small Slimes","floor":1,"turns":5},{"damage":4,"enemies":"2 Louse","floor":5,"turns":5},{"damage":19,"enemies":"Lagavulin","floor":7,"turns":10},{"damage":51,"enemies":"3 Sentries","floor":11,"turns":22},{"damage":0,"enemies":"Cultist","floor":13,"turns":4},{"damage":2,"enemies":"Looter","floor":14,"turns":4},{"damage":62,"enemies":"Slime Boss","floor":16,"turns":11}],"seed_played":"5690139747346271730","potions_obtained":[{"floor":0,"key":"Fire Potion"},{"floor":0,"key":"EssenceOfSteel"},{"floor":0,"key":"Fruit Juice"},{"floor":11,"key":"Energy Potion"},{"floor":13,"key":"PowerPotion"},{"floor":14,"key":"LiquidBronze"}],"is_trial":false,"path_per_floor":["M","?","$","?","M","?","E","$","T","R","E","R","M","M","R","B"],"character_chosen":"THE_SILENT","items_purchased":[],"campfire_rested":2,"item_purchase_floors":[],"current_hp_per_floor":[75,80,80,80,76,76,57,57,57,57,6,30,30,28,52,0],"gold":85,"neow_bonus":"THREE_SMALL_POTIONS","is_prod":false,"is_daily":false,"chose_seed":false,"campfire_upgraded":1,"win_rate":0,"timestamp":1561443166,"path_taken":["M","?","$","?","M","?","E","$","T","R","E","R","M","M","R","BOSS"],"build_version":"2019-01-23","purchased_purges":1,"victory":false,"max_hp_per_floor":[75,80,80,80,80,80,80,80,80,80,80,80,80,80,80,80],"card_choices":[{"not_picked":["Cloak And Dagger","Well Laid Plans"],"picked":"Acrobatics","floor":1},{"not_picked":["Dodge and Roll","Slice"],"picked":"Backflip","floor":5},{"not_picked":["Cloak And Dagger","Predator","Dodge and Roll"],"picked":"SKIP","floor":7},{"not_picked":["Dagger Spray","Flying Knee"],"picked":"Reflex","floor":11},{"not_picked":["Flying Knee","PiercingWail"],"picked":"Outmaneuver","floor":13},{"not_picked":["Quick Slash","Deadly Poison"],"picked":"Blur","floor":14}],"player_experience":92817,"relics_obtained":[{"floor":7,"key":"Vajra"},{"floor":9,"key":"Girya"},{"floor":11,"key":"Paper Crane"}],"event_choices":[{"damage_healed":0,"gold_gain":0,"player_choice":"Donut","damage_taken":0,"max_hp_gain":5,"max_hp_loss":0,"event_name":"Big Fish","floor":2,"gold_loss":0},{"damage_healed":0,"gold_gain":0,"cards_transformed":["Strike_G"],"player_choice":"Change","damage_taken":0,"max_hp_gain":0,"max_hp_loss":0,"event_name":"Living Wall","floor":4,"gold_loss":0,"cards_obtained":["Terror"]},{"cards_removed":["Defend_G"],"damage_healed":0,"gold_gain":0,"player_choice":"Card Removal","damage_taken":0,"max_hp_gain":0,"max_hp_loss":0,"event_name":"The Cleric","floor":6,"gold_loss":50}],"is_beta":false,"boss_relics":[],"items_purged_floors":[3],"is_endless":false,"potions_floor_spawned":[11,13,14],"killed_by":"Slime Boss","ascension_level":1}