{"gold_per_floor":[117,117,42,57,73,106,106,135,135,135,154,134,148,173,173,268,268,268,218,218,9,9,9,9,9,9,9,0,0,0,0,0,0,0,0,0,0,0,0,0,0,0,0,0,0,0,0,0,0,0],"floor_reached":51,"playtime":2741,"items_purged":["Strike_B"],"score":912,"play_id":"603d997a-ff80-4dd4-9a66-d06ee7cba193","local_time":"20190414214232","is_ascension_mode":true,"campfire_choices":[{"data":"Streamline","floor":7,"key":"SMITH"},{"data":"Zap","floor":10,"key":"SMITH"},{"data":"Gash","floor":15,"key":"SMITH"},{"floor":32,"key":"REST"},{"data":"Biased Cognition","floor":40,"key":"SMITH"},{"data":"Dualcast","floor":42,"key":"SMITH"},{"floor":49,"key":"REST"}],"neow_cost":"NONE","seed_source_timestamp":2944057184241074,"circlet_count":0,"master_deck":["Strike_B","Strike_B+1","Defend_B","Defend_B","Defend_B","Defend_B","Zap+1","Dualcast+1","Ball Lightning","Streamline+1","Gash+1","Chill","Electrodynamics","Biased Cognition+1","Gash+1","Cold Snap+1","Glacier","Gash","Gash+1","All For One","Gash+1","Fusion+1"],"relics":["Cracked Core","PreservedInsect","Lantern","Singing Bowl","Centennial Puzzle","The Courier","Ectoplasm","Shuriken","Sundial","Whetstone","Regal Pillow","Ice Cream","Inserter","DataDisk","Cables","Bottled Flame","Letter Opener"],"potions_floor_usage":[13,16,16,31,33,44,48,50],"damage_taken":[{"damage":1,"enemies":"2 Louse","floor":1,"turns":3},{"damage":6,"enemies":"Jaw Worm","floor":4,"turns":2},{"damage":1,"enemies":"Cultist","floor":5,"turns":3},{"damage":6,"enemies":"Gremlin Nob","floor":6,"turns":3},{"damage":13,"enemies":"Lagavulin","floor":8,"turns":4},{"damage":1,"enemies":"Exordium Thugs","floor":11,"turns":3},{"damage":0,"enemies":"Large Slime","floor":13,"turns":3},{"damage":9,"enemies":"3 Sentries","floor":14,"turns":3},{"damage":11,"enemies":"Slime Boss","floor":16,"turns":5},{"damage":0,"enemies":"3 Byrds","floor":18,"turns":2},{"damage":0,"enemies":"Spheric Guardian","floor":20,"turns":2},{"damage":6,"enemies":"Snake Plant","floor":22,"turns":3},{"damage":19,"enemies":"Gremlin Leader","floor":23,"turns":5},{"damage":13,"enemies":"Snecko","floor":24,"turns":3},{"damage":11,"enemies":"Slavers","floor":25,"turns":4},{"damage":1,"enemies":"Cultist and Chosen","floor":29,"turns":4},{"damage":0,"enemies":"Chosen and Byrds","floor":30,"turns":5},{"damage":0,"enemies":"Shelled Parasite and Fungi","floor":31,"turns":4},{"damage":25,"enemies":"Champ","floor":33,"turns":8},{"damage":10,"enemies":"Orb Walker","floor":35,"turns":3},{"damage":0,"enemies":"3 Shapes","floor":39,"turns":4},{"damage":0,"enemies":"Giant Head","floor":41,"turns":6},{"damage":4,"enemies":"Jaw Worm Horde","floor":44,"turns":2},{"damage":17,"enemies":"Nemesis","floor":45,"turns":5},{"damage":21,"enemies":"Writhing Mass","floor":46,"turns":4},{"damage":0,"enemies":"Reptomancer","floor":48,"turns":6},{"damage":65,"enemies":"Time Eater","floor":50,"turns":9}],"seed_played":"6801850559226571016","potions_obtained":[{"floor":5,"key":"SpeedPotion"},{"floor":11,"key":"Explosive Potion"},{"floor":13,"key":"Ancient Potion"},{"floor":14,"key":"Regen Potion"},{"floor":20,"key":"SteroidPotion"},{"floor":29,"key":"SteroidPotion"},{"floor":31,"key":"AttackPotion"},{"floor":33,"key":"Poison Potion"},{"floor":36,"key":"FairyPotion"},{"floor":39,"key":"Block Potion"},{"floor":46,"key":"FearPotion"},{"floor":48,"key":"Regen Potion"}],"is_trial":false,"path_per_floor":["M","?","$","M","M","E","R","E","T","R","M","?","M","E","R","B",null,"M","?","M","$","M","E","M","E","T","T","?","M","M","M","R","B",null,"M","?","$","?","M","R","E","R","T","M","E","M","$","E","R","B",null],"character_chosen":"DEFECT","items_purchased":["Shuriken"],"campfire_rested":2,"item_purchase_floors":[21],"current_hp_per_floor":[74,67,67,61,60,54,54,43,43,43,42,42,42,35,35,38,79,79,79,79,79,75,56,43,32,32,32,32,33,35,37,78,53,87,79,79,79,79,79,79,79,79,79,77,62,43,43,45,89,39],"gold":0,"neow_bonus":"RANDOM_COMMON_RELIC","is_prod":false,"is_daily":false,"chose_seed":false,"campfire_upgraded":5,"win_rate":0,"timestamp":1555274552,"path_taken":["M","?","$","M","M","E","R","E","T","R","M","?","M","E","R","BOSS","M","?","M","$","?","E","M","E","T","?","?","M","M","M","R","BOSS","M","?","?","?","M","R","E","R","T","M","E","M","$","E","R","BOSS"],"build_version":"2019-01-23","purchased_purges":1,"victory":true,"max_hp_per_floor":[75,75,75,75,75,75,75,77,77,77,77,77,77,79,79,79,79,79,79,79,79,81,81,81,81,81,81,81,83,85,87,87,87,87,89,89,89,89,89,89,89,89,89,91,93,95,95,97,97,97],"card_choices":[{"not_picked":["Beam Cell","Compile Driver"],"picked":"Ball Lightning","floor":1},{"not_picked":["Compile Driver","Rebound","Redo"],"picked":"SKIP","floor":4},{"not_picked":["Beam Cell","Force Field"],"picked":"Streamline","floor":5},{"not_picked":["Streamline","Melter"],"picked":"Gash","floor":6},{"not_picked":["Rebound","Hello World","Ball Lightning"],"picked":"Singing Bowl","floor":8},{"not_picked":["Genetic Algorithm","Hologram"],"picked":"Chill","floor":11},{"not_picked":["Fusion","Rip and Tear"],"picked":"Electrodynamics","floor":13},{"not_picked":["Melter","Rebound","Conserve Battery"],"picked":"Singing Bowl","floor":14},{"not_picked":["Buffer","Hyperbeam"],"picked":"Biased Cognition","floor":16},{"not_picked":["Streamline","White Noise"],"picked":"Gash","floor":18},{"not_picked":["Blizzard","Recycle"],"picked":"Cold Snap+1","floor":20},{"not_picked":["Conserve Battery+1","Barrage","Compile Driver+1"],"picked":"Singing Bowl","floor":22},{"not_picked":["FTL+1","Leap"],"picked":"Glacier","floor":23},{"not_picked":["Loop+1","Hologram"],"picked":"Gash","floor":24},{"not_picked":["Rebound","Compile Driver"],"picked":"Gash+1","floor":25},{"not_picked":["White Noise","Leap","Sweeping Beam"],"picked":"Singing Bowl","floor":29},{"not_picked":["Hologram","Doom and Gloom","Sunder"],"picked":"Singing Bowl","floor":30},{"not_picked":["Hyperbeam","Leap","Compile Driver"],"picked":"Singing Bowl","floor":31},{"not_picked":["Multi-Cast","Echo Form"],"picked":"All For One","floor":33},{"not_picked":["Rebound+1","Turbo","Rip and Tear+1"],"picked":"Singing Bowl","floor":35},{"not_picked":["Blizzard","Loop"],"picked":"Gash+1","floor":39},{"not_picked":["Steam","Storm+1"],"picked":"Fusion+1","floor":41},{"not_picked":["Redo","Cold Snap","Leap"],"picked":"Singing Bowl","floor":44},{"not_picked":["Beam Cell","Heatsinks+1","Self Repair+1"],"picked":"Singing Bowl","floor":45},{"not_picked":["Storm+1","Streamline+1","Leap"],"picked":"Singing Bowl","floor":46},{"not_picked":["Stack","Turbo","Fission"],"picked":"Singing Bowl","floor":48}],"player_experience":1757508,"relics_obtained":[{"floor":6,"key":"Lantern"},{"floor":8,"key":"Singing Bowl"},{"floor":9,"key":"Centennial Puzzle"},{"floor":14,"key":"The Courier"},{"floor":23,"key":"Sundial"},{"floor":25,"key":"Whetstone"},{"floor":26,"key":"Regal Pillow"},{"floor":27,"key":"Ice Cream"},{"floor":41,"key":"DataDisk"},{"floor":43,"key":"Cables"},{"floor":45,"key":"Bottled Flame"},{"floor":48,"key":"Letter Opener"}],"event_choices":[{"cards_removed":["Strike_B"],"damage_healed":0,"gold_gain":0,"player_choice":"Card Removal","damage_taken":7,"max_hp_gain":0,"max_hp_loss":0,"event_name":"Golden Wing","floor":2,"gold_loss":0},{"damage_healed":0,"gold_gain":0,"player_choice":"Left Gold","damage_taken":0,"max_hp_gain":0,"max_hp_loss":0,"event_name":"World of Goop","floor":12,"gold_loss":20},{"damage_healed":0,"gold_gain":100,"player_choice":"Bet on Murderer","damage_taken":0,"max_hp_gain":0,"max_hp_loss":0,"event_name":"The Joust","floor":19,"gold_loss":50},{"damage_healed":0,"gold_gain":0,"player_choice":"Paid Fearfully","damage_taken":0,"max_hp_gain":0,"max_hp_loss":0,"event_name":"Masked Bandits","floor":28,"gold_loss":9},{"damage_healed":0,"gold_gain":0,"player_choice":"Got Potions","damage_taken":0,"max_hp_gain":0,"max_hp_loss":0,"event_name":"Lab","floor":36,"gold_loss":0},{"damage_healed":0,"gold_gain":0,"player_choice":"Ignored","damage_taken":0,"max_hp_gain":0,"max_hp_loss":0,"event_name":"SecretPortal","floor":38,"gold_loss":0}],"is_beta":false,"boss_relics":[{"not_picked":["FrozenCore","Runic Pyramid"],"picked":"Ectoplasm"},{"not_picked":["Fusion Hammer","Sozu"],"picked":"Inserter"}],"items_purged_floors":[3],"is_endless":false,"potions_floor_spawned":[5,11,13,14,20,29,30,31,33,39,41,46,48],"ascension_level":1}