{"gold_per_floor":[111,36,36,52,72,72,103,103,126,158,158,178,178,197,197,272,272,283,283,383,383,353],"floor_reached":22,"playtime":1198,"items_purged":["Normality"],"score":336,"play_id":"5f25d254-567b-4a32-bb39-26a17803f394","local_time":"20190326221342","is_ascension_mode":true,"campfire_choices":[{"data":"Streamline","floor":6,"key":"SMITH"},{"data":"Zap","floor":8,"key":"SMITH"},{"data":"Dualcast","floor":11,"key":"SMITH"},{"data":"Go for the Eyes","floor":13,"key":"SMITH"},{"data":"Coolheaded","floor":15,"key":"SMITH"}],"neow_cost":"CURSE","seed_source_timestamp":1309385467222971,"circlet_count":0,"master_deck":["AscendersBane","Strike_B","Strike_B","Defend_B","Defend_B","Zap+1","Dualcast+1","Go for the Eyes+1","Streamline+1","Coolheaded+1","Sweeping Beam","Machine Learning","Gash+1","Scrape+1","Storm","Creative AI","Ball Lightning"],"relics":["Cracked Core","Blood Vial","Peace Pipe","Smiling Mask","Emotion Chip","Astrolabe","Dead Branch","Bottled Lightning"],"potions_floor_usage":[7,10,14],"damage_taken":[{"damage":2,"enemies":"2 Louse","floor":1,"turns":3},{"damage":1,"enemies":"Cultist","floor":4,"turns":3},{"damage":0,"enemies":"Small Slimes","floor":5,"turns":3},{"damage":15,"enemies":"Lagavulin","floor":7,"turns":6},{"damage":36,"enemies":"3 Sentries","floor":10,"turns":6},{"damage":3,"enemies":"2 Fungi Beasts","floor":12,"turns":3},{"damage":2,"enemies":"Looter","floor":14,"turns":3},{"damage":20,"enemies":"The Guardian","floor":16,"turns":11},{"damage":9,"enemies":"Spheric Guardian","floor":18,"turns":3},{"damage":33,"enemies":"Colosseum Slavers","floor":20,"turns":4},{"damage":28,"enemies":"Colosseum Nobs","floor":20,"turns":5},{"damage":22,"enemies":"2 Thieves","floor":22,"turns":1}],"seed_played":"210087880393685209","potions_obtained":[{"floor":5,"key":"Block Potion"},{"floor":7,"key":"Poison Potion"},{"floor":12,"key":"EssenceOfSteel"},{"floor":16,"key":"FairyPotion"}],"is_trial":false,"path_per_floor":["M","$","?","M","M","R","E","R","T","E","R","M","R","M","R","B",null,"M","?","?","?","M"],"character_chosen":"DEFECT","items_purchased":[],"campfire_rested":0,"item_purchase_floors":[],"current_hp_per_floor":[76,76,76,77,79,79,66,66,66,32,32,31,31,31,31,13,67,60,60,3,3,0],"gold":353,"neow_bonus":"TWENTY_PERCENT_HP_BONUS","is_prod":false,"is_daily":false,"chose_seed":false,"campfire_upgraded":5,"win_rate":0,"timestamp":1553638422,"path_taken":["M","$","?","M","M","R","E","R","T","E","R","?","R","M","R","BOSS","M","?","?","?","M"],"build_version":"2019-01-23","purchased_purges":1,"victory":false,"max_hp_per_floor":[85,85,85,85,85,85,85,85,85,85,85,85,85,85,85,85,85,85,85,85,85,85],"card_choices":[{"not_picked":["Conserve Battery","Rip and Tear"],"picked":"Gash","floor":1},{"not_picked":["Skim","Conserve Battery"],"picked":"Go for the Eyes","floor":4},{"not_picked":["Beam Cell","Coolheaded"],"picked":"Streamline","floor":5},{"not_picked":["Barrage","Turbo"],"picked":"Coolheaded","floor":7},{"not_picked":["Steam Power","Storm","Meteor Strike"],"picked":"SKIP","floor":10},{"not_picked":["Streamline","Lockon","Steam Power"],"picked":"SKIP","floor":12},{"not_picked":["Capacitor","Melter"],"picked":"Sweeping Beam","floor":14},{"not_picked":["Buffer","All For One"],"picked":"Machine Learning","floor":16},{"not_picked":["Barrage","Coolheaded","Consume"],"picked":"SKIP","floor":18},{"not_picked":["Consume","Compile Driver"],"picked":"Ball Lightning","floor":20}],"player_experience":1646643,"relics_obtained":[{"floor":7,"key":"Peace Pipe"},{"floor":9,"key":"Smiling Mask"},{"floor":10,"key":"Emotion Chip"},{"floor":20,"key":"Dead Branch"},{"floor":20,"key":"Bottled Lightning"}],"event_choices":[{"cards_removed":["Gash"],"damage_healed":0,"gold_gain":0,"player_choice":"Gave Card","damage_taken":0,"relics_obtained":["Blood Vial"],"max_hp_gain":0,"max_hp_loss":0,"event_name":"WeMeetAgain","floor":3,"gold_loss":0},{"damage_healed":0,"gold_gain":0,"cards_transformed":["Static Discharge","Defend_B"],"player_choice":"Became Test Subject","damage_taken":0,"max_hp_gain":0,"max_hp_loss":0,"event_name":"Drug Dealer","floor":19,"gold_loss":0,"cards_obtained":["Storm","Creative AI"]},{"damage_healed":0,"gold_gain":0,"player_choice":"Fight","damage_taken":0,"max_hp_gain":0,"max_hp_loss":0,"event_name":"Colosseum","floor":20,"gold_loss":0},{"damage_healed":0,"gold_gain":0,"player_choice":"Fought Nobs","damage_taken":0,"max_hp_gain":0,"max_hp_loss":0,"event_name":"Colosseum","floor":20,"gold_loss":0},{"damage_healed":0,"gold_gain":0,"player_choice":"Ignored","damage_taken":0,"max_hp_gain":0,"max_hp_loss":0,"event_name":"Cursed Tome","floor":21,"gold_loss":0}],"is_beta":false,"boss_relics":[{"not_picked":["Velvet Choker","Ectoplasm"],"picked":"Astrolabe"}],"items_purged_floors":[2],"is_endless":false,"potions_floor_spawned":[5,7,12,16],"killed_by":"2 Thieves","ascension_level":15}