{"gold_per_floor":[110,110,110,35,49,49,72,147,147,147,171,189,189,189,189,318,318,334,10,10,25,25,25,38,38,38,38,57,81,106,106],"floor_reached":31,"playtime":14209,"items_purged":["Injury","Defend_G"],"score":318,"play_id":"42f4bfea-f389-498b-834f-06c49c7fc00f","local_time":"20190407234550","is_ascension_mode":true,"campfire_choices":[{"data":"Dodge and Roll","floor":6,"key":"SMITH"},{"floor":13,"key":"REST"},{"data":"Dagger Spray","floor":15,"key":"SMITH"},{"data":"Envenom","floor":23,"key":"SMITH"},{"floor":27,"key":"REST"}],"neow_cost":"NONE","seed_source_timestamp":34230709226300,"circlet_count":0,"master_deck":["Defend_G","Defend_G","Defend_G+1","Defend_G","Strike_G","Strike_G+1","Strike_G","Strike_G","Survivor","Neutralize+1","Dagger Spray+1","Dodge and Roll+1","Deflect","Acrobatics","Backflip","Envenom+1","Prepared+1","Shame","Flying Knee+1","Bane+1","Backstab+1","Footwork+1"],"relics":["Ring of the Snake","Golden Idol","Mercury Hourglass","FaceOfCleric","Black Star","Snake Skull","Molten Egg 2","Bottled Lightning"],"potions_floor_usage":[11,21,29],"damage_taken":[{"damage":0,"enemies":"Small Slimes","floor":1,"turns":4},{"damage":0,"enemies":"Jaw Worm","floor":5,"turns":4},{"damage":0,"enemies":"2 Louse","floor":7,"turns":2},{"damage":4,"enemies":"Large Slime","floor":11,"turns":6},{"damage":2,"enemies":"Gremlin Gang","floor":12,"turns":3},{"damage":20,"enemies":"The Guardian","floor":16,"turns":16},{"damage":29,"enemies":"Spheric Guardian","floor":18,"turns":6},{"damage":17,"enemies":"Shell Parasite","floor":21,"turns":10},{"damage":9,"enemies":"Snake Plant","floor":24,"turns":6},{"damage":9,"enemies":"Centurion and Healer","floor":28,"turns":6},{"damage":27,"enemies":"Sentry and Sphere","floor":29,"turns":7},{"damage":12,"enemies":"Cultist and Chosen","floor":30,"turns":5},{"damage":11,"enemies":"Slavers","floor":31,"turns":1}],"seed_played":"4215658270768876913","potions_obtained":[{"floor":5,"key":"PowerPotion"},{"floor":12,"key":"Ancient Potion"},{"floor":21,"key":"Ancient Potion"},{"floor":30,"key":"SteroidPotion"}],"is_trial":false,"path_per_floor":["M","?","?","$","M","R","M","?","T","?","M","M","R","?","R","B",null,"M","$","?","M","?","R","M","?","T","R","M","M","M","E"],"character_chosen":"THE_SILENT","items_purchased":["Regen Potion","Snake Skull"],"campfire_rested":2,"item_purchase_floors":[19,19],"current_hp_per_floor":[63,63,49,49,49,49,49,38,38,38,35,34,55,55,55,36,64,36,36,36,35,35,35,27,27,27,49,41,15,4,0],"gold":106,"neow_bonus":"UPGRADE_CARD","is_prod":false,"is_daily":false,"chose_seed":false,"campfire_upgraded":3,"win_rate":0,"timestamp":1554705950,"path_taken":["M","?","?","$","?","R","M","?","T","?","?","M","R","?","R","BOSS","M","?","?","M","?","R","M","?","T","R","?","M","M","E"],"build_version":"2019-01-23","purchased_purges":2,"victory":false,"max_hp_per_floor":[70,70,70,70,70,70,70,70,70,70,71,72,72,72,72,73,73,74,74,74,75,75,75,76,76,76,76,77,78,79,79],"card_choices":[{"not_picked":["Acrobatics","Underhanded Strike"],"picked":"Dagger Spray","floor":1},{"not_picked":["Flying Knee","Deadly Poison"],"picked":"Dodge and Roll","floor":5},{"not_picked":["Slice","Prepared"],"picked":"Deflect","floor":7},{"not_picked":["Tactician","Caltrops"],"picked":"Acrobatics","floor":11},{"not_picked":["Calculated Gamble","Wraith Form v2","Poisoned Stab"],"picked":"SKIP","floor":12},{"not_picked":["Die Die Die","After Image"],"picked":"Envenom","floor":16},{"not_picked":["Eviscerate","Choke"],"picked":"Prepared+1","floor":18},{"not_picked":["Choke+1","Sucker Punch+1","Dagger Spray+1"],"picked":"SKIP","floor":21},{"not_picked":["Dagger Spray+1","Underhanded Strike+1"],"picked":"Flying Knee+1","floor":24},{"not_picked":["Flying Knee+1","Well Laid Plans"],"picked":"Bane+1","floor":28},{"not_picked":["Tactician","Dodge and Roll+1"],"picked":"Backstab+1","floor":29},{"not_picked":["Masterful Stab+1","Deflect"],"picked":"Footwork+1","floor":30}],"player_experience":1275951,"relics_obtained":[{"floor":9,"key":"Mercury Hourglass"},{"floor":26,"key":"Bottled Lightning"}],"event_choices":[{"damage_healed":0,"gold_gain":0,"player_choice":"Take Wound","damage_taken":0,"relics_obtained":["Golden Idol"],"max_hp_gain":0,"max_hp_loss":0,"event_name":"Golden Idol","floor":2,"gold_loss":0,"cards_obtained":["Injury"]},{"damage_healed":0,"gold_gain":0,"player_choice":"Entered Light","damage_taken":14,"max_hp_gain":0,"max_hp_loss":0,"event_name":"Shining Light","floor":3,"gold_loss":0,"cards_upgraded":["Strike_G","Defend_G"]},{"damage_healed":0,"gold_gain":75,"player_choice":"Gather Gold","damage_taken":11,"max_hp_gain":0,"max_hp_loss":0,"event_name":"World of Goop","floor":8,"gold_loss":0},{"damage_healed":0,"gold_gain":0,"player_choice":"Trade","damage_taken":0,"relics_obtained":["FaceOfCleric"],"max_hp_gain":0,"max_hp_loss":0,"event_name":"FaceTrader","floor":10,"gold_loss":0},{"damage_healed":0,"gold_gain":0,"cards_transformed":["Strike_G"],"player_choice":"Transformed","damage_taken":0,"max_hp_gain":0,"max_hp_loss":0,"event_name":"Transmorgrifier","floor":14,"gold_loss":0,"cards_obtained":["Backflip"]},{"damage_healed":0,"gold_gain":0,"player_choice":"Stole Relic","damage_taken":0,"relics_obtained":["Molten Egg 2"],"max_hp_gain":0,"max_hp_loss":0,"event_name":"Addict","floor":20,"gold_loss":0,"cards_obtained":["Shame"]},{"damage_healed":0,"gold_gain":0,"player_choice":"Ignored","damage_taken":0,"max_hp_gain":0,"max_hp_loss":0,"event_name":"Beggar","floor":22,"gold_loss":0},{"damage_healed":0,"gold_gain":0,"player_choice":"Ignored","damage_taken":0,"max_hp_gain":0,"max_hp_loss":0,"event_name":"Ghosts","floor":25,"gold_loss":0}],"is_beta":false,"boss_relics":[{"not_picked":["Empty Cage","Sozu"],"picked":"Black Star"}],"items_purged_floors":[4,19],"is_endless":false,"potions_floor_spawned":[5,12,21,30],"killed_by":"Slavers","ascension_level":8}