{"gold_per_floor":[117,192,203,57,68,97,112,112],"floor_reached":8,"playtime":399,"items_purged":["Strike_G"],"score":87,"play_id":"2e78136a-e120-43ba-ae8d-30d6d47ea1aa","local_time":"20190529234419","is_ascension_mode":true,"campfire_choices":[],"neow_cost":"NONE","seed_source_timestamp":14447598747800,"circlet_count":0,"master_deck":["AscendersBane","Defend_G","Defend_G","Defend_G","Defend_G","Defend_G","Strike_G","Strike_G","Strike_G","Strike_G","Survivor","Neutralize","Acrobatics","Sucker Punch","Poisoned Stab","Dagger Spray","Backstab"],"relics":["Ring of the Snake","Tingsha"],"potions_floor_usage":[8,8],"damage_taken":[{"damage":0,"enemies":"2 Louse","floor":1,"turns":4},{"damage":8,"enemies":"Cultist","floor":3,"turns":6},{"damage":2,"enemies":"Small Slimes","floor":5,"turns":3},{"damage":26,"enemies":"3 Sentries","floor":6,"turns":9},{"damage":2,"enemies":"Exordium Thugs","floor":7,"turns":4},{"damage":37,"enemies":"Lagavulin","floor":8,"turns":6}],"seed_played":"-6400472884211542211","potions_obtained":[{"floor":3,"key":"EssenceOfSteel"},{"floor":5,"key":"SneckoOil"},{"floor":6,"key":"Explosive Potion"}],"is_trial":false,"path_per_floor":["M","?","M","$","M","E","M","E"],"character_chosen":"THE_SILENT","items_purchased":["Poisoned Stab","Dagger Spray"],"campfire_rested":0,"item_purchase_floors":[4,4],"current_hp_per_floor":[70,63,55,55,53,27,25,0],"gold":112,"neow_bonus":"TEN_PERCENT_HP_BONUS","is_prod":false,"is_daily":false,"chose_seed":false,"campfire_upgraded":0,"win_rate":0,"timestamp":1559198659,"path_taken":["M","?","?","$","M","E","M","E"],"build_version":"2019-01-23","purchased_purges":1,"victory":false,"max_hp_per_floor":[77,77,77,77,77,77,77,77],"card_choices":[{"not_picked":["Blade Dance","Dagger Throw"],"picked":"Acrobatics","floor":1},{"not_picked":["Choke","Bane"],"picked":"Sucker Punch","floor":3},{"not_picked":["Quick Slash","Dagger Spray","Flying Knee"],"picked":"SKIP","floor":5},{"not_picked":["Blade Dance","Bouncing Flask"],"picked":"Backstab","floor":6},{"not_picked":["Outmaneuver","Acrobatics","Distraction"],"picked":"SKIP","floor":7}],"player_experience":1354037,"relics_obtained":[{"floor":6,"key":"Tingsha"}],"event_choices":[{"damage_healed":0,"gold_gain":75,"player_choice":"Touch","damage_taken":7,"max_hp_gain":0,"max_hp_loss":0,"event_name":"FaceTrader","floor":2,"gold_loss":0}],"is_beta":false,"boss_relics":[],"items_purged_floors":[4],"is_endless":false,"potions_floor_spawned":[3,5,6],"killed_by":"Lagavulin","ascension_level":10}