{"gold_per_floor":[114,38,38,38,55,55,89,89,89,14,45,56,68,101,101,202,202,215,229,229,241,66,392,392,403,403,403,418,418,418,447,447,447],"floor_reached":33,"playtime":10102,"items_purged":["Strike_G","Defend_G"],"score":455,"play_id":"3f060207-cb04-42bd-af22-48f7962081be","local_time":"20190704144735","is_ascension_mode":true,"campfire_choices":[{"data":"Neutralize","floor":6,"key":"SMITH"},{"data":"Cloak And Dagger","floor":8,"key":"SMITH"},{"floor":15,"key":"REST"},{"data":"Footwork","floor":24,"key":"SMITH"},{"floor":27,"key":"REST"},{"data":"Caltrops","floor":32,"key":"SMITH"}],"neow_cost":"NONE","seed_source_timestamp":98130134328400,"circlet_count":0,"master_deck":["AscendersBane","Strike_G","Strike_G+1","Strike_G","Defend_G","Defend_G","Defend_G+1","Defend_G+1","Survivor","Neutralize+1","Flying Knee+1","Blade Dance","Cloak And Dagger+1","Slice+1","Dagger Spray+1","Glass Knife+1","Footwork+1","Caltrops+1","Dodge and Roll+1","Escape Plan","Underhanded Strike+1","PiercingWail+1"],"relics":["Ring of the Snake","Shuriken","War Paint","Molten Egg 2","Mummified Hand","Whetstone","Paper Crane","Sozu","NlothsMask","Old Coin","Centennial Puzzle","MutagenicStrength","Orichalcum"],"potions_floor_usage":[16,23,23],"damage_taken":[{"damage":2,"enemies":"Small Slimes","floor":1,"turns":5},{"damage":0,"enemies":"Cultist","floor":5,"turns":3},{"damage":16,"enemies":"3 Sentries","floor":7,"turns":9},{"damage":9,"enemies":"Lagavulin","floor":11,"turns":6},{"damage":0,"enemies":"Jaw Worm","floor":12,"turns":3},{"damage":0,"enemies":"Red Slaver","floor":13,"turns":3},{"damage":8,"enemies":"Gremlin Nob","floor":14,"turns":4},{"damage":7,"enemies":"The Guardian","floor":16,"turns":10},{"damage":5,"enemies":"Shell Parasite","floor":18,"turns":3},{"damage":0,"enemies":"Chosen","floor":19,"turns":4},{"damage":0,"enemies":"Snecko","floor":21,"turns":4},{"damage":18,"enemies":"Slavers","floor":23,"turns":5},{"damage":15,"enemies":"Snake Plant","floor":25,"turns":4},{"damage":0,"enemies":"Shelled Parasite and Fungi","floor":28,"turns":4},{"damage":4,"enemies":"Book of Stabbing","floor":31,"turns":5},{"damage":42,"enemies":"Automaton","floor":33,"turns":8}],"seed_played":"-3827089462268191995","potions_obtained":[{"floor":12,"key":"Fire Potion"},{"floor":13,"key":"SpeedPotion"},{"floor":14,"key":"Block Potion"}],"is_trial":false,"path_per_floor":["M","?","$","T","M","R","E","R","T","$","E","M","M","E","R","B",null,"M","M","?","M","$","E","R","M","T","R","M","T","?","E","R","B"],"character_chosen":"THE_SILENT","items_purchased":["Escape Plan"],"campfire_rested":2,"item_purchase_floors":[22],"current_hp_per_floor":[61,61,61,61,61,61,45,45,45,45,36,36,36,28,49,42,63,58,58,58,58,58,40,40,25,25,46,46,46,46,42,42,0],"gold":447,"neow_bonus":"REMOVE_CARD","is_prod":false,"is_daily":false,"chose_seed":false,"campfire_upgraded":4,"win_rate":0,"timestamp":1562276855,"path_taken":["M","?","$","?","?","R","E","R","T","$","E","M","M","E","R","BOSS","M","M","?","M","$","E","R","M","T","R","?","?","?","E","R","BOSS"],"build_version":"2019-07-01","purchased_purges":2,"victory":false,"max_hp_per_floor":[70,70,70,70,70,70,70,70,70,70,70,70,70,70,70,70,70,70,70,70,70,70,70,70,70,70,70,70,70,70,70,70,70],"card_choices":[{"not_picked":["Blade Dance","Blur"],"picked":"Flying Knee","floor":1},{"not_picked":["Choke","Dagger Throw"],"picked":"Blade Dance","floor":5},{"not_picked":["Noxious Fumes","Caltrops"],"picked":"Cloak And Dagger","floor":7},{"not_picked":["Expertise","Riddle With Holes+1"],"picked":"Slice+1","floor":11},{"not_picked":["Dodge and Roll","Deflect","Outmaneuver"],"picked":"SKIP","floor":12},{"not_picked":["Underhanded Strike+1","Dagger Throw+1"],"picked":"Dagger Spray+1","floor":13},{"not_picked":["Deadly Poison","Endless Agony+1","Quick Slash+1"],"picked":"SKIP","floor":14},{"not_picked":["Night Terror","Wraith Form v2"],"picked":"Glass Knife+1","floor":16},{"not_picked":["Infinite Blades+1","Eviscerate+1"],"picked":"Footwork","floor":18},{"not_picked":["Eviscerate+1","Acrobatics"],"picked":"Caltrops","floor":19},{"not_picked":["Backflip","Calculated Gamble"],"picked":"Dodge and Roll+1","floor":21},{"not_picked":["Envenom","Caltrops"],"picked":"Underhanded Strike+1","floor":23},{"not_picked":["Bane+1","Blade Dance"],"picked":"PiercingWail+1","floor":25},{"not_picked":["Backflip+1","Underhanded Strike+1","Distraction"],"picked":"SKIP","floor":28},{"not_picked":["Slice+1","Storm of Steel","Distraction"],"picked":"SKIP","floor":31}],"player_experience":1359430,"relics_obtained":[{"floor":4,"key":"War Paint"},{"floor":7,"key":"Molten Egg 2"},{"floor":9,"key":"Mummified Hand"},{"floor":11,"key":"Whetstone"},{"floor":14,"key":"Paper Crane"},{"floor":23,"key":"Old Coin"},{"floor":29,"key":"Centennial Puzzle"},{"floor":31,"key":"Orichalcum"}],"event_choices":[{"damage_healed":0,"gold_gain":0,"player_choice":"Paid Gold","damage_taken":0,"relics_obtained":["Shuriken"],"max_hp_gain":0,"max_hp_loss":0,"event_name":"WeMeetAgain","floor":2,"gold_loss":76},{"damage_healed":0,"gold_gain":0,"player_choice":"Trade","damage_taken":0,"relics_obtained":["NlothsMask"],"max_hp_gain":0,"max_hp_loss":0,"event_name":"FaceTrader","floor":20,"gold_loss":0},{"damage_healed":0,"gold_gain":0,"player_choice":"Inject Mutagens","damage_taken":0,"relics_obtained":["MutagenicStrength"],"max_hp_gain":0,"max_hp_loss":0,"event_name":"Drug Dealer","floor":30,"gold_loss":0}],"is_beta":false,"boss_relics":[{"not_picked":["Busted Crown","HoveringKite"],"picked":"Sozu"}],"items_purged_floors":[10,22],"is_endless":false,"potions_floor_spawned":[12,13,14,18,19,21],"killed_by":"Automaton","ascension_level":10}