{"gold_per_floor":[109,109,125,143,143,143,143,158,158,181,205,220,253,283,283,283],"floor_reached":16,"playtime":748,"items_purged":[],"score":198,"play_id":"1cde2f22-46e8-401e-abcd-ca522e46485d","local_time":"20190428165146","is_ascension_mode":true,"campfire_choices":[{"data":"Zap","floor":6.0,"key":"SMITH"},{"floor":15,"key":"REST"}],"neow_cost":"NONE","seed_source_timestamp":0,"circlet_count":0,"master_deck":["AscendersBane","Strike_B","Strike_B","Strike_B","Defend_B","Defend_B","Defend_B","Defend_B","Zap+1","Dualcast","Ball Lightning","Machine Learning","Conserve Battery","Pain","Ball Lightning","Static Discharge"],"special_seed":0,"relics":["Cracked Core","Golden Idol","WarpedTongs","Blue Candle","Matryoshka","Odd Mushroom"],"potions_floor_usage":[13,13],"damage_taken":[{"damage":4.0,"enemies":"Small Slimes","floor":1.0,"turns":4.0},{"damage":0.0,"enemies":"Cultist","floor":3.0,"turns":3.0},{"damage":2.0,"enemies":"Jaw Worm","floor":4.0,"turns":4.0},{"damage":9.0,"enemies":"Large Slime","floor":8.0,"turns":5.0},{"damage":2.0,"enemies":"Red Slaver","floor":10.0,"turns":3.0},{"damage":0.0,"enemies":"Blue Slaver","floor":11.0,"turns":2.0},{"damage":5.0,"enemies":"2 Fungi Beasts","floor":12.0,"turns":3.0},{"damage":29,"enemies":"Gremlin Nob","floor":13,"turns":4},{"damage":19,"enemies":"The Mushroom Lair","floor":14,"turns":3},{"damage":29,"enemies":"Slime Boss","floor":16,"turns":5}],"seed_played":"3430715749126355805","potions_obtained":[{"floor":1.0,"key":"EssenceOfSteel"},{"floor":3.0,"key":"Block Potion"},{"floor":12.0,"key":"EssenceOfSteel"}],"is_trial":false,"path_per_floor":["M","?","M","M","?","R","?","M","T","M","M","M","E","?","R","B"],"character_chosen":"DEFECT","items_purchased":[],"campfire_rested":1,"item_purchase_floors":[],"current_hp_per_floor":[67,67,67,65,65,65,65,56,56,54,54,49,20,1,22,0],"gold":283,"neow_bonus":"TEN_PERCENT_HP_BONUS","is_prod":false,"is_daily":false,"chose_seed":false,"campfire_upgraded":1,"win_rate":0,"timestamp":1556495506,"path_taken":["M","?","M","?","?","R","?","?","T","M","M","M","E","?","R","BOSS"],"build_version":"2019-01-23","purchased_purges":0,"victory":false,"max_hp_per_floor":[78,78,78,78,71,71,71,71,71,71,71,71,71,71,71,71],"card_choices":[{"not_picked":["Barrage","Hologram"],"picked":"Ball Lightning","floor":1.0},{"not_picked":["Streamline","Coolheaded","Sweeping Beam"],"picked":"SKIP","floor":3.0},{"not_picked":["Leap","Streamline"],"picked":"Conserve Battery","floor":4.0},{"not_picked":["Beam Cell","Multi-Cast"],"picked":"Ball Lightning","floor":8.0},{"not_picked":["Fusion","Barrage","Streamline"],"picked":"SKIP","floor":10.0},{"not_picked":["Fusion","Barrage","Streamline"],"picked":"SKIP","floor":10.0},{"not_picked":["Static Discharge","Lockon","Doom and Gloom"],"picked":"SKIP","floor":11.0},{"not_picked":["Barrage","Hello World","Hologram"],"picked":"SKIP","floor":12.0},{"not_picked":["Gash","Reprogram"],"picked":"Static Discharge","floor":13}],"player_experience":1319028,"relics_obtained":[{"floor":9.0,"key":"Blue Candle"},{"floor":13,"key":"Matryoshka"},{"floor":14,"key":"Odd Mushroom"}],"event_choices":[{"damage_healed":0.0,"max_hp_gain":0.0,"max_hp_loss":0.0,"gold_gain":0.0,"cards_transformed":["Strike_B"],"event_name":"Transmorgrifier","player_choice":"Transformed","floor":2.0,"gold_loss":0.0,"damage_taken":0.0,"cards_obtained":["Machine Learning"]},{"damage_healed":0.0,"max_hp_gain":0.0,"max_hp_loss":7.0,"gold_gain":0.0,"event_name":"Golden Idol","player_choice":"Lose Max HP","floor":5.0,"gold_loss":0.0,"damage_taken":0.0,"relics_obtained":["Golden Idol"]},{"damage_healed":0.0,"max_hp_gain":0.0,"max_hp_loss":0.0,"gold_gain":0.0,"event_name":"Accursed Blacksmith","player_choice":"Rummage","floor":7.0,"gold_loss":0.0,"damage_taken":0.0,"relics_obtained":["WarpedTongs"],"cards_obtained":["Pain"]},{"damage_healed":0,"gold_gain":0,"player_choice":"Fought Mushrooms","damage_taken":0,"max_hp_gain":0,"max_hp_loss":0,"event_name":"Mushrooms","floor":14,"gold_loss":0}],"is_beta":false,"boss_relics":[],"items_purged_floors":[],"is_endless":false,"potions_floor_spawned":[1,3,12],"killed_by":"Slime Boss","ascension_level":18}