{"gold_per_floor":[99,73,73,92,116,116,141,161,242,115,141,14,25,36,36,133,133,150,150,167,178,102,102,112,127,127,2,2,50,50,50,50,50],"floor_reached":33,"playtime":2568,"items_purged":["Strike_B","Strike_B","Strike_B"],"score":280,"play_id":"d5fc5aaf-b047-4ce1-b32e-539f18bcc8af","local_time":"20190708192411","is_ascension_mode":false,"campfire_choices":[{"data":"Loop","floor":6,"key":"SMITH"},{"data":"Buffer","floor":15,"key":"SMITH"},{"data":"Seek","floor":23,"key":"SMITH"},{"floor":28,"key":"REST"},{"floor":32,"key":"REST"}],"neow_cost":"NONE","seed_source_timestamp":1352099656996100,"circlet_count":0,"master_deck":["Defend_B","Defend_B","Defend_B","Defend_B","Zap","Dualcast","Double Energy","Cold Snap","Hologram","Loop+1","Redo","Leap","Rebound","Buffer+1","Go for the Eyes","Redo","Reinforced Body","Seek+1","Doom and Gloom","Static Discharge","Melter","Self Repair","Hologram+1","Defragment"],"relics":["Cracked Core","NeowsBlessing","Centennial Puzzle","Thread and Needle","Gremlin Horn","Darkstone Periapt","Philosopher\u0027s Stone","NlothsMask","Juzu Bracelet","Nilry\u0027s Codex"],"potions_floor_usage":[33],"damage_taken":[{"damage":0,"enemies":"Small Slimes","floor":1,"turns":1},{"damage":0,"enemies":"Jaw Worm","floor":4,"turns":1},{"damage":0,"enemies":"Gremlin Nob","floor":7,"turns":1},{"damage":0,"enemies":"Cultist","floor":8,"turns":3},{"damage":27,"enemies":"Lagavulin","floor":11,"turns":7},{"damage":7,"enemies":"Exordium Thugs","floor":13,"turns":4},{"damage":6,"enemies":"3 Louse","floor":14,"turns":3},{"damage":4,"enemies":"Hexaghost","floor":16,"turns":15},{"damage":38,"enemies":"3 Byrds","floor":18,"turns":5},{"damage":0,"enemies":"Spheric Guardian","floor":20,"turns":4},{"damage":0,"enemies":"Snecko","floor":21,"turns":6},{"damage":19,"enemies":"Snake Plant","floor":24,"turns":5},{"damage":9,"enemies":"Chosen and Byrds","floor":25,"turns":6},{"damage":52,"enemies":"Collector","floor":33,"turns":12}],"seed_played":"-4696026847845623795","potions_obtained":[{"floor":11,"key":"Energy Potion"},{"floor":16,"key":"GamblersBrew"},{"floor":18,"key":"Energy Potion"}],"is_trial":false,"path_per_floor":["M","$","?","M","T","R","E","M","T","$","E","$","M","M","R","B",null,"M","?","M","M","$","R","M","M","T","$","R","T","?","?","R","B"],"character_chosen":"DEFECT","items_purchased":["Cold Snap","Rebound","Go for the Eyes","Self Repair"],"campfire_rested":2,"item_purchase_floors":[2,10,12,22],"current_hp_per_floor":[75,75,75,75,75,75,75,75,75,75,48,48,41,35,35,31,75,37,37,37,37,37,37,25,23,23,23,45,45,29,29,51,0],"gold":50,"neow_bonus":"THREE_ENEMY_KILL","is_prod":false,"is_daily":false,"chose_seed":false,"campfire_upgraded":3,"win_rate":0.0,"timestamp":1562581451,"path_taken":["M","$","?","M","?","R","E","M","T","$","E","$","M","M","R","BOSS","M","?","?","M","$","R","M","M","T","$","R","?","?","?","R","BOSS"],"build_version":"2019-07-05","purchased_purges":3,"victory":false,"max_hp_per_floor":[75,75,75,75,75,75,75,75,75,75,75,75,75,75,75,75,75,75,75,75,75,75,75,75,75,75,75,75,75,75,75,75,75],"card_choices":[{"not_picked":["Redo","Consume"],"picked":"Double Energy","floor":1},{"not_picked":["Compile Driver","Lockon"],"picked":"Loop","floor":4},{"not_picked":["Compile Driver","Gash"],"picked":"Redo","floor":7},{"not_picked":["Streamline","Hello World"],"picked":"Leap","floor":8},{"not_picked":["Fusion","Rebound"],"picked":"Buffer","floor":11},{"not_picked":["Go for the Eyes","Scrape"],"picked":"Redo","floor":13},{"not_picked":["Compile Driver","Force Field"],"picked":"Reinforced Body","floor":14},{"not_picked":["Amplify","Machine Learning"],"picked":"Seek","floor":16},{"not_picked":["Redo+1","Heatsinks+1"],"picked":"Doom and Gloom","floor":18},{"not_picked":["Rebound","Ball Lightning+1"],"picked":"Static Discharge","floor":20},{"not_picked":["Leap","Fission"],"picked":"Melter","floor":21},{"not_picked":["Redo","Barrage"],"picked":"Hologram+1","floor":24},{"not_picked":["Melter+1","Redo+1"],"picked":"Defragment","floor":25}],"player_experience":55116,"relics_obtained":[{"floor":5,"key":"Centennial Puzzle"},{"floor":7,"key":"Thread and Needle"},{"floor":9,"key":"Gremlin Horn"},{"floor":11,"key":"Darkstone Periapt"},{"floor":29,"key":"Juzu Bracelet"},{"floor":30,"key":"Nilry\u0027s Codex"}],"event_choices":[{"damage_healed":0,"gold_gain":0,"cards_transformed":["Strike_B"],"player_choice":"Change","damage_taken":0,"max_hp_gain":0,"max_hp_loss":0,"event_name":"Living Wall","floor":3,"gold_loss":0,"cards_obtained":["Hologram"]},{"damage_healed":0,"gold_gain":0,"player_choice":"Trade","damage_taken":0,"relics_obtained":["NlothsMask"],"max_hp_gain":0,"max_hp_loss":0,"event_name":"FaceTrader","floor":19,"gold_loss":0},{"damage_healed":0,"gold_gain":0,"player_choice":"Obtained Book","damage_taken":16,"max_hp_gain":0,"max_hp_loss":0,"event_name":"Cursed Tome","floor":30,"gold_loss":0},{"damage_healed":0,"gold_gain":0,"player_choice":"Ignored","damage_taken":0,"max_hp_gain":0,"max_hp_loss":0,"event_name":"Ghosts","floor":31,"gold_loss":0}],"is_beta":false,"boss_relics":[{"not_picked":["Snecko Eye","Eternal Feather"],"picked":"Philosopher\u0027s Stone"}],"items_purged_floors":[10,12,27],"is_endless":false,"potions_floor_spawned":[11,16,18,20,25],"killed_by":"Collector","ascension_level":0}