{"gold_per_floor":[211,67,67,77,92,123,198,198,249,249,269,24,24,41,41,137,137,153,133,33,33,0,26,26,26],"floor_reached":25,"playtime":1166,"items_purged":["Strike_G","Strike_G"],"score":329,"play_id":"0fefbe61-f298-4c16-9b9f-a38bd32fa48e","local_time":"20190512101448","is_ascension_mode":true,"campfire_choices":[{"floor":8,"key":"REST"},{"data":"Deadly Poison","floor":13,"key":"SMITH"},{"data":"Poisoned Stab","floor":15,"key":"SMITH"},{"floor":24,"key":"REST"}],"neow_cost":"NONE","seed_source_timestamp":742359909052200,"circlet_count":0,"master_deck":["AscendersBane","Defend_G","Defend_G","Defend_G+1","Defend_G","Defend_G","Strike_G","Strike_G+1","Strike_G","Survivor","Neutralize","Poisoned Stab+1","Well Laid Plans","Heel Hook","Acrobatics","Deadly Poison+1","Backflip","Cloak And Dagger","Envenom","Bane","Dagger Spray"],"relics":["Ring of the Snake","Boot","Happy Flower","NlothsMask","Lee\u0027s Waffle","Fusion Hammer","Blue Candle"],"potions_floor_usage":[6,16,25],"damage_taken":[{"damage":0,"enemies":"Cultist","floor":1,"turns":5},{"damage":0,"enemies":"2 Louse","floor":4,"turns":2},{"damage":0,"enemies":"Small Slimes","floor":5,"turns":2},{"damage":31,"enemies":"Lagavulin","floor":6,"turns":9},{"damage":13,"enemies":"3 Louse","floor":11,"turns":4},{"damage":22,"enemies":"Lots of Slimes","floor":14,"turns":6},{"damage":41,"enemies":"Slime Boss","floor":16,"turns":12},{"damage":0,"enemies":"Chosen","floor":18,"turns":4},{"damage":0,"enemies":"2 Thieves","floor":19,"turns":4},{"damage":53,"enemies":"Gremlin Leader","floor":23,"turns":8},{"damage":36,"enemies":"Book of Stabbing","floor":25,"turns":4}],"seed_played":"-4868059794816368780","potions_obtained":[{"floor":1,"key":"GhostInAJar"},{"floor":14,"key":"Poison Potion"},{"floor":18,"key":"Ancient Potion"},{"floor":23,"key":"AttackPotion"}],"is_trial":false,"path_per_floor":["M","$","?","M","M","E","?","R","T","?","M","$","R","M","R","B",null,"M","M","$","?","?","E","R","E"],"character_chosen":"THE_SILENT","items_purchased":["Well Laid Plans","Lee\u0027s Waffle","Backflip"],"campfire_rested":2,"item_purchase_floors":[2,12,12],"current_hp_per_floor":[63,63,49,49,49,18,7,28,28,28,15,77,77,55,55,14,61,61,61,61,61,61,8,31,0],"gold":26,"neow_bonus":"HUNDRED_GOLD","is_prod":false,"is_daily":false,"chose_seed":false,"campfire_upgraded":2,"win_rate":0,"timestamp":1557681288,"path_taken":["M","?","?","M","M","E","?","R","T","?","M","$","R","M","R","BOSS","M","M","?","?","?","E","R","E"],"build_version":"2019-01-23","purchased_purges":2,"victory":false,"max_hp_per_floor":[70,70,70,70,70,70,70,70,70,70,70,77,77,77,77,77,77,77,77,77,77,77,77,77,77],"card_choices":[{"not_picked":["Blade Dance","Outmaneuver"],"picked":"Poisoned Stab","floor":1},{"not_picked":["Blur","Crippling Poison"],"picked":"Heel Hook","floor":4},{"not_picked":["Underhanded Strike","Infinite Blades"],"picked":"Acrobatics","floor":5},{"not_picked":["PiercingWail","Flying Knee"],"picked":"Deadly Poison","floor":6},{"not_picked":["All Out Attack","Sucker Punch","Dodge and Roll"],"picked":"SKIP","floor":11},{"not_picked":["Flying Knee","Heel Hook"],"picked":"Cloak And Dagger","floor":14},{"not_picked":["Storm of Steel","Unload"],"picked":"Envenom","floor":16},{"not_picked":["Sucker Punch","Underhanded Strike"],"picked":"Bane","floor":18},{"not_picked":["Deadly Poison","Backflip","PiercingWail"],"picked":"SKIP","floor":19},{"not_picked":["Deadly Poison","Accuracy"],"picked":"Dagger Spray","floor":23}],"player_experience":1347235,"relics_obtained":[{"floor":6,"key":"Boot"},{"floor":9,"key":"Happy Flower"},{"floor":23,"key":"Blue Candle"}],"event_choices":[{"damage_healed":0,"gold_gain":0,"player_choice":"Entered Light","damage_taken":14,"max_hp_gain":0,"max_hp_loss":0,"event_name":"Shining Light","floor":3,"gold_loss":0,"cards_upgraded":["Strike_G","Defend_G"]},{"damage_healed":0,"gold_gain":75,"player_choice":"Gather Gold","damage_taken":11,"max_hp_gain":0,"max_hp_loss":0,"event_name":"World of Goop","floor":7,"gold_loss":0},{"damage_healed":0,"gold_gain":0,"player_choice":"Trade","damage_taken":0,"relics_obtained":["NlothsMask"],"max_hp_gain":0,"max_hp_loss":0,"event_name":"FaceTrader","floor":10,"gold_loss":0},{"damage_healed":0,"gold_gain":0,"player_choice":"Ignored","damage_taken":0,"max_hp_gain":0,"max_hp_loss":0,"event_name":"Beggar","floor":21,"gold_loss":0},{"damage_healed":0,"gold_gain":0,"player_choice":"Paid Fearfully","damage_taken":0,"max_hp_gain":0,"max_hp_loss":0,"event_name":"Masked Bandits","floor":22,"gold_loss":33}],"is_beta":false,"boss_relics":[{"not_picked":["Runic Pyramid","Orrery"],"picked":"Fusion Hammer"}],"items_purged_floors":[2,20],"is_endless":false,"potions_floor_spawned":[1,14,18,23],"killed_by":"Book of Stabbing","ascension_level":10}