{"gold_per_floor":[117,14,14,81,131,131,181,217,269,313,338,353,381,396,396,522,522,540,17,35,265,0,0,44,44,44,44,94,144,185,198,198,198],"floor_reached":33,"playtime":2568,"items_purged":["Strike_G","Strike_G"],"score":408,"play_id":"945c63d3-634a-4174-8b3e-d8ddb3edaddf","local_time":"20190626231256","is_ascension_mode":true,"campfire_choices":[{"data":"Noxious Fumes","floor":6.0,"key":"SMITH"},{"floor":15.0,"key":"REST"},{"floor":23.0,"key":"REST"},{"data":"Corpse Explosion","floor":25.0,"key":"SMITH"},{"floor":27.0,"key":"REST"},{"data":"Prepared","floor":32.0,"key":"SMITH"}],"neow_cost":"NONE","seed_source_timestamp":100313912002500,"circlet_count":0,"master_deck":["Defend_G","Defend_G","Defend_G","Defend_G","Survivor","Neutralize","Infinite Blades","Noxious Fumes+1","Prepared+1","Blur","Backflip","Deflect","Accuracy","Dash","Corpse Explosion+1","Escape Plan","Blur+1","Backstab","Distraction+1","Apotheosis+1","Dash","Blur","Bite","Bite","Bite","Bite","Bite"],"special_seed":0,"relics":["Ring of the Snake","NeowsBlessing","SsserpentHead","Golden Idol","PreservedInsect","Juzu Bracelet","Art of War","Empty Cage","Membership Card","Potion Belt","Mango","War Paint","Pocketwatch","Question Card","Lantern"],"potions_floor_usage":[33,33,33],"damage_taken":[{"damage":0.0,"enemies":"Cultist","floor":1.0,"turns":1.0},{"damage":0.0,"enemies":"Jaw Worm","floor":4.0,"turns":1.0},{"damage":0.0,"enemies":"Lagavulin","floor":8.0,"turns":1.0},{"damage":38.0,"enemies":"Gremlin Nob","floor":10.0,"turns":5.0},{"damage":0.0,"enemies":"Small Slimes","floor":11.0,"turns":5.0},{"damage":3.0,"enemies":"2 Fungi Beasts","floor":12.0,"turns":3.0},{"damage":3.0,"enemies":"Lots of Slimes","floor":14.0,"turns":6.0},{"damage":22.0,"enemies":"Hexaghost","floor":16.0,"turns":12.0},{"damage":26.0,"enemies":"2 Thieves","floor":18.0,"turns":4.0},{"damage":5.0,"enemies":"Spheric Guardian","floor":20.0,"turns":5.0},{"damage":0.0,"enemies":"Book of Stabbing","floor":24.0,"turns":6.0},{"damage":23.0,"enemies":"Slavers","floor":30.0,"turns":3.0},{"damage":4.0,"enemies":"Centurion and Healer","floor":31.0,"turns":6.0},{"damage":77,"enemies":"Collector","floor":33,"turns":12}],"seed_played":"-3684035705402332119","potions_obtained":[{"floor":8.0,"key":"SteroidPotion"},{"floor":10.0,"key":"PowerPotion"},{"floor":12.0,"key":"GhostInAJar"},{"floor":14.0,"key":"SneckoOil"},{"floor":24.0,"key":"SneckoOil"},{"floor":30.0,"key":"Weak Potion"}],"is_trial":false,"path_per_floor":["M","$","?","M","?","R","?","E","T","E","M","M","?","M","R","B",null,"M","$","M","?","$","R","E","R","T","R","?","?","E","M","R","B"],"character_chosen":"THE_SILENT","items_purchased":["Noxious Fumes","Prepared","Membership Card","Blur","Potion Belt","Mango","Backstab","Apotheosis","Dash","War Paint"],"campfire_rested":3,"item_purchase_floors":[2,2,19,19,19,19,19,22,22,22],"current_hp_per_floor":[70,70,70,70,70,70,65,65,65,27,27,24,24,21,40,18,65,39,53,48,27,27,50,50,50,50,73,55,55,41,54,54,0],"gold":198,"neow_bonus":"THREE_ENEMY_KILL","is_prod":false,"is_daily":false,"chose_seed":false,"campfire_upgraded":3,"win_rate":0,"timestamp":1561615976,"path_taken":["M","?","?","?","?","R","?","E","T","E","M","M","?","M","R","BOSS","M","$","M","?","$","R","E","R","T","R","?","?","E","M","R","BOSS"],"build_version":"2019-01-23","purchased_purges":2,"victory":false,"max_hp_per_floor":[70,70,70,70,70,70,65,65,65,65,65,65,65,65,65,65,65,65,79,79,79,79,79,79,79,79,79,55,55,55,55,55,55],"card_choices":[{"not_picked":["Acrobatics","Expertise"],"picked":"Infinite Blades","floor":1.0},{"not_picked":["Dodge and Roll","Deadly Poison"],"picked":"Blur","floor":4.0},{"not_picked":["Finisher","Slice"],"picked":"Backflip","floor":8.0},{"not_picked":["Cloak And Dagger","Caltrops"],"picked":"Deflect","floor":10.0},{"not_picked":["Dodge and Roll","Dagger Throw","Backflip"],"picked":"SKIP","floor":11.0},{"not_picked":["Prepared","Backstab"],"picked":"Accuracy","floor":12.0},{"not_picked":["Heel Hook","Predator"],"picked":"Dash","floor":14.0},{"not_picked":["Storm of Steel","After Image"],"picked":"Corpse Explosion","floor":16.0},{"not_picked":["Deflect","Blade Dance"],"picked":"Escape Plan","floor":18.0},{"not_picked":["Tactician","Prepared"],"picked":"Distraction+1","floor":20.0},{"not_picked":["Dodge and Roll","Masterful Stab"],"picked":"Blur","floor":24.0},{"not_picked":["Prepared","Cloak And Dagger+1","Finisher","Dodge and Roll+1"],"picked":"SKIP","floor":30.0},{"not_picked":["Outmaneuver+1","Crippling Poison","Noxious Fumes+1","Masterful Stab+1"],"picked":"SKIP","floor":31.0}],"player_experience":100572,"relics_obtained":[{"floor":8.0,"key":"PreservedInsect"},{"floor":9.0,"key":"Juzu Bracelet"},{"floor":10.0,"key":"Art of War"},{"floor":24.0,"key":"Pocketwatch"},{"floor":26.0,"key":"Question Card"},{"floor":30.0,"key":"Lantern"}],"event_choices":[{"damage_healed":0.0,"max_hp_gain":0.0,"max_hp_loss":0.0,"gold_gain":0.0,"event_name":"FaceTrader","player_choice":"Trade","floor":3.0,"gold_loss":0.0,"damage_taken":0.0,"relics_obtained":["SsserpentHead"]},{"damage_healed":0.0,"max_hp_gain":0.0,"max_hp_loss":0.0,"gold_gain":0.0,"event_name":"Liars Game","player_choice":"Ignored","floor":5.0,"gold_loss":0.0,"damage_taken":0.0},{"damage_healed":0.0,"max_hp_gain":0.0,"max_hp_loss":5.0,"gold_gain":0.0,"event_name":"Golden Idol","player_choice":"Lose Max HP","floor":7.0,"gold_loss":0.0,"damage_taken":0.0,"relics_obtained":["Golden Idol"]},{"damage_healed":0.0,"max_hp_gain":0.0,"max_hp_loss":0.0,"gold_gain":0.0,"event_name":"World of Goop","player_choice":"Left Gold","floor":13.0,"gold_loss":22.0,"damage_taken":0.0},{"damage_healed":0.0,"max_hp_gain":0.0,"max_hp_loss":0.0,"gold_gain":180.0,"event_name":"Knowing Skull","player_choice":"GOLD GOLD ","floor":21.0,"potions_obtained":[],"gold_loss":0.0,"damage_taken":21.0,"cards_obtained":[]},{"damage_healed":0.0,"max_hp_gain":0.0,"max_hp_loss":24.0,"gold_gain":0.0,"event_name":"Vampires","player_choice":"Became a vampire","floor":28.0,"gold_loss":0.0,"damage_taken":0.0,"cards_obtained":["Bite","Bite","Bite","Bite","Bite"]},{"damage_healed":18.0,"max_hp_gain":0.0,"max_hp_loss":0.0,"gold_gain":0.0,"event_name":"The Library","player_choice":"Heal","floor":29.0,"gold_loss":0.0,"damage_taken":0.0}],"is_beta":false,"boss_relics":[{"not_picked":["White Beast Statue","Tiny House"],"picked":"Empty Cage"}],"items_purged_floors":[19,22],"is_endless":false,"potions_floor_spawned":[8,10,12,14,24,30],"killed_by":"Collector","ascension_level":1}