{"gold_per_floor":[110,61,61,136,151,151,185,185,185,185],"floor_reached":10,"playtime":608,"items_purged":[],"score":93,"play_id":"3fd5d4a0-5031-4982-acf4-755ef6751c41","local_time":"20190429001319","is_ascension_mode":true,"campfire_choices":[{"data":"Neutralize","floor":6,"key":"SMITH"},{"floor":8,"key":"REST"}],"neow_cost":"NONE","seed_source_timestamp":724993634730100,"circlet_count":0,"master_deck":["Defend_G","Defend_G","Defend_G","Defend_G","Defend_G","Strike_G","Strike_G","Strike_G","Strike_G","Strike_G","Survivor","Neutralize+1","Cloak And Dagger","Cloak And Dagger","Blur"],"relics":["Ring of the Snake","Juzu Bracelet","Happy Flower"],"potions_floor_usage":[7,7,7,10],"damage_taken":[{"damage":1,"enemies":"Cultist","floor":1,"turns":5},{"damage":3,"enemies":"Jaw Worm","floor":5,"turns":5},{"damage":34,"enemies":"Lagavulin","floor":7,"turns":10},{"damage":35,"enemies":"3 Sentries","floor":10,"turns":14}],"seed_played":"6360266326820737865","potions_obtained":[{"floor":3,"key":"Energy Potion"},{"floor":3,"key":"Dexterity Potion"},{"floor":3,"key":"Block Potion"},{"floor":7,"key":"Block Potion"}],"is_trial":false,"path_per_floor":["M","$","?","?","M","R","E","R","T","E"],"character_chosen":"THE_SILENT","items_purchased":["Cloak And Dagger"],"campfire_rested":1,"item_purchase_floors":[2],"current_hp_per_floor":[62,62,62,51,48,48,14,35,35,0],"gold":185,"neow_bonus":"RANDOM_COMMON_RELIC","is_prod":false,"is_daily":false,"chose_seed":false,"campfire_upgraded":1,"win_rate":0,"timestamp":1556521999,"path_taken":["M","?","?","?","M","R","E","R","T","E"],"build_version":"2019-01-23","purchased_purges":0,"victory":false,"max_hp_per_floor":[70,70,70,70,70,70,70,70,70,70],"card_choices":[{"not_picked":["Blade Dance","Quick Slash","Slice"],"picked":"SKIP","floor":1},{"not_picked":["Dodge and Roll","Dagger Throw"],"picked":"Cloak And Dagger","floor":5},{"not_picked":["Flechettes","Dodge and Roll"],"picked":"Blur","floor":7}],"player_experience":1323165,"relics_obtained":[{"floor":7,"key":"Happy Flower"}],"event_choices":[{"damage_healed":0,"gold_gain":0,"player_choice":"Got Potions","damage_taken":0,"max_hp_gain":0,"max_hp_loss":0,"event_name":"Lab","floor":3,"gold_loss":0},{"damage_healed":0,"gold_gain":75,"player_choice":"Gather Gold","damage_taken":11,"max_hp_gain":0,"max_hp_loss":0,"event_name":"World of Goop","floor":4,"gold_loss":0}],"is_beta":false,"boss_relics":[],"items_purged_floors":[],"is_endless":false,"potions_floor_spawned":[5,7],"killed_by":"3 Sentries","ascension_level":9}