{"gold_per_floor":[110,123,298,178,192,192,227,227,252,277,291,304,337,349,349,453,453,472,472,142,153,165,165,193,193,193,193,210,63,91,106,106,202,202,212,212,212,10,25,25,44,70,116,0,30,56,68,34,34,34],"floor_reached":51,"playtime":4545,"items_purged":["Doubt","Strike_R"],"score":1290,"play_id":"f57451ff-92bb-434a-a811-a0597b5e4f26","local_time":"20180725235332","is_ascension_mode":true,"campfire_choices":[{"data":"True Grit","floor":6,"key":"SMITH"},{"data":"Inflame","floor":8,"key":"SMITH"},{"data":"Bash","floor":15,"key":"SMITH"},{"data":"Barricade","floor":23,"key":"SMITH"},{"data":"True Grit","floor":25,"key":"SMITH"},{"data":"Battle Trance","floor":27,"key":"SMITH"},{"data":"Impervious","floor":32,"key":"SMITH"},{"data":"Shrug It Off","floor":40,"key":"SMITH"},{"data":"Shrug It Off","floor":47,"key":"SMITH"},{"floor":49,"key":"REST"}],"neow_cost":"NONE","seed_source_timestamp":949673863362636,"circlet_count":0,"master_deck":["Strike_R","Strike_R","Strike_R","Defend_R","Defend_R","Defend_R","Defend_R","Bash+1","Infernal Blade","Iron Wave","True Grit+1","Inflame+1","Headbutt","Battle Trance+1","Barricade+1","True Grit+1","Shrug It Off+1","Body Slam+1","Impervious+1","Shrug It Off+1","Offering","Body Slam+1","Flame Barrier+1","Finesse","Shrug It Off+1","Evolve+1","Whirlwind+1","Shrug It Off"],"relics":["Burning Blood","Pen Nib","Vajra","Ancient Tea Set","Ornamental Fan","Mark of Pain","Thread and Needle","Blue Candle","Meat on the Bone","Unceasing Top","Orrery","Frozen Eye","Strawberry","MawBank","Red Mask"],"potions_floor_usage":[7,24,24,30,33,39,45],"damage_taken":[{"damage":6,"enemies":"Jaw Worm","floor":1,"turns":5},{"damage":1,"enemies":"Cultist","floor":2,"turns":3},{"damage":0,"enemies":"2 Louse","floor":5,"turns":1},{"damage":11,"enemies":"Gremlin Nob","floor":7,"turns":3},{"damage":15,"enemies":"Lagavulin","floor":10,"turns":5},{"damage":1,"enemies":"Exordium Thugs","floor":11,"turns":4},{"damage":1,"enemies":"3 Louse","floor":12,"turns":3},{"damage":4,"enemies":"3 Sentries","floor":13,"turns":6},{"damage":1,"enemies":"2 Fungi Beasts","floor":14,"turns":3},{"damage":0,"enemies":"Slime Boss","floor":16,"turns":3},{"damage":3,"enemies":"Shell Parasite","floor":18,"turns":7},{"damage":0,"enemies":"Spheric Guardian","floor":21,"turns":3},{"damage":8,"enemies":"Snecko","floor":22,"turns":5},{"damage":19,"enemies":"Book of Stabbing","floor":24,"turns":5},{"damage":10,"enemies":"Centurion and Healer","floor":28,"turns":4},{"damage":2,"enemies":"Slavers","floor":30,"turns":6},{"damage":0,"enemies":"Cultist and Chosen","floor":31,"turns":5},{"damage":0,"enemies":"Champ","floor":33,"turns":10},{"damage":11,"enemies":"3 Darklings","floor":35,"turns":6},{"damage":5,"enemies":"Flame Bruiser 1 Orb","floor":39,"turns":5},{"damage":5,"enemies":"Spire Growth","floor":41,"turns":6},{"damage":5,"enemies":"Nemesis","floor":42,"turns":5},{"damage":0,"enemies":"Transient","floor":45,"turns":5},{"damage":38,"enemies":"Flame Bruiser 2 Orb","floor":46,"turns":6},{"damage":5,"enemies":"Awakened One","floor":50,"turns":12}],"seed_played":"8177535387953648741","potions_obtained":[{"floor":1,"key":"SteroidPotion"},{"floor":12,"key":"Explosive Potion"},{"floor":14,"key":"Dexterity Potion"},{"floor":18,"key":"BloodPotion"},{"floor":21,"key":"Fire Potion"},{"floor":24,"key":"EssenceOfSteel"},{"floor":30,"key":"Swift Potion"},{"floor":42,"key":"Weak Potion"}],"is_trial":false,"path_per_floor":["M","M","?","$","M","R","E","R","T","E","M","M","E","M","R","B",null,"M","?","$","M","M","R","E","R","T","R","M","$","E","M","R","B",null,"M","?","?","$","M","R","M","E","T","?","M","M","R","$","R","B"],"character_chosen":"IRONCLAD","items_purchased":["True Grit","Thread and Needle","Shrug It Off","Shrug It Off","Frozen Eye","Shrug It Off"],"campfire_rested":1,"item_purchase_floors":[4,20,20,29,38,48],"current_hp_per_floor":[72,77,77,77,80,80,75,75,75,66,71,76,78,80,80,80,80,80,65,65,71,69,69,56,56,56,56,52,52,56,62,62,68,81,76,71,71,71,72,72,73,81,81,81,87,55,55,55,82,83],"gold":34,"neow_bonus":"TRANSFORM_CARD","is_prod":false,"is_daily":false,"chose_seed":false,"campfire_upgraded":9,"win_rate":0,"timestamp":1532588012,"path_taken":["M","M","?","?","M","R","E","R","T","E","?","M","E","M","R","BOSS","M","?","?","M","M","R","E","R","T","R","M","$","E","?","R","BOSS","M","?","?","$","M","R","M","E","T","?","?","M","R","?","R","BOSS"],"build_version":"2018-07-19v2","purchased_purges":2,"victory":true,"max_hp_per_floor":[80,80,80,80,80,80,80,80,80,80,80,80,80,80,80,80,80,80,85,85,85,85,85,85,85,85,85,85,85,85,85,85,85,85,85,85,85,85,85,85,85,92,92,92,92,92,92,92,92,92],"card_choices":[{"not_picked":["Rage","Havoc"],"picked":"Iron Wave","floor":1},{"not_picked":["Body Slam","Twin Strike","Warcry"],"picked":"SKIP","floor":2},{"not_picked":["Dual Wield","Clothesline"],"picked":"Inflame","floor":5},{"not_picked":["Perfected Strike","Wild Strike"],"picked":"Headbutt","floor":7},{"not_picked":["Flex","Cleave","Perfected Strike"],"picked":"SKIP","floor":10},{"not_picked":["Warcry","Wild Strike"],"picked":"Battle Trance","floor":11},{"not_picked":["Rupture","Sword Boomerang","Clash"],"picked":"SKIP","floor":12},{"not_picked":["Reaper","Juggernaut"],"picked":"Barricade","floor":13},{"not_picked":["Heavy Blade","Cleave"],"picked":"True Grit","floor":14},{"not_picked":["Blood for Blood","Carnage"],"picked":"Pummel+1","floor":18},{"not_picked":["Perfected Strike","True Grit+1","Carnage"],"picked":"SKIP","floor":21},{"not_picked":["Rampage","Cleave"],"picked":"Body Slam+1","floor":22},{"not_picked":["Searing Blow","Heavy Blade","Anger"],"picked":"SKIP","floor":24},{"not_picked":["Warcry","Pommel Strike+1"],"picked":"Impervious","floor":28},{"not_picked":["Inflame+1","Brutality","Iron Wave"],"picked":"SKIP","floor":30},{"not_picked":["Twin Strike","Cleave","Pommel Strike"],"picked":"SKIP","floor":31},{"not_picked":["Fiend Fire","Demon Form"],"picked":"Offering","floor":33},{"not_picked":["Wild Strike+1","Cleave"],"picked":"Body Slam+1","floor":34},{"not_picked":["Blood for Blood","Rampage"],"picked":"Flame Barrier+1","floor":35},{"not_picked":["Purity","Thinking Ahead"],"picked":"Finesse","floor":36},{"not_picked":["True Grit","Anger+1"],"picked":"Shrug It Off+1","floor":39},{"not_picked":["Rage+1","Intimidate","Sword Boomerang"],"picked":"SKIP","floor":41},{"not_picked":["Iron Wave+1","Carnage+1","Brutality"],"picked":"SKIP","floor":42},{"not_picked":["Pommel Strike+1","Wild Strike+1"],"picked":"Evolve+1","floor":45},{"not_picked":["Pummel+1","Perfected Strike+1"],"picked":"Whirlwind+1","floor":46}],"player_experience":151201,"relics_obtained":[{"floor":7,"key":"Pen Nib"},{"floor":9,"key":"Vajra"},{"floor":10,"key":"Ancient Tea Set"},{"floor":13,"key":"Ornamental Fan"},{"floor":24,"key":"Blue Candle"},{"floor":26,"key":"Meat on the Bone"},{"floor":30,"key":"Unceasing Top"},{"floor":42,"key":"Strawberry"},{"floor":43,"key":"MawBank"}],"event_choices":[{"event_name":"Liars Game","player_choice":"agreed","floor":3,"damage_taken":0},{"event_name":"Forgotten Altar","player_choice":"Shed Blood","floor":19,"damage_taken":0},{"event_name":"SensoryStone","player_choice":"Memory 2","floor":36,"damage_taken":0},{"event_name":"Falling","player_choice":"Removed Attack","floor":37,"damage_taken":0},{"event_name":"Tomb of Lord Red Mask","player_choice":"Paid","floor":44,"damage_taken":0}],"is_beta":false,"boss_relics":[{"not_picked":["Busted Crown","Sozu"],"picked":"Mark of Pain"},{"not_picked":["Pandora\u0027s Box","Calling Bell"],"picked":"Orrery"}],"items_purged_floors":[4,29],"is_endless":false,"potions_floor_spawned":[1,12,14,18,21,24,30,42],"ascension_level":7}