{"gold_per_floor":[116,116,116,127,127,155,330,359,411,411,89,89,118,134,134,208,208,218,218,118,136,11,43,54,54,77,77,90,117,117,136,136,210,210,225,243,35,83,83,83,112,127,151,185,185,285,130,130,130,130,130,130,82,111,111],"floor_reached":55,"playtime":7871,"items_purged":["Doubt","Defend_R","Defend_R"],"score":1291,"play_id":"2cace615-38b7-4cdb-a7d0-2c11c1e09bd5","local_time":"20190505143120","is_ascension_mode":true,"campfire_choices":[{"data":"Metallicize","floor":12.0,"key":"SMITH"},{"data":"Bash","floor":15.0,"key":"SMITH"},{"data":"Juggernaut","floor":25.0,"key":"SMITH"},{"data":"Demon Form","floor":30.0,"key":"SMITH"},{"data":"Flame Barrier","floor":32.0,"key":"SMITH"},{"floor":40.0,"key":"RECALL"},{"data":"Feed","floor":45.0,"key":"SMITH"},{"data":"Offering","floor":49.0,"key":"SMITH"},{"data":"True Grit","floor":52.0,"key":"SMITH"}],"neow_cost":"NONE","seed_source_timestamp":0,"circlet_count":0,"master_deck":["AscendersBane","Defend_R+1","Defend_R+1","Bash+1","True Grit+1","Dropkick","Flame Barrier+1","Pommel Strike","Metallicize+1","Juggernaut+1","Offering+1","Bite","Bite","Bite","Bite","Bite","Shockwave+1","Spot Weakness+1","Inflame+1","Demon Form+1","Feed+1","Heavy Blade+1","Shrug It Off+1","Battle Trance+1","Dramatic Entrance","Body Slam"],"special_seed":0,"relics":["Burning Blood","WarpedTongs","Red Skull","Pen Nib","Bag of Marbles","Lee\u0027s Waffle","Pocketwatch","Runic Cube","PreservedInsect","Juzu Bracelet","Art of War","Sozu","ClockworkSouvenir","Ginger","Bottled Flame","Unceasing Top","FossilizedHelix","Strawberry","Bottled Tornado"],"potions_floor_usage":[55],"damage_taken":[{"damage":3.0,"enemies":"Jaw Worm","floor":1.0,"turns":5.0},{"damage":16.0,"enemies":"2 Louse","floor":4.0,"turns":3.0},{"damage":37.0,"enemies":"Gremlin Nob","floor":6.0,"turns":4.0},{"damage":23.0,"enemies":"3 Sentries","floor":8.0,"turns":10.0},{"damage":9.0,"enemies":"Lagavulin","floor":13.0,"turns":9.0},{"damage":0.0,"enemies":"Cultist","floor":14.0,"turns":3.0},{"damage":49.0,"enemies":"Hexaghost","floor":16.0,"turns":11.0},{"damage":16.0,"enemies":"2 Thieves","floor":18.0,"turns":5.0},{"damage":8.0,"enemies":"Shell Parasite","floor":21.0,"turns":5.0},{"damage":8.0,"enemies":"Book of Stabbing","floor":23.0,"turns":5.0},{"damage":6.0,"enemies":"Chosen and Byrds","floor":24.0,"turns":6.0},{"damage":28.0,"enemies":"Snake Plant","floor":28.0,"turns":4.0},{"damage":32.0,"enemies":"Gremlin Leader","floor":29.0,"turns":4.0},{"damage":9.0,"enemies":"Cultist and Chosen","floor":31.0,"turns":5.0},{"damage":27.0,"enemies":"Collector","floor":33.0,"turns":7.0},{"damage":15.0,"enemies":"3 Shapes","floor":35.0,"turns":4.0},{"damage":17.0,"enemies":"Orb Walker","floor":36.0,"turns":3.0},{"damage":39.0,"enemies":"2 Orb Walkers","floor":38.0,"turns":5.0},{"damage":28.0,"enemies":"Nemesis","floor":41.0,"turns":5.0},{"damage":8.0,"enemies":"3 Darklings","floor":42.0,"turns":5.0},{"damage":33.0,"enemies":"Reptomancer","floor":44.0,"turns":6.0},{"damage":6.0,"enemies":"Mind Bloom Boss Battle","floor":46.0,"turns":6.0},{"damage":12.0,"enemies":"Time Eater","floor":50.0,"turns":8.0},{"damage":58.0,"enemies":"Shield and Spear","floor":54.0,"turns":6.0},{"damage":63,"enemies":"The Heart","floor":55,"turns":3}],"seed_played":"-7430165824541806597","potions_obtained":[{"floor":4.0,"key":"Fire Potion"},{"floor":6.0,"key":"SpeedPotion"},{"floor":8.0,"key":"Block Potion"},{"floor":14.0,"key":"Explosive Potion"},{"floor":18.0,"key":"FearPotion"},{"floor":29.0,"key":"Block Potion"}],"is_trial":false,"path_per_floor":["M","?","?","M","?","E","?","E","T","?","$","R","E","M","R","B",null,"M","?","$","M","$","E","M","R","T","?","M","E","R","M","R","B",null,"M","M","$","?","?","R","E","M","T","E","R","?","$","?","R","B",null,"R","$","E","B"],"character_chosen":"IRONCLAD","items_purchased":["Lee\u0027s Waffle","Metallicize","ClockworkSouvenir","Strawberry","Body Slam"],"campfire_rested":0,"item_purchase_floors":[11,11,37,47,53],"current_hp_per_floor":[83,65,65,55,55,24,24,7,7,4,95,95,92,95,95,52,84,74,66,66,66,66,66,66,66,66,66,52,37,37,48,48,47,61,64,58,58,36,65,65,57,66,66,55,55,65,72,72,72,78,79,79,79,49,0],"gold":111,"neow_bonus":"TEN_PERCENT_HP_BONUS","is_prod":false,"is_daily":false,"chose_seed":false,"campfire_upgraded":8,"win_rate":0,"timestamp":1557091880,"path_taken":["M","?","?","?","?","E","?","E","T","?","$","R","E","M","R","BOSS","M","?","?","M","$","E","M","R","T","?","M","E","R","M","R","BOSS","M","M","$","?","?","R","E","M","T","E","R","?","$","?","R","BOSS","R","$","E","BOSS"],"build_version":"2019-01-23","purchased_purges":3,"victory":false,"max_hp_per_floor":[88,88,88,88,88,88,88,88,88,88,95,95,95,95,95,95,95,95,66,66,66,66,66,66,66,66,66,66,66,66,66,66,66,66,70,70,70,74,65,65,68,68,68,68,68,72,79,79,79,79,79,79,79,83,83],"card_choices":[{"not_picked":["Perfected Strike","Havoc"],"picked":"True Grit","floor":1.0},{"not_picked":["Wild Strike","True Grit"],"picked":"Dropkick","floor":4.0},{"not_picked":["Sentinel","Sword Boomerang"],"picked":"Flame Barrier","floor":6.0},{"not_picked":["Searing Blow","Havoc"],"picked":"Pommel Strike","floor":8.0},{"not_picked":["Headbutt","Clothesline"],"picked":"Juggernaut","floor":13.0},{"not_picked":["Pummel","Perfected Strike","True Grit"],"picked":"SKIP","floor":14.0},{"not_picked":["Bludgeon","Limit Break"],"picked":"Offering","floor":16.0},{"not_picked":["Twin Strike","Thunderclap","Flex"],"picked":"SKIP","floor":18.0},{"not_picked":["Wild Strike","Second Wind+1"],"picked":"Shockwave+1","floor":21.0},{"not_picked":["Dropkick","Anger","Clash"],"picked":"SKIP","floor":23.0},{"not_picked":["Blood for Blood","Metallicize"],"picked":"Spot Weakness","floor":24.0},{"not_picked":["Wild Strike","Twin Strike"],"picked":"Inflame+1","floor":28.0},{"not_picked":["Body Slam","Carnage"],"picked":"Demon Form","floor":29.0},{"not_picked":["Dropkick+1","Pommel Strike+1","Reckless Charge+1"],"picked":"SKIP","floor":31.0},{"not_picked":["Demon Form","Brutality"],"picked":"Feed","floor":33.0},{"not_picked":["Bloodletting","Anger+1"],"picked":"Heavy Blade+1","floor":35.0},{"not_picked":["Clash","Perfected Strike+1","Reckless Charge"],"picked":"SKIP","floor":36.0},{"not_picked":["Warcry","Searing Blow+1"],"picked":"Shrug It Off+1","floor":38.0},{"not_picked":["Offering","Wild Strike"],"picked":"Battle Trance+1","floor":41.0},{"not_picked":["Clash","Perfected Strike+1","Cleave"],"picked":"SKIP","floor":42.0},{"not_picked":["Corruption+1","Whirlwind","Heavy Blade"],"picked":"SKIP","floor":44.0},{"not_picked":["Panache","Thinking Ahead"],"picked":"Dramatic Entrance","floor":48.0},{"not_picked":["Heavy Blade","Reckless Charge+1","Perfected Strike"],"picked":"SKIP","floor":54.0}],"player_experience":1326817,"relics_obtained":[{"floor":6.0,"key":"Red Skull"},{"floor":8.0,"key":"Pen Nib"},{"floor":9.0,"key":"Bag of Marbles"},{"floor":13.0,"key":"Pocketwatch"},{"floor":23.0,"key":"PreservedInsect"},{"floor":26.0,"key":"Juzu Bracelet"},{"floor":29.0,"key":"Art of War"},{"floor":38.0,"key":"Ginger"},{"floor":41.0,"key":"Bottled Flame"},{"floor":44.0,"key":"Unceasing Top"},{"floor":46.0,"key":"FossilizedHelix"},{"floor":54.0,"key":"Bottled Tornado"}],"event_choices":[{"damage_healed":0.0,"max_hp_gain":0.0,"max_hp_loss":0.0,"gold_gain":0.0,"event_name":"Shining Light","player_choice":"Entered Light","floor":2.0,"gold_loss":0.0,"damage_taken":18.0,"cards_upgraded":["Defend_R","Defend_R"]},{"damage_healed":0.0,"max_hp_gain":0.0,"max_hp_loss":0.0,"gold_gain":0.0,"event_name":"Accursed Blacksmith","player_choice":"Rummage","floor":3.0,"gold_loss":0.0,"damage_taken":0.0,"relics_obtained":["WarpedTongs"],"cards_obtained":["Pain"]},{"cards_removed":["Pain"],"damage_healed":0.0,"max_hp_gain":0.0,"max_hp_loss":0.0,"gold_gain":0.0,"event_name":"Living Wall","player_choice":"Forget","floor":5.0,"gold_loss":0.0,"damage_taken":0.0},{"damage_healed":0.0,"max_hp_gain":0.0,"max_hp_loss":0.0,"gold_gain":175.0,"event_name":"Liars Game","player_choice":"AGREE","floor":7.0,"gold_loss":0.0,"damage_taken":0.0,"cards_obtained":["Doubt"]},{"damage_healed":0.0,"max_hp_gain":0.0,"max_hp_loss":0.0,"gold_gain":0.0,"event_name":"Scrap Ooze","player_choice":"Fled","floor":10.0,"gold_loss":0.0,"damage_taken":3.0},{"damage_healed":0.0,"max_hp_gain":0.0,"max_hp_loss":29.0,"gold_gain":0.0,"event_name":"Vampires","player_choice":"Became a vampire","floor":19.0,"gold_loss":0.0,"damage_taken":0.0,"cards_obtained":["Bite","Bite","Bite","Bite","Bite"]},{"damage_healed":0.0,"max_hp_gain":0.0,"max_hp_loss":0.0,"gold_gain":0.0,"event_name":"Upgrade Shrine","player_choice":"Upgraded","floor":27.0,"gold_loss":0.0,"damage_taken":0.0,"cards_upgraded":["Spot Weakness"]},{"damage_healed":0.0,"max_hp_gain":0.0,"max_hp_loss":0.0,"gold_gain":0.0,"event_name":"Mysterious Sphere","player_choice":"Fight","floor":38.0,"gold_loss":0.0,"damage_taken":0.0},{"damage_healed":65.0,"max_hp_gain":0.0,"max_hp_loss":9.0,"gold_gain":0.0,"event_name":"The Moai Head","player_choice":"Heal","floor":39.0,"gold_loss":0.0,"damage_taken":0.0},{"damage_healed":0.0,"max_hp_gain":0.0,"max_hp_loss":0.0,"gold_gain":0.0,"event_name":"MindBloom","player_choice":"Fight","floor":46.0,"gold_loss":0.0,"damage_taken":0.0},{"damage_healed":0.0,"max_hp_gain":0.0,"max_hp_loss":0.0,"gold_gain":0.0,"event_name":"SensoryStone","player_choice":"Memory 1","floor":48.0,"gold_loss":0.0,"damage_taken":0.0}],"is_beta":false,"boss_relics":[{"not_picked":["Lizard Tail","Philosopher\u0027s Stone"],"picked":"Runic Cube"},{"not_picked":["Orrery","Astrolabe"],"picked":"Sozu"}],"items_purged_floors":[11,20,22],"is_endless":false,"potions_floor_spawned":[4,6,8,14,18,21,29,31,36,38,41,42,46,54],"killed_by":"The Heart","ascension_level":13}