{"gold_per_floor":[219,234,234,184,184,184,217,217,217,217,227,261,136,146,146,241,241,254,254,265,165,178,213,213,227,250,260,260,260,359,359,359,359],"floor_reached":33,"playtime":3124,"items_purged":["Strike_G","Strike_G"],"score":328,"play_id":"a415ae95-d03b-47a3-aa2f-a49eaef1c8f7","local_time":"20180724012807","is_ascension_mode":true,"campfire_choices":[{"data":"Neutralize","floor":6,"key":"SMITH"},{"data":"Dash","floor":8,"key":"SMITH"},{"data":"Predator","floor":10,"key":"SMITH"},{"data":"Sucker Punch","floor":15,"key":"SMITH"},{"data":"Reflex","floor":24,"key":"SMITH"},{"data":"Backflip","floor":28,"key":"SMITH"},{"floor":32,"key":"REST"}],"neow_cost":"NONE","seed_source_timestamp":867126720151749,"circlet_count":0,"master_deck":["Defend_G","Defend_G","Defend_G","Defend_G","Survivor","Neutralize+1","Predator+1","Backflip","Dash+1","Prepared","Backflip+1","Sucker Punch+1","Dagger Throw","Tools of the Trade","Reflex+1","Escape Plan","Backflip","Adrenaline"],"relics":["Ring of the Snake","Dream Catcher","Mummified Hand","Letter Opener","Sozu","Potion Belt","Boot"],"potions_floor_usage":[7,16,33],"damage_taken":[{"damage":0,"enemies":"Cultist","floor":1,"turns":4},{"damage":0,"enemies":"2 Louse","floor":2,"turns":2},{"damage":19,"enemies":"3 Sentries","floor":7,"turns":9},{"damage":0,"enemies":"Small Slimes","floor":11,"turns":3},{"damage":9,"enemies":"Lagavulin","floor":12,"turns":9},{"damage":0,"enemies":"3 Louse","floor":14,"turns":3},{"damage":13,"enemies":"Hexaghost","floor":16,"turns":10},{"damage":0,"enemies":"Shell Parasite","floor":18,"turns":5},{"damage":0,"enemies":"Chosen","floor":20,"turns":4},{"damage":12,"enemies":"Snake Plant","floor":22,"turns":5},{"damage":23,"enemies":"Gremlin Leader","floor":23,"turns":8},{"damage":6,"enemies":"Cultist and Chosen","floor":25,"turns":5},{"damage":0,"enemies":"Snecko","floor":27,"turns":3},{"damage":52,"enemies":"Champ","floor":33,"turns":19}],"seed_played":"-4158467409351875766","potions_obtained":[{"floor":1,"key":"PowerPotion"},{"floor":11,"key":"Ancient Potion"},{"floor":14,"key":"LiquidBronze"}],"is_trial":false,"path_per_floor":["M","M","?","?","?","R","E","R","T","R","M","E","$","M","R","B",null,"M","?","M","$","M","E","R","M","T","M","R","?","?","?","R"],"character_chosen":"THE_SILENT","items_purchased":["Sucker Punch"],"campfire_rested":1,"item_purchase_floors":[13],"current_hp_per_floor":[70,70,70,70,70,70,51,51,51,51,51,42,42,42,42,29,70,70,70,70,70,58,35,35,29,29,29,29,22,22,22,43,0],"gold":359,"neow_bonus":"HUNDRED_GOLD","is_prod":false,"is_daily":false,"chose_seed":false,"campfire_upgraded":6,"win_rate":0,"timestamp":1532420887,"path_taken":["M","M","?","?","?","R","E","R","T","R","M","E","$","?","R","BOSS","M","?","M","$","M","E","R","M","T","?","R","?","?","?","R","BOSS"],"build_version":"2018-07-19v2","purchased_purges":2,"victory":false,"max_hp_per_floor":[70,70,70,70,70,70,70,70,70,70,70,70,70,70,70,70,70,70,70,70,70,70,70,70,70,70,70,70,70,70,70,70,70],"card_choices":[{"not_picked":["Caltrops","Deflect"],"picked":"Predator","floor":1},{"not_picked":["Outmaneuver","Prepared"],"picked":"Backflip","floor":2},{"not_picked":["Riddle With Holes","Cloak And Dagger"],"picked":"Dash","floor":7},{"not_picked":["Acrobatics","Leg Sweep"],"picked":"Prepared","floor":11},{"not_picked":["Deadly Poison","Wraith Form v2"],"picked":"Backflip","floor":12},{"not_picked":["Outmaneuver","Concentrate"],"picked":"Dagger Throw","floor":14},{"not_picked":["Die Die Die","Corpse Explosion"],"picked":"Tools of the Trade","floor":16},{"not_picked":["PiercingWail","Outmaneuver"],"picked":"Reflex","floor":18},{"not_picked":["Deflect","PiercingWail","Poisoned Stab"],"picked":"SKIP","floor":20},{"not_picked":["Underhanded Strike","Infinite Blades"],"picked":"Escape Plan","floor":22},{"not_picked":["Dagger Spray","Dodge and Roll"],"picked":"Backflip","floor":23},{"not_picked":["PiercingWail","Dagger Spray","Dash+1"],"picked":"SKIP","floor":25},{"not_picked":["Deflect","Cloak And Dagger","Dodge and Roll+1"],"picked":"SKIP","floor":27},{"not_picked":["Slice+1","Cloak And Dagger+1"],"picked":"Adrenaline","floor":32}],"player_experience":134961,"relics_obtained":[{"floor":7,"key":"Dream Catcher"},{"floor":9,"key":"Mummified Hand"},{"floor":12,"key":"Letter Opener"},{"floor":23,"key":"Potion Belt"},{"floor":26,"key":"Boot"}],"event_choices":[{"event_name":"Living Wall","player_choice":"Forget","floor":3,"damage_taken":0},{"event_name":"The Cleric","player_choice":"Card Removal","floor":4,"damage_taken":0},{"event_name":"Purifier","player_choice":"One Purge","floor":5,"damage_taken":0},{"event_name":"Purifier","player_choice":"One Purge","floor":19,"damage_taken":0},{"event_name":"Wheel of Change","player_choice":"Damage","floor":29,"damage_taken":0},{"event_name":"Nest","player_choice":"Stole From Cult","floor":30,"damage_taken":0},{"event_name":"Match and Keep!","player_choice":"0 cards matched","floor":31,"damage_taken":0}],"is_beta":false,"boss_relics":[{"not_picked":["Orrery","Velvet Choker"],"picked":"Sozu"}],"items_purged_floors":[13,21],"is_endless":false,"potions_floor_spawned":[1,11,14,20,23,25],"killed_by":"Champ","ascension_level":4}