{"gold_per_floor":[109,129,146,71,71,105,105,137,137,137,312,344,34,0,0,105,105,125,50,50,67,18,77,77,111,111,128,157,168,186,87,87,184,184,201,201,201,213,226,251,265,115,197,27,61,61,95,115,115,115],"floor_reached":51,"playtime":3594,"items_purged":["Defend_B","Doubt"],"score":902,"play_id":"ea0a9e20-f4ca-4b34-bbb6-d119a7b80983","local_time":"20190423183524","is_ascension_mode":true,"campfire_choices":[{"data":"Defragment","floor":7,"key":"SMITH"},{"floor":10,"key":"REST"},{"data":"Zap","floor":15,"key":"SMITH"},{"data":"White Noise","floor":24,"key":"SMITH"},{"floor":32,"key":"REST"},{"floor":46,"key":"REST"},{"floor":49,"key":"REST"}],"neow_cost":"PERCENT_DAMAGE","seed_source_timestamp":758123009209494,"circlet_count":0,"master_deck":["Strike_B+1","Defend_B","Zap+1","Dualcast","Chill","Defragment+1","Cold Snap+1","White Noise+1","Core Surge","Cold Snap","Gash+1","Echo Form","Hologram+1","Seek","Tempest","Creative AI","Transmutation","Tempest+1"],"relics":["Cracked Core","DataDisk","Shuriken","PreservedInsect","Whetstone","ClockworkSouvenir","Busted Crown","GremlinMask","Tiny Chest","Singing Bowl","Bottled Tornado","Potion Belt","Fusion Hammer","Lantern","Bottled Flame","Smiling Mask","Ice Cream"],"potions_floor_usage":[6,12,23,23,28,33,33,35,38,41,47,50],"damage_taken":[{"damage":1,"enemies":"Cultist","floor":1,"turns":3},{"damage":1,"enemies":"Jaw Worm","floor":2,"turns":3},{"damage":0,"enemies":"2 Louse","floor":3,"turns":2},{"damage":14,"enemies":"Lagavulin","floor":6,"turns":7},{"damage":0,"enemies":"3 Sentries","floor":8,"turns":11},{"damage":10,"enemies":"Gremlin Nob","floor":12,"turns":3},{"damage":25,"enemies":"Slime Boss","floor":16,"turns":10},{"damage":0,"enemies":"Chosen","floor":18,"turns":4},{"damage":5,"enemies":"Shell Parasite","floor":21,"turns":4},{"damage":6,"enemies":"Slavers","floor":23,"turns":4},{"damage":0,"enemies":"Gremlin Leader","floor":25,"turns":5},{"damage":15,"enemies":"Centurion and Healer","floor":27,"turns":6},{"damage":14,"enemies":"Slavers","floor":28,"turns":5},{"damage":5,"enemies":"Chosen and Byrds","floor":29,"turns":5},{"damage":0,"enemies":"Snecko","floor":30,"turns":4},{"damage":3,"enemies":"Champ","floor":33,"turns":9},{"damage":4,"enemies":"3 Darklings","floor":35,"turns":5},{"damage":5,"enemies":"Orb Walker","floor":38,"turns":4},{"damage":1,"enemies":"4 Shapes","floor":39,"turns":7},{"damage":8,"enemies":"Reptomancer","floor":40,"turns":6},{"damage":0,"enemies":"Sphere and 2 Shapes","floor":41,"turns":4},{"damage":17,"enemies":"Giant Head","floor":45,"turns":5},{"damage":13,"enemies":"Reptomancer","floor":47,"turns":5},{"damage":9,"enemies":"3 Darklings","floor":48,"turns":6},{"damage":45,"enemies":"Awakened One","floor":50,"turns":13}],"seed_played":"-1631339982854612175","potions_obtained":[{"floor":1,"key":"Swift Potion"},{"floor":2,"key":"Ancient Potion"},{"floor":8,"key":"Poison Potion"},{"floor":16,"key":"Fire Potion"},{"floor":21,"key":"PowerPotion"},{"floor":25,"key":"Ancient Potion"},{"floor":27,"key":"AttackPotion"},{"floor":38,"key":"Fruit Juice"},{"floor":40,"key":"Dexterity Potion"},{"floor":45,"key":"Swift Potion"}],"is_trial":false,"path_per_floor":["M","M","M","$","?","E","R","E","T","R","?","E","$","?","R","B",null,"M","?","?","M","$","E","R","E","T","M","E","M","M","$","R","B",null,"M","?","?","M","M","E","M","$","T","$","E","R","E","M","R","B",null],"character_chosen":"DEFECT","items_purchased":["ClockworkSouvenir","Cold Snap","Fire Potion","Swift Potion","Creative AI","Transmutation"],"campfire_rested":4,"item_purchase_floors":[13,22,31,31,42,44],"current_hp_per_floor":[53,52,52,52,45,31,31,31,31,53,53,43,43,43,43,18,75,75,75,75,70,70,64,64,64,64,51,39,36,38,38,62,59,83,81,81,81,83,82,74,74,74,74,74,59,87,74,67,95,50],"gold":115,"neow_bonus":"REMOVE_TWO","is_prod":false,"is_daily":false,"chose_seed":false,"campfire_upgraded":3,"win_rate":0,"timestamp":1556040924,"path_taken":["M","M","M","$","?","E","R","E","T","R","?","E","$","?","R","BOSS","M","?","?","?","$","E","R","E","T","M","E","M","M","?","R","BOSS","M","?","?","?","M","E","M","?","T","$","E","R","E","M","R","BOSS"],"build_version":"2019-01-23","purchased_purges":2,"victory":true,"max_hp_per_floor":[75,75,75,75,75,75,75,75,75,75,75,75,75,75,75,75,75,75,75,75,75,75,75,75,75,75,77,79,81,83,83,83,83,83,85,85,85,92,92,92,92,92,92,92,94,94,94,96,96,96],"card_choices":[{"not_picked":["Lockon","Barrage","Redo"],"picked":"SKIP","floor":1},{"not_picked":["Hologram","Compile Driver"],"picked":"Chill","floor":2},{"not_picked":["Sweeping Beam","Rebound"],"picked":"Defragment","floor":3},{"not_picked":["Redo","Scrape"],"picked":"Cold Snap","floor":6},{"not_picked":["Heatsinks","Compile Driver"],"picked":"White Noise","floor":8},{"not_picked":["Hyperbeam","Genetic Algorithm","Force Field"],"picked":"SKIP","floor":12},{"not_picked":["Rainbow","Fission"],"picked":"Core Surge","floor":16},{"not_picked":["Hologram"],"picked":"SKIP","floor":18},{"not_picked":["Steam"],"picked":"SKIP","floor":21},{"not_picked":["Undo"],"picked":"SKIP","floor":23},{"not_picked":[],"picked":"Gash+1","floor":25},{"not_picked":["Hyperbeam"],"picked":"Singing Bowl","floor":27},{"not_picked":["Redo"],"picked":"Singing Bowl","floor":28},{"not_picked":["Compile Driver"],"picked":"Singing Bowl","floor":29},{"not_picked":["Rip and Tear"],"picked":"Singing Bowl","floor":30},{"not_picked":[],"picked":"Echo Form","floor":33},{"not_picked":["Streamline+1"],"picked":"Singing Bowl","floor":35},{"not_picked":["Scrape"],"picked":"Singing Bowl","floor":38},{"not_picked":[],"picked":"Hologram+1","floor":39},{"not_picked":[],"picked":"Seek","floor":40},{"not_picked":[],"picked":"Tempest","floor":41},{"not_picked":["Stack"],"picked":"Singing Bowl","floor":45},{"not_picked":[],"picked":"Tempest+1","floor":47},{"not_picked":["Steam"],"picked":"Singing Bowl","floor":48}],"player_experience":1829014,"relics_obtained":[{"floor":6,"key":"DataDisk"},{"floor":8,"key":"Shuriken"},{"floor":9,"key":"PreservedInsect"},{"floor":12,"key":"Whetstone"},{"floor":23,"key":"Tiny Chest"},{"floor":25,"key":"Singing Bowl"},{"floor":26,"key":"Bottled Tornado"},{"floor":28,"key":"Potion Belt"},{"floor":40,"key":"Lantern"},{"floor":43,"key":"Bottled Flame"},{"floor":45,"key":"Smiling Mask"},{"floor":47,"key":"Ice Cream"}],"event_choices":[{"cards_removed":["Strike_B"],"damage_healed":0,"gold_gain":0,"player_choice":"Card Removal","damage_taken":7,"max_hp_gain":0,"max_hp_loss":0,"event_name":"Golden Wing","floor":5,"gold_loss":0},{"damage_healed":0,"gold_gain":175,"player_choice":"AGREE","damage_taken":0,"max_hp_gain":0,"max_hp_loss":0,"event_name":"Liars Game","floor":11,"gold_loss":0,"cards_obtained":["Doubt"]},{"damage_healed":0,"gold_gain":0,"player_choice":"Left Gold","damage_taken":0,"max_hp_gain":0,"max_hp_loss":0,"event_name":"World of Goop","floor":14,"gold_loss":34},{"cards_removed":["Defend_B"],"damage_healed":0,"gold_gain":0,"player_choice":"Gave Gold","damage_taken":0,"max_hp_gain":0,"max_hp_loss":0,"event_name":"Beggar","floor":19,"gold_loss":75},{"damage_healed":0,"gold_gain":0,"player_choice":"Trade","damage_taken":0,"relics_obtained":["GremlinMask"],"max_hp_gain":0,"max_hp_loss":0,"event_name":"FaceTrader","floor":20,"gold_loss":0},{"damage_healed":0,"gold_gain":0,"player_choice":"Ignored","damage_taken":0,"max_hp_gain":0,"max_hp_loss":0,"event_name":"Tomb of Lord Red Mask","floor":36,"gold_loss":0},{"cards_removed":["Defend_B"],"damage_healed":0,"gold_gain":0,"player_choice":"Offered Basic","damage_taken":0,"max_hp_gain":0,"max_hp_loss":0,"event_name":"Bonfire Elementals","floor":37,"gold_loss":0}],"is_beta":false,"boss_relics":[{"not_picked":["Velvet Choker","Coffee Dripper"],"picked":"Busted Crown"},{"not_picked":["FrozenCore","Snecko Eye"],"picked":"Fusion Hammer"}],"items_purged_floors":[4,13],"is_endless":false,"potions_floor_spawned":[1,2,8,16,21,25,27,38,40,45],"ascension_level":1}