{"gold_per_floor":[110,110,140,31,43,68,68,86,86,105,105,105],"floor_reached":12,"playtime":494,"items_purged":[],"score":130,"play_id":"f7119936-a68f-415d-a680-b5a996d441a6","local_time":"20190321142024","is_ascension_mode":false,"campfire_choices":[{"data":"Defragment","floor":7,"key":"SMITH"},{"data":"Consume","floor":11,"key":"SMITH"}],"neow_cost":"","seed_source_timestamp":0,"circlet_count":0,"master_deck":["Strike_B","Strike_B","Strike_B","Strike_B","Defend_B","Defend_B","Defend_B","Defend_B","Zap","Dualcast","Redo","Loop","Echo Form","Streamline","Consume+1","Defragment+1"],"relics":["Cracked Core","MawBank","Unceasing Top","Frozen Egg 2"],"potions_floor_usage":[12],"damage_taken":[{"damage":1,"enemies":"Cultist","floor":1,"turns":3},{"damage":11,"enemies":"Jaw Worm","floor":3,"turns":3},{"damage":0,"enemies":"2 Louse","floor":5,"turns":1},{"damage":26,"enemies":"Lagavulin","floor":6,"turns":6},{"damage":12,"enemies":"Looter","floor":8,"turns":4},{"damage":5,"enemies":"3 Louse","floor":10,"turns":4},{"damage":26,"enemies":"Gremlin Gang","floor":12,"turns":3}],"seed_played":"9030999729503453717","potions_obtained":[{"floor":3,"key":"Poison Potion"},{"floor":8,"key":"FocusPotion"},{"floor":10,"key":"EssenceOfSteel"}],"is_trial":true,"path_per_floor":["M","?","M","$","M","E","R","M","T","M","R","M"],"character_chosen":"DEFECT","items_purchased":["Echo Form","Streamline"],"campfire_rested":0,"item_purchase_floors":[4,4],"current_hp_per_floor":[74,74,63,63,63,37,37,25,25,20,20,0],"gold":105,"neow_bonus":"","is_prod":false,"is_daily":false,"chose_seed":false,"campfire_upgraded":2,"win_rate":0,"timestamp":1553178024,"path_taken":["M","?","M","?","M","E","R","M","T","M","R","M"],"build_version":"2019-01-23","purchased_purges":0,"victory":false,"max_hp_per_floor":[75,75,75,75,75,75,75,75,75,75,75,75],"card_choices":[{"not_picked":["Aggregate","Turbo"],"picked":"Redo","floor":1},{"not_picked":["Force Field","Aggregate"],"picked":"Loop","floor":3},{"not_picked":["Steam","Streamline"],"picked":"Consume","floor":5},{"not_picked":["Beam Cell","Rebound"],"picked":"Defragment","floor":6},{"not_picked":["Go for the Eyes","Rebound","Sweeping Beam"],"picked":"SKIP","floor":8},{"not_picked":["Hyperbeam","Hologram","Sweeping Beam"],"picked":"SKIP","floor":10}],"player_experience":1602220,"relics_obtained":[{"floor":2,"key":"MawBank"},{"floor":6,"key":"Unceasing Top"},{"floor":9,"key":"Frozen Egg 2"}],"event_choices":[{"damage_healed":0,"gold_gain":0,"player_choice":"Relic","damage_taken":0,"max_hp_gain":0,"max_hp_loss":0,"event_name":"Wheel of Change","floor":2,"gold_loss":0}],"is_beta":false,"boss_relics":[],"items_purged_floors":[],"is_endless":true,"potions_floor_spawned":[3,8,10],"killed_by":"Gremlin Gang","ascension_level":0}