{"gold_per_floor":[109,109,129,144,163,163,195,195,195,160,189,189,202,219,219,319,319,336,336,348,364,93,93,93,93,93,93,111,111],"floor_reached":29,"playtime":2289,"items_purged":[],"score":235,"play_id":"4bf9d851-ca1e-417b-8458-2571e9f0f1c3","local_time":"20190619013854","is_ascension_mode":false,"campfire_choices":[{"floor":6,"key":"REST"},{"floor":8,"key":"REST"},{"floor":15,"key":"REST"},{"floor":23,"key":"REST"},{"floor":25,"key":"REST"}],"neow_cost":"NONE","seed_source_timestamp":35584537297400,"circlet_count":0,"master_deck":["Defend_G","Defend_G","Defend_G","Defend_G","Defend_G","Strike_G","Strike_G","Strike_G","Strike_G","Survivor","Neutralize","Dagger Throw","Regret","Underhanded Strike","Caltrops","Backstab","Outmaneuver","Deadly Poison","Heel Hook","Crippling Poison","Heel Hook","Bouncing Flask","Adrenaline","Malaise","Finisher","Deadly Poison","Outmaneuver","PiercingWail","After Image","PiercingWail","Enlightenment","Distraction","Predator+1","Underhanded Strike+1"],"relics":["Ring of the Snake","NeowsBlessing","Bag of Preparation","Prayer Wheel","Dodecahedron","Bag of Marbles","Runic Pyramid","Blood Vial","Sundial","Vajra"],"potions_floor_usage":[16,16,16,28,29],"damage_taken":[{"damage":0,"enemies":"2 Louse","floor":1,"turns":1},{"damage":0,"enemies":"Small Slimes","floor":3,"turns":1},{"damage":0,"enemies":"Jaw Worm","floor":4,"turns":1},{"damage":31,"enemies":"3 Louse","floor":5,"turns":3},{"damage":32,"enemies":"3 Sentries","floor":7,"turns":10},{"damage":47,"enemies":"Lagavulin","floor":11,"turns":9},{"damage":5,"enemies":"Looter","floor":13,"turns":1},{"damage":10,"enemies":"Blue Slaver","floor":14,"turns":2},{"damage":10,"enemies":"Hexaghost","floor":16,"turns":8},{"damage":14,"enemies":"Spheric Guardian","floor":18,"turns":4},{"damage":4,"enemies":"Shell Parasite","floor":20,"turns":5},{"damage":21,"enemies":"Snake Plant","floor":21,"turns":3},{"damage":21,"enemies":"Centurion and Healer","floor":28,"turns":8},{"damage":46,"enemies":"Gremlin Leader","floor":29,"turns":4}],"seed_played":"2807051486222280027","potions_obtained":[{"floor":3,"key":"Dexterity Potion"},{"floor":7,"key":"Energy Potion"},{"floor":11,"key":"Poison Potion"},{"floor":16,"key":"Explosive Potion"},{"floor":20,"key":"Fire Potion"},{"floor":21,"key":"LiquidBronze"}],"is_trial":false,"path_per_floor":["?","?","?","M","?","?","T"],"character_chosen":"THE_SILENT","items_purchased":["Blood Vial","Enlightenment","Distraction"],"campfire_rested":5,"item_purchase_floors":[22,22,22],"current_hp_per_floor":[70,70,70,70,39,60,28,49,49,66,19,19,14,4,25,15,70,56,56,52,31,31,52,39,61,61,61,42,0],"gold":111,"neow_bonus":"THREE_ENEMY_KILL","is_prod":false,"is_daily":false,"chose_seed":false,"campfire_upgraded":0,"win_rate":0.0,"timestamp":1560933534,"path_taken":["M","?","M","M","M","R","E","R","T","?","E","?","?","M","R","BOSS","M","?","M","M","$","R","?","R","T","?","M","E"],"build_version":"2019-01-23","purchased_purges":0,"victory":false,"max_hp_per_floor":[70,70,70,70,70,70,70,70,70,70,70,70,70,70,70,70,70,70,70,70,70,70,70,75,75,75,75,75,75],"card_choices":[{"not_picked":["Acrobatics","Quick Slash"],"picked":"Dagger Throw","floor":1},{"not_picked":["Deflect","Well Laid Plans"],"picked":"Underhanded Strike","floor":3},{"not_picked":["Infinite Blades","Riddle With Holes"],"picked":"Caltrops","floor":4},{"not_picked":["Slice","Underhanded Strike"],"picked":"Backstab","floor":5},{"not_picked":["Deadly Poison","Endless Agony"],"picked":"Outmaneuver","floor":7},{"not_picked":["Calculated Gamble","Dash"],"picked":"Deadly Poison","floor":11},{"not_picked":["Terror","Quick Slash"],"picked":"Crippling Poison","floor":13},{"not_picked":["Underhanded Strike","Prepared"],"picked":"Heel Hook","floor":13},{"not_picked":["Dodge and Roll","Dagger Spray"],"picked":"Bouncing Flask","floor":14},{"not_picked":["Infinite Blades","Tactician"],"picked":"Adrenaline","floor":14},{"not_picked":["A Thousand Cuts","Unload"],"picked":"Malaise","floor":16},{"not_picked":["Slice","Leg Sweep"],"picked":"Finisher","floor":18},{"not_picked":["Underhanded Strike","Slice+1"],"picked":"Deadly Poison","floor":18},{"not_picked":["Dash+1","Expertise+1"],"picked":"Outmaneuver","floor":20},{"not_picked":["Deflect","Bouncing Flask"],"picked":"PiercingWail","floor":20},{"not_picked":["Caltrops","Poisoned Stab+1"],"picked":"After Image","floor":21},{"not_picked":["Deadly Poison","Well Laid Plans"],"picked":"PiercingWail","floor":21},{"not_picked":["Escape Plan","Expertise"],"picked":"Predator+1","floor":28},{"not_picked":["Dagger Throw","Outmaneuver"],"picked":"Underhanded Strike+1","floor":28}],"player_experience":9223,"relics_obtained":[{"floor":7,"key":"Prayer Wheel"},{"floor":9,"key":"Dodecahedron"},{"floor":11,"key":"Bag of Marbles"},{"floor":26,"key":"Sundial"},{"floor":27,"key":"Vajra"}],"event_choices":[{"damage_healed":0,"gold_gain":0,"player_choice":"Box","damage_taken":0,"relics_obtained":["Bag of Preparation"],"max_hp_gain":0,"max_hp_loss":0,"event_name":"Big Fish","floor":2,"gold_loss":0,"cards_obtained":["Regret"]},{"damage_healed":17,"gold_gain":0,"player_choice":"Healed","damage_taken":0,"max_hp_gain":0,"max_hp_loss":0,"event_name":"The Cleric","floor":10,"gold_loss":35},{"damage_healed":0,"gold_gain":0,"cards_transformed":["Strike_G"],"player_choice":"Change","damage_taken":0,"max_hp_gain":0,"max_hp_loss":0,"event_name":"Living Wall","floor":12,"gold_loss":0,"cards_obtained":["Heel Hook"]},{"damage_healed":0,"gold_gain":0,"player_choice":"Ignored","damage_taken":0,"max_hp_gain":0,"max_hp_loss":0,"event_name":"Ghosts","floor":19,"gold_loss":0},{"damage_healed":0,"gold_gain":0,"player_choice":"Shed Blood","damage_taken":18,"max_hp_gain":5,"max_hp_loss":0,"event_name":"Forgotten Altar","floor":24,"gold_loss":0}],"is_beta":false,"boss_relics":[{"not_picked":["Runic Dome","White Beast Statue"],"picked":"Runic Pyramid"}],"items_purged_floors":[],"is_endless":false,"potions_floor_spawned":[3,7,11,16,20,21],"killed_by":"Gremlin Leader","ascension_level":0}