{"gold_per_floor":[110,110,61,236,250,284,284,319,319,354,354,354,304,304,304,433,433,454,454],"floor_reached":19,"playtime":1968,"items_purged":[],"score":199,"play_id":"d94c093e-9ce9-4f66-97dc-2668d4d8729f","local_time":"20190101130823","is_ascension_mode":true,"campfire_choices":[{"data":"Go for the Eyes","floor":7,"key":"SMITH"},{"floor":12,"key":"REST"},{"data":"Glacier","floor":15,"key":"SMITH"}],"neow_cost":"NONE","seed_source_timestamp":1334924330069602,"circlet_count":0,"master_deck":["Strike_B","Strike_B","Strike_B","Strike_B+1","Defend_B","Defend_B","Defend_B","Defend_B","Zap+1","Dualcast","Glacier+1","Ball Lightning+1","BootSequence","Go for the Eyes+1","FTL+1","Tempest+1","Multi-Cast","Rip and Tear"],"relics":["Eternal Feather","Golden Idol","Kunai","Whetstone","Frozen Egg 2","Potion Belt","Velvet Choker"],"potions_floor_usage":[6,16],"damage_taken":[{"damage":2,"enemies":"Jaw Worm","floor":1,"turns":4},{"damage":0,"enemies":"Small Slimes","floor":5,"turns":4},{"damage":7,"enemies":"3 Sentries","floor":6,"turns":9},{"damage":20,"enemies":"Gremlin Nob","floor":8,"turns":5},{"damage":18,"enemies":"3 Sentries","floor":10,"turns":9},{"damage":6,"enemies":"Slime Boss","floor":16,"turns":8},{"damage":1,"enemies":"Spheric Guardian","floor":18,"turns":3},{"damage":25,"enemies":"Colosseum Slavers","floor":19,"turns":4},{"damage":49,"enemies":"Colosseum Nobs","floor":19,"turns":5}],"seed_played":"6488680339772147385","potions_obtained":[{"floor":5,"key":"Strength Potion"},{"floor":8,"key":"Explosive Potion"}],"is_trial":false,"path_per_floor":["M","?","$","?","M","E","R","E","T","E","?","R","?","?","R","B",null,"M","?"],"character_chosen":"DEFECT","items_purchased":["Ball Lightning"],"campfire_rested":1,"item_purchase_floors":[3],"current_hp_per_floor":[73,55,55,55,55,48,57,37,37,19,4,35,35,35,44,38,75,74,0],"gold":454,"neow_bonus":"BOSS_RELIC","is_prod":false,"is_daily":false,"chose_seed":false,"campfire_upgraded":2,"win_rate":0,"timestamp":1546376903,"path_taken":["M","?","$","?","M","E","R","E","T","E","?","R","?","?","R","BOSS","M","?"],"build_version":"2018-12-20","purchased_purges":0,"victory":false,"max_hp_per_floor":[75,75,75,75,75,75,75,75,75,75,75,75,75,75,75,75,75,75,75],"card_choices":[{"not_picked":["Compile Driver","Turbo"],"picked":"Glacier","floor":1},{"not_picked":["Steam","Barrage"],"picked":"BootSequence","floor":5},{"not_picked":["Loop","Heatsinks"],"picked":"Go for the Eyes","floor":6},{"not_picked":["Blizzard","Reprogram"],"picked":"FTL","floor":8},{"not_picked":["Steam Power","Compile Driver"],"picked":"Tempest","floor":10},{"not_picked":["Amplify","Meteor Strike"],"picked":"Multi-Cast","floor":16},{"not_picked":["FTL","Go for the Eyes"],"picked":"Rip and Tear","floor":18}],"player_experience":213100,"relics_obtained":[{"floor":6,"key":"Kunai"},{"floor":8,"key":"Whetstone"},{"floor":9,"key":"Frozen Egg 2"},{"floor":10,"key":"Potion Belt"}],"event_choices":[{"damage_healed":0,"gold_gain":0,"player_choice":"Take Damage","damage_taken":18,"relics_obtained":["Golden Idol"],"max_hp_gain":0,"max_hp_loss":0,"event_name":"Golden Idol","floor":2,"gold_loss":0},{"damage_healed":0,"gold_gain":175,"player_choice":"AGREE","damage_taken":0,"max_hp_gain":0,"max_hp_loss":0,"event_name":"Liars Game","floor":4,"gold_loss":0,"cards_obtained":["Doubt"]},{"damage_healed":0,"gold_gain":0,"player_choice":"Entered Light","damage_taken":15,"max_hp_gain":0,"max_hp_loss":0,"event_name":"Shining Light","floor":11,"gold_loss":0,"cards_upgraded":["Tempest","FTL"]},{"cards_removed":["Doubt"],"damage_healed":0,"gold_gain":0,"player_choice":"Card Removal","damage_taken":0,"max_hp_gain":0,"max_hp_loss":0,"event_name":"The Cleric","floor":13,"gold_loss":50},{"damage_healed":0,"gold_gain":0,"player_choice":"Forge","damage_taken":0,"max_hp_gain":0,"max_hp_loss":0,"event_name":"Accursed Blacksmith","floor":14,"gold_loss":0,"cards_upgraded":["Zap"]},{"damage_healed":0,"gold_gain":0,"player_choice":"Fight","damage_taken":0,"max_hp_gain":0,"max_hp_loss":0,"event_name":"Colosseum","floor":19,"gold_loss":0},{"damage_healed":0,"gold_gain":0,"player_choice":"Fought Nobs","damage_taken":0,"max_hp_gain":0,"max_hp_loss":0,"event_name":"Colosseum","floor":19,"gold_loss":0}],"is_beta":false,"boss_relics":[{"not_picked":["Busted Crown","Lizard Tail"],"picked":"Velvet Choker"}],"items_purged_floors":[],"is_endless":false,"potions_floor_spawned":[5,8],"killed_by":"Colosseum Nobs","ascension_level":2}