{"gold_per_floor":[110,37,37,53,73,73,107,107,162,87,114,124,156,176,176,275,275,291,306,306,306,323,350,376,38,38,38,57,87,107,138,138,233,233,248,348,425,103,122,122,142,168,168,199,199,217,217,217,217,217,217,217,13,47,47],"floor_reached":55,"playtime":4408,"items_purged":["Strike_B","Regret","Normality"],"score":916,"play_id":"da7fe153-22a4-41f1-8628-928aa1705303","local_time":"20190628144610","is_ascension_mode":true,"campfire_choices":[{"data":"Sunder","floor":6.0,"key":"SMITH"},{"floor":15.0,"key":"REST"},{"floor":27.0,"key":"REST"},{"floor":32.0,"key":"REST"},{"floor":40.0,"key":"RECALL"},{"data":"Dualcast","floor":45,"key":"SMITH"},{"data":"Defragment","floor":47,"key":"SMITH"},{"floor":49,"key":"REST"},{"data":"Reinforced Body","floor":52,"key":"SMITH"}],"neow_cost":"NONE","seed_source_timestamp":408014160236784,"circlet_count":0,"master_deck":["Strike_B","Strike_B","Strike_B","Defend_B","Defend_B","Defend_B","Defend_B","Zap","Dualcast+1","Glacier","Sunder+1","Rebound","Ball Lightning","Cold Snap","Beam Cell","Biased Cognition","Reinforced Body+1","Electrodynamics","Glacier","Necronomicurse","Core Surge","Go for the Eyes+1","Biased Cognition","Undo+1","Seek+1","Conserve Battery+1","Stack+1","Normality","Thunder Strike+1","Defragment+1","Echo Form","Defragment+1","Shame","Stack+1","Hologram+1"],"special_seed":0,"relics":["Cracked Core","NeowsBlessing","Regal Pillow","Tiny Chest","PreservedInsect","Question Card","Cursed Key","Necronomicon","DataDisk","Bag of Marbles","Molten Egg 2","Ginger","Blood Vial","Toxic Egg 2","White Beast Statue","Nunchaku","Pocketwatch","Ornamental Fan","Centennial Puzzle","Runic Capacitor","StoneCalendar"],"potions_floor_usage":[46,50,50,54,55],"damage_taken":[{"damage":0.0,"enemies":"Jaw Worm","floor":1.0,"turns":1.0},{"damage":0.0,"enemies":"Cultist","floor":4.0,"turns":1.0},{"damage":0.0,"enemies":"Small Slimes","floor":5.0,"turns":1.0},{"damage":18.0,"enemies":"Gremlin Nob","floor":7.0,"turns":4.0},{"damage":4.0,"enemies":"3 Sentries","floor":11.0,"turns":6.0},{"damage":6.0,"enemies":"Looter","floor":12.0,"turns":2.0},{"damage":19.0,"enemies":"Lagavulin","floor":13.0,"turns":5.0},{"damage":0.0,"enemies":"Blue Slaver","floor":14.0,"turns":1.0},{"damage":15.0,"enemies":"Hexaghost","floor":16.0,"turns":7.0},{"damage":12.0,"enemies":"2 Thieves","floor":18.0,"turns":2.0},{"damage":0.0,"enemies":"3 Byrds","floor":19.0,"turns":2.0},{"damage":0.0,"enemies":"Snecko","floor":22.0,"turns":3.0},{"damage":12.0,"enemies":"Book of Stabbing","floor":23.0,"turns":2.0},{"damage":10.0,"enemies":"Centurion and Healer","floor":28.0,"turns":5.0},{"damage":15.0,"enemies":"Slavers","floor":29.0,"turns":3.0},{"damage":1.0,"enemies":"Cultist and Chosen","floor":30.0,"turns":3.0},{"damage":14.0,"enemies":"Book of Stabbing","floor":31.0,"turns":2.0},{"damage":11.0,"enemies":"Champ","floor":33.0,"turns":11.0},{"damage":0.0,"enemies":"Orb Walker","floor":35.0,"turns":2.0},{"damage":4.0,"enemies":"Mind Bloom Boss Battle","floor":36.0,"turns":9.0},{"damage":5.0,"enemies":"3 Shapes","floor":39.0,"turns":4.0},{"damage":9.0,"enemies":"Transient","floor":41.0,"turns":5.0},{"damage":13.0,"enemies":"Giant Head","floor":42.0,"turns":5.0},{"damage":8,"enemies":"Reptomancer","floor":44,"turns":4},{"damage":4,"enemies":"Jaw Worm Horde","floor":46,"turns":3},{"damage":24,"enemies":"Donu and Deca","floor":50,"turns":10},{"damage":32,"enemies":"Shield and Spear","floor":54,"turns":7},{"damage":53,"enemies":"The Heart","floor":55,"turns":2}],"seed_played":"9056180425516587085","potions_obtained":[{"floor":4.0,"key":"Energy Potion"},{"floor":7.0,"key":"EntropicBrew"},{"floor":12.0,"key":"PowerPotion"},{"floor":14.0,"key":"FocusPotion"},{"floor":16.0,"key":"Regen Potion"},{"floor":22.0,"key":"FocusPotion"},{"floor":33.0,"key":"GamblersBrew"},{"floor":35.0,"key":"FearPotion"},{"floor":41.0,"key":"PowerPotion"},{"floor":42.0,"key":"Poison Potion"},{"floor":44,"key":"SpeedPotion"},{"floor":46,"key":"Swift Potion"},{"floor":54,"key":"Poison Potion"}],"is_trial":false,"path_per_floor":["M","$","?","M","M","R","E","?","T","$","E","M","E","M","R","B",null,"M","M","?","?","M","E","T","$","T","R","M","E","M","E","R","B",null,"M","?","T","$","M","R","M","E","T","E","R","M","R","?","R","B",null,"R","$","E","B"],"character_chosen":"DEFECT","items_purchased":["Sunder","Molten Egg 2","Thunder Strike+1","Defragment","Runic Capacitor"],"campfire_rested":4,"item_purchase_floors":[2,25,38,38,53],"current_hp_per_floor":[75,75,75,75,75,75,57,57,57,57,53,47,28,28,65,50,75,63,63,49,33,33,21,21,21,21,60,64,49,50,38,77,68,80,80,76,76,76,73,73,66,55,55,49,49,47,47,47,76,52,76,76,76,44,0],"gold":47,"neow_bonus":"THREE_ENEMY_KILL","is_prod":false,"is_daily":false,"chose_seed":false,"campfire_upgraded":4,"win_rate":0,"timestamp":1561758370,"path_taken":["M","$","?","?","M","R","E","?","T","?","E","M","E","?","R","BOSS","M","M","?","?","M","E","?","$","T","R","M","E","M","E","R","BOSS","M","?","?","$","M","R","M","E","T","E","R","M","R","?","R","BOSS","R","$","E","BOSS"],"build_version":"2019-01-23","purchased_purges":3,"victory":false,"max_hp_per_floor":[75,75,75,75,75,75,75,75,75,75,75,75,75,75,75,75,75,75,75,80,80,80,80,80,80,80,80,80,80,80,80,80,80,80,80,80,80,80,80,80,80,80,80,80,80,80,80,76,76,76,76,76,76,76,76],"card_choices":[{"not_picked":["Turbo","Hello World"],"picked":"Glacier","floor":1.0},{"not_picked":["Sunder","Redo"],"picked":"Rebound","floor":4.0},{"not_picked":["Coolheaded","Multi-Cast"],"picked":"Ball Lightning","floor":5.0},{"not_picked":["Chill","Gash"],"picked":"Cold Snap","floor":7.0},{"not_picked":["Ball Lightning","Doom and Gloom","Stack"],"picked":"SKIP","floor":11.0},{"not_picked":["Stack","Barrage"],"picked":"Beam Cell","floor":12.0},{"not_picked":["Sweeping Beam","Stack"],"picked":"Biased Cognition","floor":13.0},{"not_picked":["Consume","Self Repair","Reprogram"],"picked":"Reinforced Body","floor":14.0},{"not_picked":["Biased Cognition","All For One","Amplify"],"picked":"Electrodynamics","floor":16.0},{"not_picked":["Compile Driver","Sweeping Beam","Coolheaded"],"picked":"Glacier","floor":18.0},{"not_picked":["Beam Cell+1","Chaos","Sweeping Beam","Barrage"],"picked":"SKIP","floor":19.0},{"not_picked":["Ball Lightning","Stack","Sweeping Beam","Compile Driver"],"picked":"SKIP","floor":22.0},{"not_picked":["Coolheaded","Turbo+1","Redo"],"picked":"Core Surge","floor":23.0},{"not_picked":["Scrape+1","Reinforced Body","Self Repair"],"picked":"Go for the Eyes+1","floor":28.0},{"not_picked":["Rebound+1","BootSequence","Ball Lightning+1"],"picked":"Biased Cognition","floor":29.0},{"not_picked":["Chill","Hologram","Rip and Tear+1"],"picked":"Undo+1","floor":30.0},{"not_picked":["Recycle","Genetic Algorithm","Barrage+1","Darkness"],"picked":"SKIP","floor":31.0},{"not_picked":["Buffer","Machine Learning","Biased Cognition"],"picked":"Seek+1","floor":33.0},{"not_picked":["Turbo+1","Loop+1","Streamline+1"],"picked":"Conserve Battery+1","floor":35.0},{"not_picked":["Reprogram+1","Redo+1","Ball Lightning+1"],"picked":"Stack+1","floor":36.0},{"not_picked":["Ball Lightning+1","Go for the Eyes+1","Heatsinks","Static Discharge"],"picked":"SKIP","floor":39.0},{"not_picked":["Steam+1","Doom and Gloom+1","Hologram+1"],"picked":"Echo Form","floor":41.0},{"not_picked":["Fusion+1","Stack+1","Ball Lightning+1"],"picked":"Defragment+1","floor":42.0},{"not_picked":["Sweeping Beam+1","Doom and Gloom+1","Darkness+1","Go for the Eyes+1"],"picked":"SKIP","floor":44},{"not_picked":["Skim+1","Cold Snap+1","Force Field+1"],"picked":"Stack+1","floor":46},{"not_picked":["Loop+1","Go for the Eyes+1","Leap+1"],"picked":"Hologram+1","floor":54}],"player_experience":243433,"relics_obtained":[{"floor":7.0,"key":"Regal Pillow"},{"floor":9.0,"key":"Tiny Chest"},{"floor":11.0,"key":"PreservedInsect"},{"floor":13.0,"key":"Question Card"},{"floor":21.0,"key":"Necronomicon"},{"floor":23.0,"key":"DataDisk"},{"floor":24.0,"key":"Bag of Marbles"},{"floor":26.0,"key":"Ginger"},{"floor":29.0,"key":"Blood Vial"},{"floor":31.0,"key":"Toxic Egg 2"},{"floor":36.0,"key":"Nunchaku"},{"floor":42.0,"key":"Pocketwatch"},{"floor":43.0,"key":"Ornamental Fan"},{"floor":44,"key":"Centennial Puzzle"},{"floor":54,"key":"StoneCalendar"}],"event_choices":[{"damage_healed":0.0,"max_hp_gain":0.0,"max_hp_loss":0.0,"gold_gain":0.0,"event_name":"WeMeetAgain","player_choice":"Ignored","floor":3.0,"gold_loss":0.0,"damage_taken":0.0},{"damage_healed":0.0,"max_hp_gain":0.0,"max_hp_loss":0.0,"gold_gain":0.0,"event_name":"Liars Game","player_choice":"Ignored","floor":8.0,"gold_loss":0.0,"damage_taken":0.0},{"damage_healed":0.0,"max_hp_gain":5.0,"max_hp_loss":0.0,"gold_gain":0.0,"event_name":"Forgotten Altar","player_choice":"Shed Blood","floor":20.0,"gold_loss":0.0,"damage_taken":19.0},{"damage_healed":0.0,"max_hp_gain":0.0,"max_hp_loss":0.0,"gold_gain":0.0,"event_name":"Cursed Tome","player_choice":"Obtained Book","floor":21.0,"gold_loss":0.0,"damage_taken":16.0},{"damage_healed":0.0,"max_hp_gain":0.0,"max_hp_loss":0.0,"gold_gain":0.0,"event_name":"MindBloom","player_choice":"Fight","floor":36.0,"gold_loss":0.0,"damage_taken":0.0},{"damage_healed":0,"gold_gain":0,"player_choice":"Max HP","damage_taken":0,"max_hp_gain":0,"max_hp_loss":4,"event_name":"Winding Halls","floor":48,"gold_loss":0}],"is_beta":false,"boss_relics":[{"not_picked":["Fusion Hammer","Calling Bell"],"picked":"Cursed Key"},{"not_picked":["Lizard Tail","Eternal Feather"],"picked":"White Beast Statue"}],"items_purged_floors":[10,25,38],"is_endless":false,"potions_floor_spawned":[4,7,12,14,16,22,23,30,33,35,36,39,41,42,44,46,54],"killed_by":"The Heart","ascension_level":3}