{"gold_per_floor":[362,637,647,375,388,388,418,418,418,67,94,106,106,121,121,121],"floor_reached":16,"playtime":351,"items_purged":["Regret","Shame"],"score":200,"play_id":"073371f4-d9c6-4e0e-b505-8a71c69b3b44","local_time":"20190122015713","is_ascension_mode":true,"campfire_choices":[{"data":"Dualcast","floor":6.0,"key":"SMITH"},{"data":"Zap","floor":8,"key":"SMITH"},{"floor":13,"key":"REST"},{"floor":15,"key":"REST"}],"neow_cost":"CURSE","seed_source_timestamp":933559984548,"circlet_count":0,"master_deck":["AscendersBane","Strike_B","Strike_B","Strike_B","Strike_B","Defend_B","Defend_B","Defend_B","Defend_B","Zap+1","Dualcast+1","Gash","Scrape","Gash","FTL","Hologram","Streamline","FTL"],"special_seed":0,"relics":["Cracked Core","Lantern","Medical Kit","Frozen Egg 2"],"potions_floor_usage":[],"damage_taken":[{"damage":0.0,"enemies":"2 Louse","floor":1.0,"turns":2.0},{"damage":11.0,"enemies":"Cultist","floor":3.0,"turns":4.0},{"damage":0.0,"enemies":"Small Slimes","floor":5.0,"turns":2.0},{"damage":35,"enemies":"3 Sentries","floor":11,"turns":9},{"damage":9,"enemies":"Red Slaver","floor":12,"turns":3},{"damage":0,"enemies":"Exordium Wildlife","floor":14,"turns":2},{"damage":0,"enemies":"The Guardian","floor":16,"turns":2}],"seed_played":"4959985707213838499","potions_obtained":[{"floor":1.0,"key":"Ancient Potion"},{"floor":3.0,"key":"LiquidBronze"}],"is_trial":false,"path_per_floor":["M","?","M","$","M","R","?","R","T","$","E","M","R","M","R","B"],"character_chosen":"DEFECT","items_purchased":["Gash","Lantern","FTL","Medical Kit"],"campfire_rested":2,"item_purchase_floors":[4,4,10,10],"current_hp_per_floor":[64,64,53,53,53,53,53,53,53,53,18,9,30,30,51,51],"gold":121,"neow_bonus":"TWO_FIFTY_GOLD","is_prod":false,"is_daily":false,"chose_seed":false,"campfire_upgraded":2,"win_rate":0,"timestamp":1548093433,"path_taken":["M","?","?","?","M","R","?","R","T","$","E","M","R","M","R","BOSS"],"build_version":"2019-01-17v2","purchased_purges":2,"victory":false,"max_hp_per_floor":[71,71,71,71,71,71,71,71,71,71,71,71,71,71,71,71],"card_choices":[{"not_picked":["Beam Cell","Leap"],"picked":"Gash","floor":1.0},{"not_picked":["Force Field","Conserve Battery"],"picked":"Scrape","floor":3.0},{"not_picked":["Cold Snap","Compile Driver","Sweeping Beam"],"picked":"SKIP","floor":5.0},{"not_picked":["Auto Shields","Beam Cell"],"picked":"Hologram","floor":11},{"not_picked":["Compile Driver","Static Discharge+1"],"picked":"Streamline","floor":12},{"not_picked":["Rebound","Chaos"],"picked":"FTL","floor":14}],"player_experience":2124241,"relics_obtained":[{"floor":11,"key":"Frozen Egg 2"}],"event_choices":[{"damage_healed":0.0,"max_hp_gain":0.0,"max_hp_loss":0.0,"gold_gain":275.0,"event_name":"Golden Shrine","player_choice":"Desecrate","floor":2.0,"gold_loss":0.0,"damage_taken":0.0,"cards_obtained":["Regret"]},{"damage_healed":0,"gold_gain":30,"player_choice":"Searched \u00272\u0027 times","damage_taken":0,"max_hp_gain":0,"max_hp_loss":0,"event_name":"Dead Adventurer","floor":7,"gold_loss":0}],"is_beta":false,"boss_relics":[],"items_purged_floors":[4,10],"is_endless":false,"potions_floor_spawned":[1,3],"killed_by":"The Guardian","ascension_level":20}