{"gold_per_floor":[116,116,130,143,143,143,177,177,177,177],"floor_reached":10,"playtime":208,"items_purged":[],"score":132,"play_id":"a918caaf-bff2-429e-aa0d-2c7f6f914114","local_time":"20190420015001","is_ascension_mode":true,"campfire_choices":[{"data":"Skim","floor":6,"key":"SMITH"},{"data":"Dualcast","floor":8,"key":"SMITH"}],"neow_cost":"TEN_PERCENT_HP_LOSS","seed_source_timestamp":135571868037134,"circlet_count":0,"master_deck":["AscendersBane","Strike_B","Strike_B","Strike_B","Strike_B","Defend_B","Defend_B","Defend_B","Defend_B+1","Zap+1","Dualcast+1","Skim+1","Gash","Capacitor+1","Ball Lightning"],"special_seed":0,"relics":["Cracked Core","Unceasing Top","Blue Candle","Bottled Lightning"],"potions_floor_usage":[7],"damage_taken":[{"damage":2.0,"enemies":"Jaw Worm","floor":1.0,"turns":4.0},{"damage":4.0,"enemies":"Small Slimes","floor":3.0,"turns":3.0},{"damage":1,"enemies":"Cultist","floor":4,"turns":3},{"damage":31,"enemies":"Lagavulin","floor":7,"turns":6},{"damage":7,"enemies":"3 Sentries","floor":10,"turns":2}],"seed_played":"-2904319579832245972","potions_obtained":[{"floor":1.0,"key":"SteroidPotion"}],"is_trial":false,"path_per_floor":["M","?","M","M","?","R","E","R","T","E"],"character_chosen":"DEFECT","items_purchased":[],"campfire_rested":0,"item_purchase_floors":[],"current_hp_per_floor":[62,62,58,57,38,38,7,7,7,0],"gold":177,"neow_bonus":"ONE_RARE_RELIC","is_prod":false,"is_daily":false,"chose_seed":false,"campfire_upgraded":2,"win_rate":0,"timestamp":1555696201,"path_taken":["M","?","M","M","?","R","E","R","T","E"],"build_version":"2019-01-23","purchased_purges":0,"victory":false,"max_hp_per_floor":[64,64,64,64,64,64,64,64,64,64],"card_choices":[{"not_picked":["Static Discharge","Steam"],"picked":"Skim","floor":1.0},{"not_picked":["Turbo","Leap"],"picked":"Gash","floor":3},{"not_picked":["Rebound","Conserve Battery"],"picked":"Capacitor","floor":4},{"not_picked":["BootSequence","Steam Power"],"picked":"Ball Lightning","floor":7}],"player_experience":4413766,"relics_obtained":[{"floor":7,"key":"Blue Candle"},{"floor":9,"key":"Bottled Lightning"}],"event_choices":[{"damage_healed":0.0,"max_hp_gain":0.0,"max_hp_loss":0.0,"gold_gain":0.0,"event_name":"Living Wall","player_choice":"Grow","floor":2.0,"gold_loss":0.0,"damage_taken":0.0,"cards_upgraded":["Zap"]},{"damage_healed":0,"gold_gain":0,"player_choice":"Entered Light","damage_taken":19,"max_hp_gain":0,"max_hp_loss":0,"event_name":"Shining Light","floor":5,"gold_loss":0,"cards_upgraded":["Defend_B","Capacitor"]}],"is_beta":false,"boss_relics":[],"items_purged_floors":[],"is_endless":false,"potions_floor_spawned":[1],"killed_by":"3 Sentries","ascension_level":20}