{"gold_per_floor":[368,368,0,18,32,32,66,66,66,66,95,95,108,29,29,107,107,125,40,59,59,70,70,90,120,176,176,189,208,208,222,222,296,296,307,307,207,207,217,217,217],"floor_reached":41,"playtime":1758,"items_purged":["Strike_G","Strike_G"],"score":892,"play_id":"72fdf64c-e965-4a10-b3d0-6c3340b6e113","local_time":"20190504153455","is_ascension_mode":true,"campfire_choices":[{"data":"Corpse Explosion","floor":6.0,"key":"SMITH"},{"data":"Noxious Fumes","floor":8.0,"key":"SMITH"},{"floor":12.0,"key":"REST"},{"data":"Catalyst","floor":15.0,"key":"SMITH"},{"data":"Catalyst","floor":23.0,"key":"SMITH"},{"data":"Havoc","floor":27.0,"key":"SMITH"},{"floor":32.0,"key":"REST"},{"data":"Turbo","floor":40.0,"key":"SMITH"}],"neow_cost":"TEN_PERCENT_HP_LOSS","seed_source_timestamp":16846647233834,"circlet_count":0,"master_deck":["AscendersBane","Defend_G","Defend_G","Defend_G","Defend_G","Strike_G","Strike_G","Survivor","Neutralize+1","Leg Sweep","Noxious Fumes+1","Evolve","Corpse Explosion+1","Havoc+1","Catalyst+1","Adrenaline","Feed","Purity","Chill","Conserve Battery","Malaise","PiercingWail","Reinforced Body","Turbo+1","Catalyst+1","Jack Of All Trades","Seek","Stack","Capacitor+1","Magnetism+1","Deep Breath","Prepared+1"],"special_seed":0,"relics":["Ring of the Snake","PrismaticShard","Frozen Egg 2","Shovel","Orrery","Strawberry","Bird Faced Urn","Tiny Chest","Runic Pyramid"],"potions_floor_usage":[41],"damage_taken":[{"damage":4.0,"enemies":"2 Louse","floor":1.0,"turns":4.0},{"damage":8.0,"enemies":"Small Slimes","floor":4.0,"turns":5.0},{"damage":4.0,"enemies":"Cultist","floor":5.0,"turns":7.0},{"damage":9.0,"enemies":"Lagavulin","floor":7.0,"turns":7.0},{"damage":12.0,"enemies":"3 Sentries","floor":11.0,"turns":7.0},{"damage":1.0,"enemies":"Blue Slaver","floor":13.0,"turns":5.0},{"damage":15.0,"enemies":"Slime Boss","floor":16.0,"turns":7.0},{"damage":4.0,"enemies":"Spheric Guardian","floor":18.0,"turns":5.0},{"damage":9.0,"enemies":"Chosen","floor":20.0,"turns":6.0},{"damage":0.0,"enemies":"Centurion and Healer","floor":22.0,"turns":4.0},{"damage":12.0,"enemies":"Sentry and Sphere","floor":24.0,"turns":6.0},{"damage":28.0,"enemies":"Slavers","floor":25.0,"turns":5.0},{"damage":13.0,"enemies":"Shelled Parasite and Fungi","floor":28.0,"turns":6.0},{"damage":0.0,"enemies":"3 Cultists","floor":29.0,"turns":3.0},{"damage":4.0,"enemies":"Snecko","floor":31.0,"turns":5.0},{"damage":23.0,"enemies":"Champ","floor":33.0,"turns":11.0},{"damage":12.0,"enemies":"Orb Walker","floor":35.0,"turns":6.0},{"damage":0.0,"enemies":"3 Darklings","floor":39.0,"turns":5.0},{"damage":62,"enemies":"Reptomancer","floor":41,"turns":4}],"seed_played":"-1636323612492005504","potions_obtained":[{"floor":4.0,"key":"Block Potion"},{"floor":5.0,"key":"FearPotion"},{"floor":16.0,"key":"SkillPotion"},{"floor":22.0,"key":"Regen Potion"},{"floor":24.0,"key":"SteroidPotion"},{"floor":25.0,"key":"GamblersBrew"},{"floor":29.0,"key":"Dexterity Potion"},{"floor":38.0,"key":"Fire Potion"}],"is_trial":false,"path_per_floor":["M","?","$","M","M","R","E","R","T","?","E","R","M","$","R","B",null,"M","?","M","?","M","R","M","E","T","R","M","M","?","M","R","B",null,"M","?","$","?","M","R","E"],"character_chosen":"THE_SILENT","items_purchased":["PrismaticShard","Noxious Fumes","Adrenaline"],"campfire_rested":2,"item_purchase_floors":[3,3,14],"current_hp_per_floor":[55,48,48,40,36,36,27,27,27,27,15,33,32,32,32,17,49,45,52,43,43,43,43,46,18,18,18,12,14,14,12,33,16,57,53,53,53,53,61,61,7],"gold":217,"neow_bonus":"TWO_FIFTY_GOLD","is_prod":false,"is_daily":false,"chose_seed":false,"campfire_upgraded":6,"win_rate":0,"timestamp":1556955295,"path_taken":["M","?","$","M","M","R","E","R","T","?","E","R","M","$","R","BOSS","M","?","M","?","?","R","M","E","T","R","M","M","?","M","R","BOSS","M","?","$","?","?","R","E"],"build_version":"2019-01-23","purchased_purges":2,"victory":false,"max_hp_per_floor":[60,60,60,60,60,60,60,60,60,60,60,60,60,60,60,60,60,60,67,67,67,67,67,67,67,67,67,70,70,70,70,70,70,70,70,70,70,70,70,70,70],"card_choices":[{"not_picked":["Underhanded Strike","Dagger Spray"],"picked":"Leg Sweep","floor":1.0},{"not_picked":["Skim","True Grit"],"picked":"Evolve","floor":4.0},{"not_picked":["Perfected Strike","Compile Driver"],"picked":"Corpse Explosion","floor":5.0},{"not_picked":["PiercingWail","Gash","Steam"],"picked":"SKIP","floor":7.0},{"not_picked":["Sucker Punch","Heavy Blade"],"picked":"Havoc","floor":11.0},{"not_picked":["True Grit","Deadly Poison"],"picked":"Catalyst","floor":13.0},{"not_picked":["Transmutation","Violence"],"picked":"Feed","floor":16.0},{"not_picked":["Beam Cell","Outmaneuver"],"picked":"Purity","floor":17.0},{"not_picked":["Ball Lightning","Cleave"],"picked":"Chill","floor":17.0},{"not_picked":["Cloak And Dagger","Whirlwind"],"picked":"Conserve Battery","floor":17.0},{"not_picked":["Sucker Punch","Skewer"],"picked":"Malaise","floor":17.0},{"not_picked":["Endless Agony","Pommel Strike"],"picked":"PiercingWail","floor":17.0},{"not_picked":["Scrape","Stack"],"picked":"Reinforced Body","floor":18.0},{"not_picked":["Intimidate","Chaos"],"picked":"Turbo","floor":20.0},{"not_picked":["PanicButton","Cleave"],"picked":"Jack Of All Trades","floor":22.0},{"not_picked":["Blade Dance+1","Havoc","Slice"],"picked":"SKIP","floor":24.0},{"not_picked":["Pummel+1","Hologram"],"picked":"Seek","floor":25.0},{"not_picked":["PiercingWail","Quick Slash+1"],"picked":"Stack","floor":28.0},{"not_picked":["Wild Strike","Redo","Dagger Throw+1"],"picked":"SKIP","floor":29.0},{"not_picked":["Seeing Red","Loop+1"],"picked":"Capacitor+1","floor":31.0},{"not_picked":["Mayhem+1","Juggernaut+1"],"picked":"Magnetism+1","floor":33.0},{"not_picked":["Underhanded Strike+1","Intimidate"],"picked":"Deep Breath","floor":35.0},{"not_picked":["Blade Dance+1","Streamline+1"],"picked":"Prepared+1","floor":39.0}],"player_experience":4586291,"relics_obtained":[{"floor":9.0,"key":"Frozen Egg 2"},{"floor":11.0,"key":"Shovel"},{"floor":25.0,"key":"Bird Faced Urn"},{"floor":26.0,"key":"Tiny Chest"}],"event_choices":[{"cards_removed":["Defend_G"],"damage_healed":0.0,"max_hp_gain":0.0,"max_hp_loss":0.0,"gold_gain":0.0,"event_name":"Golden Wing","player_choice":"Card Removal","floor":2.0,"gold_loss":0.0,"damage_taken":7.0},{"damage_healed":0.0,"max_hp_gain":0.0,"max_hp_loss":0.0,"gold_gain":0.0,"event_name":"Upgrade Shrine","player_choice":"Upgraded","floor":10.0,"gold_loss":0.0,"damage_taken":0.0,"cards_upgraded":["Neutralize"]},{"damage_healed":0.0,"max_hp_gain":0.0,"max_hp_loss":0.0,"gold_gain":0.0,"event_name":"Addict","player_choice":"Obtained Relic","floor":19.0,"gold_loss":85.0,"damage_taken":0.0,"relics_obtained":["Strawberry"]},{"damage_healed":0.0,"max_hp_gain":0.0,"max_hp_loss":0.0,"gold_gain":0.0,"event_name":"Match and Keep!","player_choice":"1 cards matched","floor":21.0,"gold_loss":0.0,"damage_taken":0.0,"cards_obtained":["Catalyst"]},{"damage_healed":0.0,"max_hp_gain":0.0,"max_hp_loss":0.0,"gold_gain":0.0,"event_name":"Cursed Tome","player_choice":"Ignored","floor":30.0,"gold_loss":0.0,"damage_taken":0.0},{"cards_removed":["Strike_G"],"damage_healed":0.0,"max_hp_gain":0.0,"max_hp_loss":0.0,"gold_gain":0.0,"event_name":"Falling","player_choice":"Removed Attack","floor":36.0,"gold_loss":0.0,"damage_taken":0.0},{"damage_healed":0.0,"max_hp_gain":0.0,"max_hp_loss":0.0,"gold_gain":0.0,"event_name":"Lab","player_choice":"Got Potions","floor":38.0,"gold_loss":0.0,"damage_taken":0.0}],"is_beta":false,"boss_relics":[{"not_picked":["White Beast Statue","WristBlade"],"picked":"Orrery"},{"not_picked":["HoveringKite","Coffee Dripper"],"picked":"Runic Pyramid"}],"items_purged_floors":[3,37],"is_endless":false,"potions_floor_spawned":[4,5,16,22,24,25,29],"killed_by":"Reptomancer","ascension_level":20}