{"gold_per_floor":[117,129,147,121,196,221,241,251,320,320],"floor_reached":10,"playtime":327,"items_purged":[],"score":70,"play_id":"116d8b6d-8535-41eb-aa82-e82b507a3ca3","local_time":"20190723105851","is_ascension_mode":false,"campfire_choices":[],"neow_cost":"NONE","seed_source_timestamp":1154400428156452,"circlet_count":0,"master_deck":["Strike_G","Strike_G","Strike_G","Strike_G","Strike_G","Defend_G","Defend_G+1","Defend_G","Defend_G","Defend_G","Survivor","Neutralize","Deadly Poison","Acrobatics","Venomology+1","Dagger Spray","Dagger Spray","Footwork","Dash"],"relics":["Ring of the Snake","NeowsBlessing","War Paint","Question Card"],"potions_floor_usage":[6,8],"damage_taken":[{"damage":0,"enemies":"Small Slimes","floor":1,"turns":1},{"damage":0,"enemies":"2 Louse","floor":2,"turns":1},{"damage":0,"enemies":"Jaw Worm","floor":3,"turns":1},{"damage":35,"enemies":"Gremlin Nob","floor":6,"turns":4},{"damage":7,"enemies":"Looter","floor":7,"turns":3},{"damage":0,"enemies":"Gremlin Gang","floor":8,"turns":1}],"seed_played":"237654220749387857","potions_obtained":[{"floor":6,"key":"Dexterity Potion"},{"floor":7,"key":"GamblersBrew"}],"is_trial":false,"path_per_floor":["M","M","M","$","?","E","M","M","T","?"],"character_chosen":"THE_SILENT","items_purchased":["Dagger Spray"],"campfire_rested":0,"item_purchase_floors":[4],"current_hp_per_floor":[70,70,70,70,59,24,17,17,17,0],"gold":320,"neow_bonus":"THREE_ENEMY_KILL","is_prod":false,"is_daily":false,"chose_seed":false,"campfire_upgraded":0,"win_rate":0.0,"timestamp":1563868731,"path_taken":["M","M","M","$","?","E","M","M","T","?"],"build_version":"2019-07-17","purchased_purges":0,"victory":false,"max_hp_per_floor":[70,70,70,70,70,70,70,70,70,70],"card_choices":[{"not_picked":["Outmaneuver","Slice"],"picked":"Deadly Poison","floor":1},{"not_picked":["Backflip","Predator"],"picked":"Acrobatics","floor":2},{"not_picked":["PiercingWail","Crippling Poison"],"picked":"Venomology","floor":3},{"not_picked":["Reflex","Bane"],"picked":"Dagger Spray","floor":6},{"not_picked":["Dagger Spray","PiercingWail"],"picked":"Footwork","floor":7},{"not_picked":["PiercingWail","Poisoned Stab"],"picked":"Dash","floor":8}],"player_experience":80088,"relics_obtained":[{"floor":6,"key":"War Paint"},{"floor":9,"key":"Question Card"}],"event_choices":[{"damage_healed":0,"gold_gain":75,"player_choice":"Gather Gold","damage_taken":11,"max_hp_gain":0,"max_hp_loss":0,"event_name":"World of Goop","floor":5,"gold_loss":0}],"is_beta":false,"boss_relics":[],"items_purged_floors":[],"is_endless":false,"potions_floor_spawned":[6,7],"ascension_level":0}