{"gold_per_floor":[112,130,140,157,157,157,188,261,340,376,406,421,421],"floor_reached":13,"playtime":682,"items_purged":[],"score":170,"play_id":"fd6e0077-b121-4f2e-967d-2c2859a71969","local_time":"20181122000116","is_ascension_mode":true,"campfire_choices":[{"data":"Footwork","floor":6.0,"key":"SMITH"}],"neow_cost":"NONE","seed_source_timestamp":18934289368325,"circlet_count":0,"master_deck":["AscendersBane","Defend_G","Defend_G","Defend_G","Defend_G","Defend_G","Strike_G","Strike_G","Strike_G","Strike_G","Strike_G","Survivor","Neutralize","After Image","Footwork+1","Well Laid Plans","Expertise","Footwork","Deadly Poison","Noxious Fumes","Prepared"],"special_seed":0,"relics":["Ring of the Snake","Golden Idol","Bird Faced Urn","Question Card","Odd Mushroom"],"potions_floor_usage":[13,13],"damage_taken":[{"damage":5.0,"enemies":"Cultist","floor":1.0,"turns":5.0},{"damage":2.0,"enemies":"Jaw Worm","floor":2.0,"turns":11.0},{"damage":6.0,"enemies":"Small Slimes","floor":3.0,"turns":6.0},{"damage":1.0,"enemies":"2 Fungi Beasts","floor":4.0,"turns":6.0},{"damage":15.0,"enemies":"3 Sentries","floor":7.0,"turns":25.0},{"damage":25.0,"enemies":"The Mushroom Lair","floor":10.0,"turns":7.0},{"damage":2,"enemies":"Looter","floor":12,"turns":5},{"damage":41,"enemies":"Gremlin Nob","floor":13,"turns":4}],"seed_played":"-4623728650593123750","potions_obtained":[{"floor":3.0,"key":"SkillPotion"},{"floor":4.0,"key":"SteroidPotion"},{"floor":7.0,"key":"Strength Potion"}],"is_trial":false,"path_per_floor":["M","M","M","M","?","R","E","T","T","?","?","M","E"],"character_chosen":"THE_SILENT","items_purchased":[],"campfire_rested":0,"item_purchase_floors":[],"current_hp_per_floor":[54,52,46,45,45,45,30,30,30,13,13,21,0],"gold":421,"neow_bonus":"ONE_RANDOM_RARE_CARD","is_prod":false,"is_daily":false,"chose_seed":false,"campfire_upgraded":1,"win_rate":0,"timestamp":1542816076,"path_taken":["M","M","M","?","?","R","E","?","T","?","?","M","E"],"build_version":"2018-11-15","purchased_purges":0,"victory":false,"max_hp_per_floor":[66,66,66,66,60,60,60,60,60,60,60,60,60],"card_choices":[{"not_picked":["Deflect","Skewer"],"picked":"Footwork","floor":1.0},{"not_picked":["Noxious Fumes","Dagger Spray"],"picked":"Well Laid Plans","floor":2.0},{"not_picked":["Eviscerate","Catalyst"],"picked":"Expertise","floor":3.0},{"not_picked":["Tactician","Sucker Punch"],"picked":"Footwork","floor":4.0},{"not_picked":["Dash","Dagger Spray"],"picked":"Deadly Poison","floor":7.0},{"not_picked":["Cloak And Dagger","Flying Knee","Escape Plan"],"picked":"Noxious Fumes","floor":10.0},{"not_picked":["Poisoned Stab","Slice","Bouncing Flask"],"picked":"Prepared","floor":12}],"player_experience":1136964,"relics_obtained":[{"floor":7.0,"key":"Bird Faced Urn"},{"floor":8.0,"key":"Question Card"},{"floor":10.0,"key":"Odd Mushroom"}],"event_choices":[{"damage_healed":0.0,"max_hp_gain":0.0,"max_hp_loss":6.0,"gold_gain":0.0,"event_name":"Golden Idol","player_choice":"Lose Max HP","floor":5.0,"gold_loss":0.0,"damage_taken":0.0,"relics_obtained":["Golden Idol"]},{"damage_healed":0.0,"max_hp_gain":0.0,"max_hp_loss":0.0,"gold_gain":0.0,"event_name":"Mushrooms","player_choice":"Fought Mushrooms","floor":10.0,"gold_loss":0.0,"damage_taken":0.0},{"damage_healed":0,"gold_gain":30,"player_choice":"Searched \u00272\u0027 times","damage_taken":0,"max_hp_gain":0,"max_hp_loss":0,"event_name":"Dead Adventurer","floor":11,"gold_loss":0}],"is_beta":true,"boss_relics":[],"items_purged_floors":[],"is_endless":false,"potions_floor_spawned":[3,4,7,10],"killed_by":"Gremlin Nob","ascension_level":20}