{"gold_per_floor":[117,18,293,304,304,123,123,198,253,293,316,316,316,329,329,418,418,436,436,436,436],"floor_reached":21,"playtime":350,"items_purged":["Strike_B","Regret"],"score":360,"play_id":"43778f0a-0831-4823-a10b-87c4311210e1","local_time":"20190131133612","is_ascension_mode":true,"campfire_choices":[{"data":"Hologram","floor":7,"key":"SMITH"},{"data":"Streamline","floor":12,"key":"SMITH"},{"data":"Loop","floor":15,"key":"SMITH"}],"neow_cost":"NONE","seed_source_timestamp":39441323800187,"circlet_count":0,"master_deck":["AscendersBane","Strike_B","Strike_B","Strike_B","Defend_B+1","Defend_B","Defend_B","Defend_B+1","Zap","Dualcast","Loop+1","Gash","Hologram+1","Coolheaded","Machine Learning","Streamline+1","Coolheaded","Fission","Double Energy","J.A.X."],"relics":["Cracked Core","NeowsBlessing","Golden Idol","Tiny Chest","Question Card","War Paint","Cursed Key"],"potions_floor_usage":[16,16,21],"damage_taken":[{"damage":0,"enemies":"Jaw Worm","floor":1,"turns":1},{"damage":0,"enemies":"Cultist","floor":4,"turns":1},{"damage":0,"enemies":"3 Sentries","floor":10,"turns":1},{"damage":2,"enemies":"Small Slimes","floor":11,"turns":4},{"damage":9,"enemies":"Looter","floor":14,"turns":2},{"damage":24,"enemies":"The Guardian","floor":16,"turns":11},{"damage":9,"enemies":"Spheric Guardian","floor":18,"turns":6},{"damage":15,"enemies":"3 Byrds","floor":21,"turns":3}],"seed_played":"8503818409815213193","potions_obtained":[{"floor":11,"key":"FearPotion"},{"floor":14,"key":"EntropicBrew"}],"is_trial":false,"path_per_floor":["M","$","?","M","?","$","R","?","T","E","M","R","T","M","R","B",null,"M","?","?","M"],"character_chosen":"DEFECT","items_purchased":["Gash","Hologram","Coolheaded"],"campfire_rested":0,"item_purchase_floors":[2,6,6],"current_hp_per_floor":[64,64,64,64,64,64,64,53,53,53,51,51,51,42,42,18,53,44,44,57,42],"gold":436,"neow_bonus":"THREE_ENEMY_KILL","is_prod":false,"is_daily":false,"chose_seed":false,"campfire_upgraded":3,"win_rate":0,"timestamp":1548912972,"path_taken":["M","$","?","?","?","$","R","?","T","E","M","R","?","M","R","BOSS","M","?","?","M"],"build_version":"2019-01-23","purchased_purges":2,"victory":false,"max_hp_per_floor":[71,71,71,71,64,64,64,64,64,64,64,64,64,64,64,64,64,64,64,64,64],"card_choices":[{"not_picked":["Steam","Auto Shields"],"picked":"Loop","floor":1},{"not_picked":["Force Field","Conserve Battery","Turbo"],"picked":"SKIP","floor":4},{"not_picked":["Steam","Steam Power"],"picked":"Machine Learning","floor":10},{"not_picked":["Conserve Battery","Go for the Eyes","Genetic Algorithm"],"picked":"Streamline","floor":11},{"not_picked":["Conserve Battery","Ball Lightning","BootSequence"],"picked":"Coolheaded","floor":14},{"not_picked":["Amplify","Rainbow","Thunder Strike"],"picked":"Fission","floor":16},{"not_picked":["Cold Snap","Hologram","Stack"],"picked":"Double Energy","floor":18}],"player_experience":2431296,"relics_obtained":[{"floor":9,"key":"Tiny Chest"},{"floor":10,"key":"Question Card"},{"floor":13,"key":"War Paint"}],"event_choices":[{"damage_healed":0,"gold_gain":275,"player_choice":"Desecrate","damage_taken":0,"max_hp_gain":0,"max_hp_loss":0,"event_name":"Golden Shrine","floor":3,"gold_loss":0,"cards_obtained":["Regret"]},{"damage_healed":0,"gold_gain":0,"player_choice":"Lose Max HP","damage_taken":0,"relics_obtained":["Golden Idol"],"max_hp_gain":0,"max_hp_loss":7,"event_name":"Golden Idol","floor":5,"gold_loss":0},{"damage_healed":0,"gold_gain":75,"player_choice":"Gather Gold","damage_taken":11,"max_hp_gain":0,"max_hp_loss":0,"event_name":"World of Goop","floor":8,"gold_loss":0},{"damage_healed":0,"gold_gain":0,"player_choice":"Obtain J.A.X.","damage_taken":0,"max_hp_gain":0,"max_hp_loss":0,"event_name":"Drug Dealer","floor":19,"gold_loss":0,"cards_obtained":["J.A.X."]},{"damage_healed":13,"gold_gain":0,"player_choice":"Heal","damage_taken":0,"max_hp_gain":0,"max_hp_loss":0,"event_name":"The Library","floor":20,"gold_loss":0}],"is_beta":false,"boss_relics":[{"not_picked":["Calling Bell","Astrolabe"],"picked":"Cursed Key"}],"items_purged_floors":[2,6],"is_endless":false,"potions_floor_spawned":[11,14,18],"killed_by":"3 Byrds","ascension_level":16}