{"gold_per_floor":[116,41,60,73,73,73,103,68,117,148,166,166,166,178,178,252,252,271,93,103,118,118,152,152,162,162,174,204,216,248,278,290,302],"floor_reached":33,"playtime":953,"items_purged":["Pain","Strike_B"],"score":658,"play_id":"0ad26888-3c09-41fd-b6be-82eda310f138","local_time":"20190419160015","is_ascension_mode":true,"campfire_choices":[{"data":"Zap","floor":6.0,"key":"SMITH"},{"data":"Loop","floor":13,"key":"SMITH"},{"data":"Dualcast","floor":15,"key":"SMITH"},{"data":"Capacitor","floor":24,"key":"SMITH"},{"data":"Multi-Cast","floor":27,"key":"SMITH"},{"data":"Reinforced Body","floor":29,"key":"SMITH"},{"data":"Rainbow","floor":32,"key":"SMITH"}],"neow_cost":"CURSE","seed_source_timestamp":99390211225057,"circlet_count":0,"master_deck":["AscendersBane","Strike_B","Strike_B","Strike_B","Defend_B","Defend_B","Defend_B","Defend_B","Zap+1","Dualcast+1","Electrodynamics","Reinforced Body+1","Undo","Loop+1","Ball Lightning","Rainbow+1","Glacier","Multi-Cast+1","Capacitor+1","Core Surge","Glacier"],"special_seed":0,"relics":["Cracked Core","Lantern","Regal Pillow","Happy Flower","PreservedInsect","Coffee Dripper","Mummified Hand","Symbiotic Virus","MawBank"],"potions_floor_usage":[16,28,33],"damage_taken":[{"damage":4.0,"enemies":"Cultist","floor":1.0,"turns":3.0},{"damage":1.0,"enemies":"2 Louse","floor":3.0,"turns":2.0},{"damage":0.0,"enemies":"Small Slimes","floor":4.0,"turns":4.0},{"damage":15.0,"enemies":"Gremlin Nob","floor":7.0,"turns":4.0},{"damage":15.0,"enemies":"Lagavulin","floor":10.0,"turns":9.0},{"damage":1.0,"enemies":"Looter","floor":11.0,"turns":2.0},{"damage":0,"enemies":"Blue Slaver","floor":14,"turns":4},{"damage":0,"enemies":"Slime Boss","floor":16,"turns":6},{"damage":0,"enemies":"Chosen","floor":18,"turns":2},{"damage":1,"enemies":"Shell Parasite","floor":20,"turns":5},{"damage":0,"enemies":"3 Cultists","floor":21,"turns":2},{"damage":10,"enemies":"Slavers","floor":23,"turns":3},{"damage":2,"enemies":"Centurion and Healer","floor":25,"turns":6},{"damage":16,"enemies":"Snake Plant","floor":28,"turns":4},{"damage":0,"enemies":"Snecko","floor":30,"turns":5},{"damage":1,"enemies":"Centurion and Healer","floor":31,"turns":2},{"damage":36,"enemies":"Collector","floor":33,"turns":6}],"seed_played":"-8585831540342693845","potions_obtained":[{"floor":1.0,"key":"GamblersBrew"},{"floor":3.0,"key":"FocusPotion"},{"floor":7.0,"key":"Explosive Potion"},{"floor":14,"key":"Fire Potion"},{"floor":18,"key":"Poison Potion"},{"floor":20,"key":"PowerPotion"},{"floor":31,"key":"Fruit Juice"}],"is_trial":false,"path_per_floor":["M","$","M","M","?","R","E","?","T","E","M","?","R","M","R","B",null,"M","$","M","M","?","E","R","M","T","R","M","R","M","M","R","B"],"character_chosen":"DEFECT","items_purchased":["Capacitor"],"campfire_rested":0,"item_purchase_floors":[19],"current_hp_per_floor":[60,60,59,59,33,33,18,35,35,20,19,19,19,19,19,19,58,58,58,57,57,57,47,47,45,45,45,29,29,29,28,28,0],"gold":302,"neow_bonus":"THREE_RARE_CARDS","is_prod":false,"is_daily":false,"chose_seed":false,"campfire_upgraded":7,"win_rate":0,"timestamp":1555660815,"path_taken":["M","$","M","M","?","R","E","?","T","E","M","?","R","M","R","BOSS","M","$","M","M","?","E","R","?","T","R","M","R","M","M","R","BOSS"],"build_version":"2019-01-23","purchased_purges":2,"victory":false,"max_hp_per_floor":[71,71,71,71,71,71,71,71,71,71,71,71,71,71,71,71,71,71,71,71,71,71,71,71,71,71,71,71,71,71,71,71,76],"card_choices":[{"not_picked":["Rainbow","Creative AI"],"picked":"Electrodynamics","floor":0.0},{"not_picked":["Cold Snap","Double Energy"],"picked":"Reinforced Body","floor":1.0},{"not_picked":["Steam Power","Reinforced Body","Steam"],"picked":"SKIP","floor":3.0},{"not_picked":["Barrage","Chaos"],"picked":"Undo","floor":4.0},{"not_picked":["Fusion","Hologram"],"picked":"Loop","floor":7.0},{"not_picked":["Steam","Compile Driver"],"picked":"Cold Snap","floor":10.0},{"not_picked":["Hologram","Barrage"],"picked":"Ball Lightning","floor":11.0},{"not_picked":["Sweeping Beam","Barrage"],"picked":"Glacier","floor":14},{"not_picked":["Amplify","Meteor Strike"],"picked":"Multi-Cast","floor":16},{"not_picked":["Stack","Ball Lightning","Cold Snap"],"picked":"SKIP","floor":18},{"not_picked":["Stack","Cold Snap","Gash"],"picked":"SKIP","floor":20},{"not_picked":["Conserve Battery","Auto Shields"],"picked":"Core Surge","floor":21},{"not_picked":["Fusion","Compile Driver"],"picked":"Glacier","floor":23},{"not_picked":["Stack","Compile Driver","Sweeping Beam"],"picked":"SKIP","floor":25},{"not_picked":["Hello World+1","Compile Driver","Ball Lightning+1"],"picked":"SKIP","floor":28},{"not_picked":["Leap","Steam","Ball Lightning"],"picked":"SKIP","floor":30},{"not_picked":["Melter","Leap","Barrage"],"picked":"SKIP","floor":31}],"player_experience":4405514,"relics_obtained":[{"floor":7.0,"key":"Regal Pillow"},{"floor":9.0,"key":"Happy Flower"},{"floor":10.0,"key":"PreservedInsect"},{"floor":23,"key":"Symbiotic Virus"},{"floor":26,"key":"MawBank"}],"event_choices":[{"damage_healed":0.0,"max_hp_gain":0.0,"max_hp_loss":0.0,"gold_gain":0.0,"event_name":"Scrap Ooze","player_choice":"Success","floor":5.0,"gold_loss":0.0,"damage_taken":26.0,"relics_obtained":["Lantern"]},{"damage_healed":17.0,"max_hp_gain":0.0,"max_hp_loss":0.0,"gold_gain":0.0,"event_name":"The Cleric","player_choice":"Healed","floor":8.0,"gold_loss":35.0,"damage_taken":0.0},{"damage_healed":0,"gold_gain":0,"cards_transformed":["Cold Snap"],"player_choice":"Change","damage_taken":0,"max_hp_gain":0,"max_hp_loss":0,"event_name":"Living Wall","floor":12,"gold_loss":0,"cards_obtained":["Rainbow"]},{"damage_healed":0,"gold_gain":0,"player_choice":"Gave Potion","damage_taken":0,"relics_obtained":["Mummified Hand"],"max_hp_gain":0,"max_hp_loss":0,"event_name":"WeMeetAgain","floor":22,"gold_loss":0}],"is_beta":false,"boss_relics":[{"not_picked":["Nuclear Battery","Black Star"],"picked":"Coffee Dripper"}],"items_purged_floors":[2,19],"is_endless":false,"potions_floor_spawned":[1,3,7,14,18,20,31],"killed_by":"Collector","ascension_level":20}