{"gold_per_floor":[119,33,33,33,48,105,123,123,147,163,163,177,190,215,215,286,286,306,221,221,57,70,70,70,95,121,148,179,179,195,206,206,280,280,298,13,31,0,50,82,101,101,127,127,127],"floor_reached":45,"playtime":1374,"items_purged":["Strike_G"],"score":1107,"play_id":"fb83f328-0374-457c-bcaa-be67eca49934","local_time":"20181007202226","is_ascension_mode":true,"campfire_choices":[{"data":"Cloak And Dagger","floor":8.0,"key":"SMITH"},{"data":"Cloak And Dagger","floor":11.0,"key":"SMITH"},{"data":"Neutralize","floor":15.0,"key":"SMITH"},{"floor":23.0,"key":"REST"},{"data":"Accuracy","floor":29.0,"key":"SMITH"},{"data":"Blade Dance","floor":32.0,"key":"SMITH"},{"data":"Blade Dance","floor":44,"key":"SMITH"}],"neow_cost":"NONE","seed_source_timestamp":454533717185816,"circlet_count":0,"master_deck":["Defend_G+1","Defend_G","Defend_G","Defend_G","Strike_G","Survivor","Neutralize+1","AscendersBane","Terror+1","Accuracy+1","Slice","Cloak And Dagger+1","Finisher","Cloak And Dagger+1","Die Die Die","Adrenaline","Corpse Explosion+1","Storm of Steel+1","Endless Agony+1","Malaise","Infinite Blades","Blade Dance+1","Ghostly","Ghostly","Ghostly","Ghostly","Ghostly","Sucker Punch+1","Backflip","Blade Dance+1","Blur+1"],"special_seed":0,"relics":["Ring of the Serpent","NeowsBlessing","Tiny Chest","Boot","Mercury Hourglass","Astrolabe","Gremlin Horn","Ice Cream","Regal Pillow","Happy Flower","Calipers","Pantograph","Red Mask","Vajra","Snake Skull","Blood Vial"],"potions_floor_usage":[],"damage_taken":[{"damage":0.0,"enemies":"Small Slimes","floor":1.0,"turns":1.0},{"damage":0.0,"enemies":"2 Louse","floor":5.0,"turns":1.0},{"damage":0.0,"enemies":"Lagavulin","floor":6.0,"turns":1.0},{"damage":0.0,"enemies":"Cultist","floor":7.0,"turns":4.0},{"damage":0.0,"enemies":"Blue Slaver","floor":10.0,"turns":2.0},{"damage":0.0,"enemies":"Looter","floor":12.0,"turns":3.0},{"damage":4.0,"enemies":"Exordium Thugs","floor":13.0,"turns":2.0},{"damage":2.0,"enemies":"Gremlin Nob","floor":14.0,"turns":3.0},{"damage":1.0,"enemies":"Hexaghost","floor":16.0,"turns":8.0},{"damage":27.0,"enemies":"Shell Parasite","floor":18.0,"turns":3.0},{"damage":9.0,"enemies":"2 Thieves","floor":22.0,"turns":4.0},{"damage":6.0,"enemies":"Book of Stabbing","floor":25.0,"turns":6.0},{"damage":0.0,"enemies":"Slavers","floor":28.0,"turns":5.0},{"damage":1.0,"enemies":"Centurion and Healer","floor":30.0,"turns":5.0},{"damage":1.0,"enemies":"Snecko","floor":31.0,"turns":6.0},{"damage":17.0,"enemies":"Champ","floor":33.0,"turns":13.0},{"damage":0.0,"enemies":"3 Darklings","floor":35.0,"turns":2.0},{"damage":1.0,"enemies":"Orb Walker","floor":37.0,"turns":3.0},{"damage":8.0,"enemies":"Nemesis","floor":40.0,"turns":5.0},{"damage":1.0,"enemies":"Reptomancer","floor":41.0,"turns":5.0},{"damage":19,"enemies":"2 Orb Walkers","floor":45,"turns":1}],"seed_played":"8137213165323520687","potions_obtained":[{"floor":1.0,"key":"Weak Potion"},{"floor":6.0,"key":"Explosive Potion"},{"floor":12.0,"key":"GamblersBrew"},{"floor":16.0,"key":"Explosive Potion"},{"floor":22.0,"key":"Explosive Potion"},{"floor":37.0,"key":"GamblersBrew"}],"is_trial":false,"path_per_floor":["M","$","?","?","M","E","M","R","T","M","R","M","M","E","R","B",null,"M","?","?","$","M","R","?","E","T","T","E","R","M","M","R","B",null,"M","$","M","?","T","E","M","?","T","R"],"character_chosen":"THE_SILENT","items_purchased":["Accuracy","Infinite Blades","Pantograph"],"campfire_rested":1,"item_purchase_floors":[2,21,36],"current_hp_per_floor":[59,59,52,32,32,32,32,32,32,32,32,32,28,26,26,25,56,29,29,29,29,20,39,33,27,27,27,27,27,26,25,25,8,27,27,27,26,26,26,18,17,17,17,17,0],"gold":127,"neow_bonus":"THREE_ENEMY_KILL","is_prod":false,"is_daily":false,"chose_seed":false,"campfire_upgraded":6,"win_rate":0,"timestamp":1538914946,"path_taken":["M","$","?","?","M","E","M","R","T","M","R","?","?","E","R","BOSS","M","?","?","$","?","R","?","E","T","?","E","R","?","M","R","BOSS","M","$","M","?","?","E","?","?","T","R","E"],"build_version":"2018-10-04v2","purchased_purges":1,"victory":false,"max_hp_per_floor":[66,66,66,66,66,66,66,66,66,66,66,66,66,66,66,66,66,66,66,66,66,66,66,33,33,33,33,33,33,33,33,33,33,33,33,33,33,33,33,33,33,31,31,31,31],"card_choices":[{"not_picked":["Infinite Blades","Distraction"],"picked":"Terror","floor":1.0},{"not_picked":["Calculated Gamble","Sucker Punch"],"picked":"Slice","floor":5.0},{"not_picked":["Accuracy","Deadly Poison"],"picked":"Cloak And Dagger","floor":6.0},{"not_picked":["Dagger Throw","Predator"],"picked":"Finisher","floor":7.0},{"not_picked":["Slice","Underhanded Strike"],"picked":"Cloak And Dagger","floor":10.0},{"not_picked":["Slice","Deadly Poison","Distraction"],"picked":"SKIP","floor":12.0},{"not_picked":["Bane","Outmaneuver"],"picked":"Die Die Die","floor":13.0},{"not_picked":["Predator","Acrobatics","Flechettes"],"picked":"SKIP","floor":14.0},{"not_picked":["Venomology","Unload"],"picked":"Adrenaline","floor":16.0},{"not_picked":["Eviscerate","Bane","Acrobatics"],"picked":"SKIP","floor":18.0},{"not_picked":["Poisoned Stab","Choke"],"picked":"Blade Dance","floor":22.0},{"not_picked":["Dagger Spray","Choke","Flying Knee"],"picked":"SKIP","floor":25.0},{"not_picked":["Acrobatics","Flying Knee"],"picked":"Sucker Punch+1","floor":28.0},{"not_picked":["Heel Hook","Masterful Stab+1","Deadly Poison"],"picked":"SKIP","floor":30.0},{"not_picked":["Outmaneuver","Die Die Die"],"picked":"Backflip","floor":31.0},{"not_picked":["Finisher","Bane","Dash"],"picked":"SKIP","floor":35.0},{"not_picked":["Bane+1","Prepared"],"picked":"Blade Dance","floor":37.0},{"not_picked":["All Out Attack","Expertise","Reflex+1"],"picked":"SKIP","floor":40.0},{"not_picked":["Caltrops+1","Noxious Fumes"],"picked":"Blur+1","floor":41.0}],"player_experience":218344,"relics_obtained":[{"floor":6.0,"key":"Tiny Chest"},{"floor":9.0,"key":"Boot"},{"floor":14.0,"key":"Mercury Hourglass"},{"floor":25.0,"key":"Ice Cream"},{"floor":26.0,"key":"Regal Pillow"},{"floor":27.0,"key":"Happy Flower"},{"floor":28.0,"key":"Calipers"},{"floor":39.0,"key":"Vajra"},{"floor":40.0,"key":"Snake Skull"},{"floor":43.0,"key":"Blood Vial"}],"event_choices":[{"event_name":"Golden Wing","player_choice":"Card Removal","floor":3.0,"damage_taken":0.0},{"event_name":"Shining Light","player_choice":"Entered Light","floor":4.0,"damage_taken":0.0},{"event_name":"Addict","player_choice":"Obtained Relic","floor":19.0,"damage_taken":0.0},{"event_name":"Match and Keep!","player_choice":"1 cards matched","floor":20.0,"damage_taken":0.0},{"event_name":"Ghosts","player_choice":"Became a Ghost","floor":24.0,"damage_taken":0.0},{"event_name":"Tomb of Lord Red Mask","player_choice":"Paid","floor":38.0,"damage_taken":0.0},{"event_name":"Winding Halls","player_choice":"Max HP","floor":42.0,"damage_taken":0.0}],"is_beta":false,"boss_relics":[{"not_picked":["Busted Crown","Tiny House"],"picked":"Astrolabe"},{"not_picked":["Snecko Eye","HoveringKite"],"picked":"Ring of the Serpent"}],"items_purged_floors":[21],"is_endless":false,"potions_floor_spawned":[1,6,7,12,16,22,30,33,37],"killed_by":"2 Orb Walkers","ascension_level":20}