{"gold_per_floor":[118,43,61,71,81,81,81,99,99,99,109,140,160,179,179,258,258,276,276,291,307,307,307,321,321,392,392,62,62,78,103,103,180,180,190,208,254,254,272,272,147,477,501,512,527,377,389,401,401,401,401,401,401,60,94,94],"floor_reached":57,"playtime":4069,"items_purged":["Strike_G","Strike_G","Strike_G","Strike_G","Strike_G"],"score":2970,"play_id":"292d9139-ab22-4efb-8754-2ebce63464ba","local_time":"20190124215608","is_ascension_mode":true,"campfire_choices":[{"data":"Catalyst","floor":7.0,"key":"SMITH"},{"data":"Bouncing Flask","floor":10.0,"key":"SMITH"},{"data":"Well Laid Plans","floor":15.0,"key":"SMITH"},{"data":"Wraith Form v2","floor":23.0,"key":"SMITH"},{"data":"Noxious Fumes","floor":25,"key":"SMITH"},{"data":"Tactician","floor":27,"key":"SMITH"},{"data":"Calculated Gamble","floor":32,"key":"SMITH"},{"floor":40,"key":"REST"},{"floor":49,"key":"RECALL"},{"floor":53,"key":"REST"}],"neow_cost":"NONE","seed_source_timestamp":29500244570800,"circlet_count":0,"master_deck":["AscendersBane","Survivor","Neutralize","Catalyst+1","Noxious Fumes+1","Escape Plan","Bouncing Flask+1","Adrenaline","Well Laid Plans+1","Backflip","Calculated Gamble+1","Wraith Form v2+1","theJungle:Gourd","theJungle:Gourd","theJungle:Gourd","theJungle:Gourd","theJungle:Gourd","Tactician+1","Burst","Leg Sweep+1","Night Terror","Catalyst+1"],"special_seed":0,"relics":["Ring of the Snake","NeowsBlessing","Incense Burner","Du-Vu Doll","Runic Pyramid","Lee\u0027s Waffle","Dodecahedron","Fusion Hammer","Calipers","Sundial","Old Coin","Happy Flower","Art of War","Snake Skull"],"potions_floor_usage":[56,56],"damage_taken":[{"damage":0.0,"enemies":"Cultist","floor":1.0,"turns":1.0},{"damage":0.0,"enemies":"2 Louse","floor":3.0,"turns":1.0},{"damage":0.0,"enemies":"Jaw Worm","floor":4.0,"turns":1.0},{"damage":21.0,"enemies":"Gremlin Gang","floor":5.0,"turns":5.0},{"damage":1.0,"enemies":"Looter","floor":8.0,"turns":4.0},{"damage":2.0,"enemies":"2 Fungi Beasts","floor":11.0,"turns":4.0},{"damage":25.0,"enemies":"Gremlin Nob","floor":12.0,"turns":4.0},{"damage":4.0,"enemies":"Lots of Slimes","floor":13.0,"turns":3.0},{"damage":0.0,"enemies":"3 Louse","floor":14.0,"turns":3.0},{"damage":1.0,"enemies":"Hexaghost","floor":16.0,"turns":6.0},{"damage":0.0,"enemies":"theJungle:GiantWrat","floor":18.0,"turns":4.0},{"damage":14.0,"enemies":"theJungle:Flameango_and_Byrd","floor":20.0,"turns":7.0},{"damage":7.0,"enemies":"theJungle:SlimyTreeVines","floor":21.0,"turns":7.0},{"damage":0,"enemies":"theJungle:Snecko_Cultist_And_Trap","floor":24,"turns":13},{"damage":3,"enemies":"Snake Plant","floor":30,"turns":4},{"damage":0,"enemies":"theJungle:Cassacara","floor":31,"turns":5},{"damage":0,"enemies":"theJungle:QueenSpyder","floor":33,"turns":9},{"damage":0,"enemies":"Orb Walker","floor":35,"turns":4},{"damage":0,"enemies":"3 Darklings","floor":36,"turns":5},{"damage":21,"enemies":"2 Orb Walkers","floor":37,"turns":7},{"damage":0,"enemies":"Transient","floor":39,"turns":6},{"damage":0,"enemies":"Nemesis","floor":42,"turns":5},{"damage":0,"enemies":"Spire Growth","floor":44,"turns":3},{"damage":0,"enemies":"Sphere and 2 Shapes","floor":45,"turns":6},{"damage":0,"enemies":"3 Darklings","floor":47,"turns":6},{"damage":0,"enemies":"Jaw Worm Horde","floor":48,"turns":4},{"damage":0,"enemies":"Time Eater","floor":50,"turns":4},{"damage":29,"enemies":"Awakened One","floor":51,"turns":8},{"damage":0,"enemies":"Shield and Spear","floor":55,"turns":4},{"damage":60,"enemies":"The Heart","floor":56,"turns":7}],"seed_played":"380881825019719076","potions_obtained":[{"floor":1.0,"key":"EssenceOfSteel"},{"floor":11.0,"key":"Fire Potion"},{"floor":13.0,"key":"FearPotion"},{"floor":14.0,"key":"Dexterity Potion"},{"floor":42,"key":"Block Potion"}],"is_trial":false,"path_per_floor":["M","$","M","M","M","?","R","M","T","R","M","E","M","M","R","B",null,"M","?","M","M","?","R","M","R","T","R","$","$","M","E","R","B",null,"M","M","?","?","M","R","$","E","T","M","M","$","M","M","R","B","B",null,"R","$","E","B",null],"character_chosen":"THE_SILENT","items_purchased":["Lee\u0027s Waffle","Art of War"],"campfire_rested":2,"item_purchase_floors":[28,54],"current_hp_per_floor":[59,59,59,59,38,38,38,37,37,37,35,10,6,6,6,5,51,51,51,37,36,36,36,36,36,36,36,73,73,70,70,70,70,72,72,72,51,51,51,72,72,72,72,72,72,72,72,72,72,72,43,66,73,73,73,13],"gold":94,"neow_bonus":"THREE_ENEMY_KILL","is_prod":false,"is_daily":false,"chose_seed":false,"campfire_upgraded":7,"win_rate":0,"timestamp":1548338168,"path_taken":["M","$","M","M","?","?","R","M","T","R","M","E","?","M","R","BOSS","M","?","M","M","?","R","M","R","T","R","?","$","?","E","R","BOSS","M","M","?","?","M","R","$","E","T","?","M","$","M","M","R","BOSS","BOSS","R","$","E","BOSS"],"build_version":"2019-01-23","purchased_purges":5,"victory":true,"max_hp_per_floor":[66,66,66,66,66,66,66,66,66,66,66,66,66,66,66,66,66,66,66,66,66,66,66,66,66,66,66,73,73,73,73,73,73,73,73,73,73,73,73,73,73,73,73,73,73,73,73,73,73,73,73,73,73,73,73,73],"card_choices":[{"not_picked":["Distraction","PiercingWail"],"picked":"Catalyst","floor":1.0},{"not_picked":["Cloak And Dagger","Poisoned Stab"],"picked":"Noxious Fumes","floor":3.0},{"not_picked":["Dagger Spray","Deflect"],"picked":"Escape Plan","floor":4.0},{"not_picked":["Eviscerate","Sucker Punch"],"picked":"Bouncing Flask","floor":5.0},{"not_picked":["Predator","Masterful Stab","PiercingWail"],"picked":"SKIP","floor":8.0},{"not_picked":["Quick Slash","PiercingWail","Dodge and Roll"],"picked":"SKIP","floor":11.0},{"not_picked":["Quick Slash","Underhanded Strike"],"picked":"Backflip","floor":12.0},{"not_picked":["Choke","Prepared","Acrobatics"],"picked":"SKIP","floor":13.0},{"not_picked":["Underhanded Strike","Riddle With Holes"],"picked":"Calculated Gamble","floor":14.0},{"not_picked":["Doppelganger","Grand Finale"],"picked":"Wraith Form v2","floor":16.0},{"not_picked":["Poisoned Stab","Expertise+1","Flechettes"],"picked":"SKIP","floor":18.0},{"not_picked":["Skewer+1","Blade Dance"],"picked":"Tactician","floor":20.0},{"not_picked":["Sucker Punch","Outmaneuver","Setup"],"picked":"SKIP","floor":21.0},{"not_picked":["Flechettes","Distraction","Acrobatics"],"picked":"SKIP","floor":24},{"not_picked":["Dagger Spray","Underhanded Strike","Bane"],"picked":"SKIP","floor":30},{"not_picked":["Sucker Punch","Blade Dance","Outmaneuver"],"picked":"SKIP","floor":31},{"not_picked":["Venomology","Glass Knife"],"picked":"Burst","floor":33},{"not_picked":["Blur","Deflect+1","Predator"],"picked":"SKIP","floor":35},{"not_picked":["Bouncing Flask","Leg Sweep+1","Caltrops+1"],"picked":"SKIP","floor":36},{"not_picked":["Bouncing Flask","Caltrops+1"],"picked":"Leg Sweep+1","floor":36},{"not_picked":["PiercingWail","Quick Slash","Backflip"],"picked":"SKIP","floor":39},{"not_picked":["Dagger Spray","Poisoned Stab","Masterful Stab"],"picked":"SKIP","floor":42},{"not_picked":["Underhanded Strike+1","Outmaneuver+1"],"picked":"Night Terror","floor":44},{"not_picked":["Eviscerate+1","Backstab","Setup"],"picked":"SKIP","floor":45},{"not_picked":["Deadly Poison+1","Dagger Throw+1","Accuracy"],"picked":"SKIP","floor":47},{"not_picked":["Sucker Punch","PiercingWail+1"],"picked":"Catalyst+1","floor":48},{"not_picked":["Malaise","Deflect+1","Blade Dance"],"picked":"SKIP","floor":55}],"player_experience":2212031,"relics_obtained":[{"floor":9.0,"key":"Incense Burner"},{"floor":12.0,"key":"Du-Vu Doll"},{"floor":31,"key":"Dodecahedron"},{"floor":37,"key":"Calipers"},{"floor":42,"key":"Old Coin"},{"floor":43,"key":"Happy Flower"},{"floor":55,"key":"Snake Skull"}],"event_choices":[{"damage_healed":0.0,"max_hp_gain":0.0,"max_hp_loss":0.0,"gold_gain":0.0,"event_name":"Match and Keep!","player_choice":"2 cards matched","floor":6.0,"gold_loss":0.0,"damage_taken":0.0,"cards_obtained":["Adrenaline","Well Laid Plans"]},{"damage_healed":0,"gold_gain":0,"player_choice":"Fight","damage_taken":0,"max_hp_gain":0,"max_hp_loss":0,"event_name":"Mysterious Sphere","floor":37,"gold_loss":0},{"damage_healed":0,"gold_gain":0,"player_choice":"Gave Potion","damage_taken":0,"relics_obtained":["Sundial"],"max_hp_gain":0,"max_hp_loss":0,"event_name":"WeMeetAgain","floor":38,"gold_loss":0}],"is_beta":false,"boss_relics":[{"not_picked":["Black Star","White Beast Statue"],"picked":"Runic Pyramid"},{"not_picked":["Eternal Feather","Snecko Eye"],"picked":"Fusion Hammer"}],"items_purged_floors":[2,28,41,46,54],"is_endless":false,"potions_floor_spawned":[1,11,12,13,14,16,18,21,33,35,36,42,55],"ascension_level":20}