{"gold_per_floor":[115,115,40,40,50,78,78,94,94,121,169,183,202,220,220,220],"floor_reached":16,"playtime":362,"items_purged":["Strike_G"],"score":274,"play_id":"98e007c2-24ac-4164-b5b9-f3cee2656330","local_time":"20181118175100","is_ascension_mode":true,"campfire_choices":[{"data":"Blade Dance","floor":7,"key":"SMITH"},{"data":"Accuracy","floor":15,"key":"SMITH"}],"neow_cost":"NONE","seed_source_timestamp":1580268407456180,"circlet_count":0,"master_deck":["AscendersBane","Defend_G","Defend_G","Defend_G","Defend_G","Defend_G","Strike_G","Strike_G","Strike_G","Survivor","Neutralize","Blade Dance+1","Pain","Backflip","Cloak And Dagger","Accuracy+1","Backflip"],"relics":["Ring of the Snake","NeowsBlessing","WarpedTongs","Girya","Shuriken","Vajra","Happy Flower"],"potions_floor_usage":[13,16],"damage_taken":[{"damage":0,"enemies":"2 Louse","floor":1,"turns":1},{"damage":0,"enemies":"Cultist","floor":5,"turns":1},{"damage":1,"enemies":"Gremlin Nob","floor":6,"turns":1},{"damage":7,"enemies":"Jaw Worm","floor":8,"turns":5},{"damage":23,"enemies":"Lagavulin","floor":10,"turns":7},{"damage":2,"enemies":"Looter","floor":12,"turns":3},{"damage":25,"enemies":"Lots of Slimes","floor":13,"turns":5},{"damage":1,"enemies":"2 Fungi Beasts","floor":14,"turns":3},{"damage":25,"enemies":"The Guardian","floor":16,"turns":2}],"seed_played":"-953831599712441437","potions_obtained":[{"floor":1,"key":"Regen Potion"},{"floor":6,"key":"Weak Potion"},{"floor":13,"key":"Regen Potion"}],"is_trial":false,"path_per_floor":["M","?","$","?","M","E","R","M","T","E","T","M","M","M","R","B"],"character_chosen":"THE_SILENT","items_purchased":[],"campfire_rested":0,"item_purchase_floors":[],"current_hp_per_floor":[59,52,52,52,52,51,51,44,44,21,21,19,8,7,7,0],"gold":220,"neow_bonus":"THREE_ENEMY_KILL","is_prod":false,"is_daily":false,"chose_seed":false,"campfire_upgraded":2,"win_rate":0,"timestamp":1542534660,"path_taken":["M","?","$","?","M","E","R","?","T","E","?","M","M","M","R","BOSS"],"build_version":"2018-11-15","purchased_purges":1,"victory":false,"max_hp_per_floor":[66,66,66,66,66,66,66,66,66,66,66,66,66,66,66,66],"card_choices":[{"not_picked":["Heel Hook","Dash"],"picked":"Blade Dance","floor":1},{"not_picked":["Deadly Poison","Underhanded Strike","Dagger Throw"],"picked":"SKIP","floor":5},{"not_picked":["Flying Knee","Malaise"],"picked":"Backflip","floor":6},{"not_picked":["Dodge and Roll","Expertise"],"picked":"Cloak And Dagger","floor":8},{"not_picked":["Masterful Stab","Quick Slash"],"picked":"Accuracy","floor":10},{"not_picked":["Deadly Poison","Reflex","Crippling Poison"],"picked":"SKIP","floor":12},{"not_picked":["Crippling Poison","Slice","Deadly Poison"],"picked":"SKIP","floor":13},{"not_picked":["Underhanded Strike","Setup"],"picked":"Backflip","floor":14}],"player_experience":538490,"relics_obtained":[{"floor":6,"key":"Girya"},{"floor":9,"key":"Shuriken"},{"floor":10,"key":"Vajra"},{"floor":11,"key":"Happy Flower"}],"event_choices":[{"cards_removed":["Strike_G"],"damage_healed":0,"gold_gain":0,"player_choice":"Card Removal","damage_taken":7,"max_hp_gain":0,"max_hp_loss":0,"event_name":"Golden Wing","floor":2,"gold_loss":0},{"damage_healed":0,"gold_gain":0,"player_choice":"Rummage","damage_taken":0,"relics_obtained":["WarpedTongs"],"max_hp_gain":0,"max_hp_loss":0,"event_name":"Accursed Blacksmith","floor":4,"gold_loss":0,"cards_obtained":["Pain"]}],"is_beta":true,"boss_relics":[],"items_purged_floors":[3],"is_endless":false,"potions_floor_spawned":[1,6,13],"killed_by":"The Guardian","ascension_level":20}