{"gold_per_floor":[114,124,124,145,158,158,199,199,276,10,33,51,51,70,70,70],"floor_reached":16,"playtime":609,"items_purged":["Strike_B"],"score":161,"play_id":"5fa8d00a-9c74-48e3-9622-2cee2b44d644","local_time":"20181011130417","is_ascension_mode":true,"campfire_choices":[{"floor":6,"key":"REST"},{"floor":8,"key":"REST"},{"data":"Magnetism","floor":15,"key":"SMITH"}],"neow_cost":"NONE","seed_source_timestamp":5700848307624,"circlet_count":0,"master_deck":["Strike_B","Strike_B","Strike_B","Defend_B","Defend_B","Defend_B","Defend_B","Zap","Dualcast","AscendersBane","Reboot","Streamline","Conserve Battery","Leap","Echo Form","Gash","Magnetism+1","Turbo","Undo","Melter"],"relics":["Cracked Core","Golden Idol","Emotion Chip","Gremlin Horn"],"potions_floor_usage":[7,16],"damage_taken":[{"damage":5,"enemies":"2 Louse","floor":1,"turns":3},{"damage":10,"enemies":"Small Slimes","floor":2,"turns":4},{"damage":1,"enemies":"Cultist","floor":4,"turns":4},{"damage":7,"enemies":"Blue Slaver","floor":5,"turns":5},{"damage":32,"enemies":"3 Sentries","floor":7,"turns":9},{"damage":14,"enemies":"Gremlin Gang","floor":11,"turns":4},{"damage":10,"enemies":"Large Slime","floor":12,"turns":4},{"damage":1,"enemies":"Looter","floor":14,"turns":4},{"damage":15,"enemies":"Hexaghost","floor":16,"turns":9}],"seed_played":"-6510040635702631757","potions_obtained":[{"floor":2,"key":"Dexterity Potion"},{"floor":5,"key":"PowerPotion"},{"floor":11,"key":"Fire Potion"}],"is_trial":false,"path_per_floor":["M","M","?","M","M","R","E","R","T","$","M","M","$","M","R"],"character_chosen":"DEFECT","items_purchased":["Magnetism"],"campfire_rested":2,"item_purchase_floors":[10],"current_hp_per_floor":[63,53,35,34,27,49,17,39,39,39,25,15,15,14,14,0],"gold":70,"neow_bonus":"ONE_RANDOM_RARE_CARD","is_prod":false,"is_daily":false,"chose_seed":false,"campfire_upgraded":1,"win_rate":0,"timestamp":1539234257,"path_taken":["M","M","?","M","M","R","E","R","T","$","?","M","?","M","R","BOSS"],"build_version":"2018-10-04v2","purchased_purges":1,"victory":false,"max_hp_per_floor":[75,75,75,75,75,75,75,75,75,75,75,75,75,75,75,75],"card_choices":[{"not_picked":["Stack","Coolheaded"],"picked":"Streamline","floor":1},{"not_picked":["Steam","Rebound"],"picked":"Conserve Battery","floor":2},{"not_picked":["Stack","Aggregate"],"picked":"Leap","floor":4},{"not_picked":["Barrage","Genetic Algorithm"],"picked":"Echo Form","floor":5},{"not_picked":["Cold Snap","Skim"],"picked":"Gash","floor":7},{"not_picked":["Hologram","Beam Cell"],"picked":"Turbo","floor":11},{"not_picked":["Rip and Tear","Cold Snap"],"picked":"Undo","floor":12},{"not_picked":["Steam","Turbo"],"picked":"Melter","floor":14}],"player_experience":101626,"relics_obtained":[{"floor":7,"key":"Emotion Chip"},{"floor":9,"key":"Gremlin Horn"}],"event_choices":[{"event_name":"Golden Idol","player_choice":"Take Damage","floor":3,"damage_taken":0}],"is_beta":false,"boss_relics":[],"items_purged_floors":[10],"is_endless":false,"potions_floor_spawned":[2,5,11],"killed_by":"Hexaghost","ascension_level":11}