{"path_per_floor":["M","?","M","M","M","E","M","R","T","?","M","M","E","T","R","B",null,"M","$","?","M","$","R","?","E","T","E","R","M","R","?","R","B",null,"M","?","$","?","M","R","$","M","T","T","R","M","M","M","R"],"character_chosen":"IRONCLAD","items_purchased":["Inflame","War Paint"],"gold_per_floor":[19,19,30,40,50,80,97,97,97,97,116,127,158,184,184,285,285,295,186,186,196,52,52,52,82,132,162,162,179,179,179,179,277,277,296,296,196,196,206,206,81,97,97,120,120,135,152,169,169,169],"floor_reached":50,"campfire_rested":0,"playtime":2022,"current_hp_per_floor":[80,77,76,80,78,53,59,59,59,59,61,59,54,54,54,34,80,73,73,73,67,67,67,67,60,60,51,51,45,45,45,45,21,56,20,20,20,20,23,23,23,32,32,39,39,49,37,25,25,0],"items_purged":["Defend_R","Bite","Bite"],"gold":169,"score":492,"play_id":"9a6aaa33-c9ff-47f5-a0e4-763ae0fdeb9b","local_time":"20180401220106","is_prod":false,"is_daily":false,"is_ascension_mode":false,"campfire_upgraded":7,"timestamp":1522612866,"path_taken":["M","?","M","M","M","E","M","R","T","?","M","?","E","?","R","BOSS","M","$","?","M","?","R","?","E","T","E","R","M","R","?","R","BOSS","M","?","$","?","M","R","$","M","T","?","R","M","?","M","R","BOSS"],"build_version":"2018-03-29v2","purchased_purges":4,"victory":false,"master_deck":["Bash+1","Clash","Ghostly Armor+1","Thunderclap","Disarm+1","Body Slam+1","Ghostly Armor","Limit Break+1","Inflame+1","Carnage","Flex+1","Seeing Red+1","Bite","Bite","Bite","Double Tap+1","Armaments+1","Inflame+1"],"max_hp_per_floor":[80,80,80,80,80,80,80,80,80,80,80,80,80,80,80,80,80,80,80,80,80,80,80,80,80,80,80,80,80,80,56,56,56,56,56,56,56,56,56,56,56,56,56,63,63,63,63,63,63,63],"relics":["Black Blood","Bag of Preparation","Art of War","Anchor","Unceasing Top","Ancient Tea Set","Runic Pyramid","War Paint","Regal Pillow","Omamori","Prayer Wheel","Girya","Strawberry"],"card_choices":[{"not_picked":["Reaper","Havoc"],"picked":"Clash","floor":3.0},{"not_picked":["Combust","True Grit"],"picked":"Ghostly Armor","floor":4.0},{"not_picked":["Feel No Pain","Twin Strike"],"picked":"Thunderclap","floor":5.0},{"not_picked":["Heavy Blade","Combust"],"picked":"Disarm","floor":11.0},{"not_picked":["Anger","Warcry"],"picked":"Body Slam","floor":12.0},{"not_picked":["Entrench","Shrug It Off"],"picked":"Ghostly Armor","floor":13.0},{"not_picked":["Feed","Exhume"],"picked":"Limit Break","floor":16.0},{"not_picked":["Blood for Blood","Thunderclap"],"picked":"Carnage","floor":21.0},{"not_picked":["Rampage","Wild Strike"],"picked":"Flex","floor":27},{"not_picked":["Perfected Strike","Sword Boomerang"],"picked":"Seeing Red","floor":29},{"not_picked":["Impervious","Barricade"],"picked":"Double Tap","floor":33},{"not_picked":["Body Slam","Feel No Pain"],"picked":"Armaments","floor":44},{"not_picked":["Shockwave","Wild Strike"],"picked":"Inflame","floor":48}],"player_experience":211386,"potions_floor_usage":[27,27,33,33,39,47,48,50,50],"damage_taken":[{"damage":6.0,"enemies":"Cultist","floor":1.0,"turns":3.0},{"damage":7.0,"enemies":"Small Slimes","floor":3.0,"turns":4.0},{"damage":0.0,"enemies":"2 Louse","floor":4.0,"turns":2.0},{"damage":8.0,"enemies":"Lots of Slimes","floor":5.0,"turns":4.0},{"damage":31.0,"enemies":"Lagavulin","floor":6.0,"turns":6.0},{"damage":0.0,"enemies":"Exordium Wildlife","floor":7.0,"turns":2.0},{"damage":4.0,"enemies":"3 Louse","floor":11.0,"turns":3.0},{"damage":8.0,"enemies":"Lots of Slimes","floor":12.0,"turns":3.0},{"damage":17.0,"enemies":"Gremlin Nob","floor":13.0,"turns":4.0},{"damage":26.0,"enemies":"The Guardian","floor":16.0,"turns":11.0},{"damage":13.0,"enemies":"3 Byrds","floor":18.0,"turns":8.0},{"damage":12.0,"enemies":"Chosen","floor":21.0,"turns":4.0},{"damage":13.0,"enemies":"Slavers","floor":25.0,"turns":5.0},{"damage":27,"enemies":"Gremlin Leader","floor":27,"turns":7},{"damage":12,"enemies":"Centurion and Healer","floor":29,"turns":5},{"damage":44,"enemies":"Collector","floor":33,"turns":4},{"damage":60,"enemies":"3 Darklings","floor":35,"turns":7},{"damage":13,"enemies":"Orb Walker","floor":39,"turns":3},{"damage":7,"enemies":"4 Shapes","floor":42,"turns":4},{"damage":7,"enemies":"3 Darklings","floor":46,"turns":4},{"damage":30,"enemies":"Maw","floor":47,"turns":6},{"damage":30,"enemies":"Sphere and 2 Shapes","floor":48,"turns":5},{"damage":57,"enemies":"Time Eater","floor":50,"turns":5}],"event_choices":[{"event_name":"Scrap Ooze","player_choice":"success","floor":2.0,"damage_taken":3.0},{"event_name":"Match and Keep!","player_choice":"0 cards matched","floor":10.0,"damage_taken":0.0},{"event_name":"Bonfire Elementals","player_choice":"BASIC","floor":20.0,"damage_taken":0.0},{"event_name":"Ghosts","player_choice":"Ignored","floor":24.0,"damage_taken":0.0},{"event_name":"Vampires","player_choice":"Became a vampire","floor":31,"damage_taken":0},{"event_name":"Tomb of Lord Red Mask","player_choice":"Ignored","floor":36,"damage_taken":0},{"event_name":"The Moai Head","player_choice":"Ignored","floor":38,"damage_taken":0}],"boss_relics":[{"not_picked":["Eternal Feather","Lizard Tail"],"picked":"Black Blood"}],"potions_floor_spawned":[4,6,11,16,21,27,29,33,46,47,48],"seed_played":"4554450655177125868","killed_by":"Time Eater","ascension_level":0,"is_trial":false}