{"gold_per_floor":[113,66,66,77,87,115,115,149,175,191,191,241,241,254,254,254],"floor_reached":16,"playtime":667,"items_purged":[],"score":116,"play_id":"9ff104fb-de43-4756-a098-86524907bc1c","local_time":"20180918190616","is_ascension_mode":true,"campfire_choices":[{"data":"Barricade","floor":7.0,"key":"SMITH"},{"data":"Body Slam","floor":13.0,"key":"SMITH"},{"data":"Flame Barrier","floor":15.0,"key":"SMITH"}],"neow_cost":"TEN_PERCENT_HP_LOSS","seed_source_timestamp":27384030764328,"circlet_count":0,"master_deck":["Strike_R","Strike_R","Strike_R","Strike_R","Defend_R","Defend_R","Defend_R","Bash","Barricade+1","True Grit","Shrug It Off","Whirlwind","Second Wind","Body Slam+1","Flame Barrier+1","Pommel Strike","Juggernaut"],"special_seed":0,"relics":["Burning Blood","Bag of Preparation","Potion Belt","PreservedInsect","Ancient Tea Set"],"potions_floor_usage":[16],"damage_taken":[{"damage":6.0,"enemies":"Jaw Worm","floor":1.0,"turns":3.0},{"damage":0.0,"enemies":"Small Slimes","floor":4.0,"turns":4.0},{"damage":0.0,"enemies":"2 Louse","floor":5.0,"turns":3.0},{"damage":27.0,"enemies":"3 Sentries","floor":6.0,"turns":8.0},{"damage":9.0,"enemies":"Lagavulin","floor":8.0,"turns":10.0},{"damage":34.0,"enemies":"Exordium Thugs","floor":10.0,"turns":8.0},{"damage":0.0,"enemies":"Lots of Slimes","floor":14.0,"turns":5.0},{"damage":31,"enemies":"Slime Boss","floor":16,"turns":11}],"seed_played":"7015273347670705435","potions_obtained":[{"floor":1.0,"key":"Strength Potion"},{"floor":4.0,"key":"Dexterity Potion"},{"floor":6.0,"key":"Block Potion"},{"floor":8.0,"key":"Dexterity Potion"}],"is_trial":false,"path_per_floor":["M","$","?","M","M","E","R","E","T","M","?","T","R","M","R"],"character_chosen":"IRONCLAD","items_purchased":["Shrug It Off"],"campfire_rested":0,"item_purchase_floors":[2],"current_hp_per_floor":[72,72,65,71,72,51,51,48,48,20,20,20,20,26,26,0],"gold":254,"neow_bonus":"THREE_RARE_CARDS","is_prod":false,"is_daily":false,"chose_seed":false,"campfire_upgraded":3,"win_rate":1,"timestamp":1537268776,"path_taken":["M","$","?","?","M","E","R","E","T","M","?","?","R","M","R","BOSS"],"build_version":"2018-09-06","purchased_purges":0,"victory":false,"max_hp_per_floor":[72,72,72,72,72,72,72,72,72,72,72,72,72,72,72,72],"card_choices":[{"not_picked":["Reaper","Offering"],"picked":"Barricade","floor":0.0},{"not_picked":["Bloodletting","Clothesline"],"picked":"True Grit","floor":1.0},{"not_picked":["Disarm","Iron Wave","Headbutt"],"picked":"SKIP","floor":4.0},{"not_picked":["Thunderclap","Flex"],"picked":"Whirlwind","floor":5.0},{"not_picked":["Blood for Blood","Headbutt"],"picked":"Second Wind","floor":6.0},{"not_picked":["True Grit","Combust"],"picked":"Body Slam","floor":8.0},{"not_picked":["Shrug It Off","Rampage"],"picked":"Flame Barrier","floor":10.0},{"not_picked":["Flex","Sword Boomerang"],"picked":"Juggernaut","floor":14.0}],"player_experience":6541,"relics_obtained":[{"floor":6.0,"key":"Bag of Preparation"},{"floor":8.0,"key":"Potion Belt"},{"floor":9.0,"key":"PreservedInsect"},{"floor":12.0,"key":"Ancient Tea Set"}],"event_choices":[{"event_name":"Golden Wing","player_choice":"Card Removal","floor":3.0,"damage_taken":0.0},{"event_name":"Transmorgrifier","player_choice":"Transform","floor":11.0,"damage_taken":0.0}],"is_beta":false,"boss_relics":[],"items_purged_floors":[],"is_endless":false,"potions_floor_spawned":[1,4,6,8],"killed_by":"Slime Boss","ascension_level":1}