{"gold_per_floor":[118,118,118,143,162,193,193,231,231,231],"floor_reached":10,"playtime":488,"items_purged":[],"score":152,"play_id":"1d7dc102-7155-4433-8445-4b546e26c590","local_time":"20190807120113","is_ascension_mode":true,"campfire_choices":[{"floor":7,"key":"REST"}],"neow_cost":"NONE","seed_source_timestamp":1972260727564,"circlet_count":0,"master_deck":["AscendersBane","Strike_B","Strike_B","Strike_B","Defend_B","Defend_B","Defend_B","Defend_B","Zap","Dualcast","Compile Driver","Gash","Sunder","Fission","Ball Lightning"],"relics":["Cracked Core","Golden Idol","GremlinMask","Symbiotic Virus","Regal Pillow","Bottled Flame"],"potions_floor_usage":[6],"damage_taken":[{"damage":9,"enemies":"Small Slimes","floor":1,"turns":3},{"damage":6,"enemies":"2 Louse","floor":4,"turns":3},{"damage":1,"enemies":"Cultist","floor":5,"turns":3},{"damage":35,"enemies":"Lagavulin","floor":6,"turns":5},{"damage":30,"enemies":"3 Sentries","floor":8,"turns":5},{"damage":12,"enemies":"3 Louse","floor":10,"turns":2}],"seed_played":"4229659550914324411","potions_obtained":[{"floor":4,"key":"Poison Potion"},{"floor":8,"key":"Ancient Potion"}],"is_trial":false,"path_per_floor":["M","?","?","M","M","E","R","E","T","M"],"character_chosen":"DEFECT","items_purchased":[],"campfire_rested":1,"item_purchase_floors":[],"current_hp_per_floor":[55,55,55,49,48,13,32,2,2,0],"gold":231,"neow_bonus":"REMOVE_CARD","is_prod":false,"is_daily":false,"chose_seed":false,"campfire_upgraded":0,"win_rate":0,"timestamp":1565172073,"path_taken":["M","?","?","M","M","E","R","E","T","?"],"build_version":"2019-07-17","purchased_purges":0,"victory":false,"max_hp_per_floor":[71,64,64,64,64,64,64,64,64,64],"card_choices":[{"not_picked":["Stack","Streamline"],"picked":"Compile Driver","floor":1},{"not_picked":["Leap","Melter"],"picked":"Gash","floor":4},{"not_picked":["Aggregate","Recycle"],"picked":"Sunder","floor":5},{"not_picked":["Go for the Eyes","Aggregate"],"picked":"Fission","floor":6},{"not_picked":["Beam Cell","Recycle"],"picked":"Ball Lightning","floor":8}],"player_experience":821560,"relics_obtained":[{"floor":6,"key":"Symbiotic Virus"},{"floor":8,"key":"Regal Pillow"},{"floor":9,"key":"Bottled Flame"}],"event_choices":[{"damage_healed":0,"gold_gain":0,"player_choice":"Lose Max HP","damage_taken":0,"relics_obtained":["Golden Idol"],"max_hp_gain":0,"max_hp_loss":7,"event_name":"Golden Idol","floor":2,"gold_loss":0},{"damage_healed":0,"gold_gain":0,"player_choice":"Trade","damage_taken":0,"relics_obtained":["GremlinMask"],"max_hp_gain":0,"max_hp_loss":0,"event_name":"FaceTrader","floor":3,"gold_loss":0}],"is_beta":false,"boss_relics":[],"items_purged_floors":[],"is_endless":false,"potions_floor_spawned":[4,8],"killed_by":"3 Louse","ascension_level":20}