{"gold_per_floor":[118,128,146,161,236,264,292,316,328,340,352,384,407,419],"floor_reached":14,"playtime":757,"items_purged":[],"score":154,"play_id":"1548fe1c-a95c-4722-b876-83cfa43efcaa","local_time":"20190805193432","is_ascension_mode":true,"campfire_choices":[{"floor":10,"key":"REST"}],"neow_cost":"NONE","seed_source_timestamp":102961802039208,"circlet_count":0,"master_deck":["AscendersBane","Strike_G","Strike_G","Strike_G","Strike_G","Defend_G","Defend_G","Defend_G","Defend_G","Defend_G","Survivor","Neutralize","Die Die Die","Acrobatics","Riddle With Holes","Prepared","Leg Sweep","Slice","Dagger Spray","Footwork","Tactician"],"special_seed":0,"relics":["Ring of the Snake","MawBank","Pen Nib"],"potions_floor_usage":[7,7],"damage_taken":[{"damage":2.0,"enemies":"Cultist","floor":1.0,"turns":5.0},{"damage":0.0,"enemies":"Small Slimes","floor":2.0,"turns":4.0},{"damage":0.0,"enemies":"2 Louse","floor":3.0,"turns":3.0},{"damage":5.0,"enemies":"Red Slaver","floor":4.0,"turns":5.0},{"damage":28.0,"enemies":"Gremlin Nob","floor":6.0,"turns":4.0},{"damage":9,"enemies":"Gremlin Gang","floor":7,"turns":5},{"damage":0,"enemies":"2 Fungi Beasts","floor":8,"turns":3},{"damage":0,"enemies":"3 Louse","floor":12,"turns":3},{"damage":4,"enemies":"Red Slaver","floor":13,"turns":6},{"damage":26,"enemies":"Lagavulin","floor":14,"turns":5}],"seed_played":"-4264840145120299533","potions_obtained":[{"floor":1.0,"key":"Energy Potion"},{"floor":3.0,"key":"Poison Potion"},{"floor":6.0,"key":"SkillPotion"},{"floor":8,"key":"SpeedPotion"}],"is_trial":false,"path_per_floor":["M","M","M","M","?","E","M","M","T","R","?","M","M","E"],"character_chosen":"THE_SILENT","items_purchased":[],"campfire_rested":1,"item_purchase_floors":[],"current_hp_per_floor":[61,61,61,56,45,17,8,8,8,29,29,29,25,0],"gold":419,"neow_bonus":"ONE_RANDOM_RARE_CARD","is_prod":false,"is_daily":false,"chose_seed":false,"campfire_upgraded":0,"win_rate":0,"timestamp":1565048072,"path_taken":["M","?","M","M","?","E","M","M","T","R","?","M","M","E"],"build_version":"2019-07-17","purchased_purges":0,"victory":false,"max_hp_per_floor":[70,70,70,70,70,70,70,70,70,70,70,70,70,70],"card_choices":[{"not_picked":["Skewer","Heel Hook"],"picked":"Acrobatics","floor":1.0},{"not_picked":["Bane","Outmaneuver","Cloak And Dagger"],"picked":"SKIP","floor":2.0},{"not_picked":["Bane","Slice"],"picked":"Riddle With Holes","floor":3.0},{"not_picked":["Flechettes","Bane"],"picked":"Prepared","floor":4.0},{"not_picked":["Underhanded Strike","Burst"],"picked":"Leg Sweep","floor":6.0},{"not_picked":["Cloak And Dagger","Outmaneuver"],"picked":"Slice","floor":7},{"not_picked":["Backstab","Blade Dance"],"picked":"Dagger Spray","floor":8},{"not_picked":["Skewer","Quick Slash"],"picked":"Footwork","floor":12},{"not_picked":["Eviscerate","Finisher"],"picked":"Tactician","floor":13}],"player_experience":477085,"relics_obtained":[{"floor":6.0,"key":"MawBank"},{"floor":9,"key":"Pen Nib"}],"event_choices":[{"damage_healed":0.0,"max_hp_gain":0.0,"max_hp_loss":0.0,"gold_gain":75.0,"event_name":"World of Goop","player_choice":"Gather Gold","floor":5.0,"gold_loss":0.0,"damage_taken":11.0},{"cards_removed":["Strike_G"],"damage_healed":0,"gold_gain":0,"player_choice":"Offered Basic","damage_taken":0,"max_hp_gain":0,"max_hp_loss":0,"event_name":"Bonfire Elementals","floor":11,"gold_loss":0}],"is_beta":false,"boss_relics":[],"items_purged_floors":[],"is_endless":false,"potions_floor_spawned":[1,3,6,8],"killed_by":"Lagavulin","ascension_level":12}