{"gold_per_floor":[113,124,142,160,160,160,173,184,184,194,194,212,212,9,9,109,109,125,142,156,167,187,187,204,204,204,29,29,47,66,79,79,179,179,194,206,251,151,168,168,168,168,168,0,0,10,10,20,20,20],"floor_reached":51,"playtime":2353,"items_purged":["Strike_G","Defend_G"],"score":874,"play_id":"53b2e136-8ba5-4e7c-8284-bad21024b618","local_time":"20181021102747","is_ascension_mode":false,"campfire_choices":[{"data":"Well Laid Plans","floor":6,"key":"SMITH"},{"data":"Footwork","floor":11,"key":"SMITH"},{"data":"Burst","floor":13,"key":"SMITH"},{"data":"Catalyst","floor":15,"key":"SMITH"},{"data":"Deadly Poison","floor":23,"key":"SMITH"},{"data":"Noxious Fumes","floor":25,"key":"SMITH"},{"data":"Apotheosis","floor":28,"key":"SMITH"},{"data":"Wraith Form v2","floor":32,"key":"SMITH"},{"data":"Malaise","floor":40,"key":"SMITH"},{"data":"Leg Sweep","floor":42,"key":"SMITH"},{"data":"Leg Sweep","floor":45,"key":"SMITH"},{"data":"Leg Sweep","floor":47,"key":"SMITH"},{"data":"Corpse Explosion","floor":49,"key":"SMITH"}],"neow_cost":"PERCENT_DAMAGE","seed_source_timestamp":6736318126400,"circlet_count":0,"master_deck":["Defend_G","Defend_G","Defend_G","Strike_G","Strike_G","Survivor","Neutralize","Backstab","Well Laid Plans+1","Footwork+1","Leg Sweep+1","Leg Sweep+1","Burst+1","Deadly Poison+1","Catalyst+1","Corpse Explosion+1","Leg Sweep+1","Backflip","Noxious Fumes+1","Apotheosis+1","Wraith Form v2+1","Malaise+1","Backflip+1","Outmaneuver+1","Backflip+1"],"relics":["Ring of the Snake","Letter Opener","Lizard Tail","Pantograph","Cursed Key","Ice Cream","Red Mask"],"potions_floor_usage":[21,29,50],"damage_taken":[{"damage":1,"enemies":"Cultist","floor":1,"turns":4},{"damage":12,"enemies":"Jaw Worm","floor":2,"turns":4},{"damage":0,"enemies":"Small Slimes","floor":3,"turns":3},{"damage":0,"enemies":"3 Louse","floor":4,"turns":5},{"damage":0,"enemies":"Large Slime","floor":7,"turns":9},{"damage":4,"enemies":"Exordium Wildlife","floor":8,"turns":10},{"damage":0,"enemies":"3 Louse","floor":10,"turns":4},{"damage":0,"enemies":"Looter","floor":12,"turns":4},{"damage":0,"enemies":"The Guardian","floor":16,"turns":3},{"damage":0,"enemies":"Shell Parasite","floor":18,"turns":5},{"damage":0,"enemies":"Chosen","floor":19,"turns":5},{"damage":0,"enemies":"Centurion and Healer","floor":20,"turns":12},{"damage":0,"enemies":"Cultist and Chosen","floor":21,"turns":5},{"damage":0,"enemies":"Snake Plant","floor":22,"turns":3},{"damage":0,"enemies":"Centurion and Healer","floor":24,"turns":7},{"damage":10,"enemies":"Sentry and Sphere","floor":29,"turns":6},{"damage":2,"enemies":"3 Cultists","floor":30,"turns":3},{"damage":0,"enemies":"Snake Plant","floor":31,"turns":5},{"damage":0,"enemies":"Champ","floor":33,"turns":7},{"damage":0,"enemies":"3 Shapes","floor":35,"turns":3},{"damage":0,"enemies":"Orb Walker","floor":36,"turns":4},{"damage":0,"enemies":"2 Orb Walkers","floor":37,"turns":5},{"damage":0,"enemies":"3 Darklings","floor":39,"turns":5},{"damage":0,"enemies":"Transient","floor":46,"turns":5},{"damage":0,"enemies":"Maw","floor":48,"turns":4},{"damage":0,"enemies":"Awakened One","floor":50,"turns":26}],"seed_played":"1515306534897603118","potions_obtained":[{"floor":2,"key":"Strength Potion"},{"floor":4,"key":"Explosive Potion"},{"floor":8,"key":"SkillPotion"},{"floor":19,"key":"Energy Potion"},{"floor":22,"key":"SmokeBomb"},{"floor":29,"key":"GamblersBrew"}],"is_trial":false,"path_per_floor":["M","M","M","M","?","R","M","M","T","M","R","M","R","$","R","B",null,"M","M","M","M","M","R","M","R","T","$","R","M","M","M","R","B",null,"M","M","?","$","M","R","T","R","T","?","R","M","R","M","R","B"],"character_chosen":"THE_SILENT","items_purchased":["Deadly Poison","Catalyst","Apotheosis"],"campfire_rested":0,"item_purchase_floors":[14,14,27],"current_hp_per_floor":[48,36,36,36,29,29,29,25,25,25,25,25,25,25,25,25,70,70,70,70,70,70,70,70,70,70,70,70,60,58,58,58,70,70,70,70,70,70,70,70,70,70,70,70,70,70,70,70,70,70],"gold":20,"neow_bonus":"REMOVE_TWO","is_prod":false,"is_daily":false,"chose_seed":false,"campfire_upgraded":13,"win_rate":0,"timestamp":1540088867,"path_taken":["M","M","M","M","?","R","M","M","T","M","R","M","R","$","R","BOSS","M","M","M","M","M","R","M","R","T","$","R","M","M","M","R","BOSS","M","M","?","$","M","R","?","R","T","?","R","M","R","M","R","BOSS"],"build_version":"2018-10-18","purchased_purges":2,"victory":true,"max_hp_per_floor":[70,70,70,70,70,70,70,70,70,70,70,70,70,70,70,70,70,70,70,70,70,70,70,70,70,70,70,70,70,70,70,70,70,70,70,70,70,70,70,70,70,70,70,70,70,70,70,70,70,70],"card_choices":[{"not_picked":["Underhanded Strike","Distraction"],"picked":"Backstab","floor":1},{"not_picked":["Sucker Punch","Backflip"],"picked":"Well Laid Plans","floor":2},{"not_picked":["Endless Agony","PiercingWail"],"picked":"Footwork","floor":3},{"not_picked":["Cloak And Dagger","Blade Dance","Endless Agony"],"picked":"SKIP","floor":4},{"not_picked":["Masterful Stab","Bane"],"picked":"Leg Sweep","floor":7},{"not_picked":["Choke","Sucker Punch","Underhanded Strike"],"picked":"SKIP","floor":8},{"not_picked":["Bane","Deflect"],"picked":"Leg Sweep","floor":10},{"not_picked":["Backflip","Accuracy"],"picked":"Burst","floor":12},{"not_picked":["Envenom","Unload"],"picked":"Corpse Explosion","floor":16},{"not_picked":["Dagger Spray","Accuracy","Setup"],"picked":"SKIP","floor":18},{"not_picked":["Underhanded Strike","Deflect"],"picked":"Leg Sweep","floor":19},{"not_picked":["Eviscerate+1","Blur","Bouncing Flask"],"picked":"SKIP","floor":20},{"not_picked":["Acrobatics","Slice"],"picked":"Backflip","floor":21},{"not_picked":["Underhanded Strike","Distraction","Eviscerate"],"picked":"SKIP","floor":22},{"not_picked":["Prepared","Slice+1"],"picked":"Noxious Fumes","floor":24},{"not_picked":["Choke","Infinite Blades","Outmaneuver+1"],"picked":"SKIP","floor":29},{"not_picked":["Flying Knee","Dagger Throw"],"picked":"Wraith Form v2","floor":30},{"not_picked":["Flechettes+1","Reflex+1","Poisoned Stab"],"picked":"SKIP","floor":31},{"not_picked":["Doppelganger","Envenom"],"picked":"Malaise","floor":33},{"not_picked":["Dagger Spray+1","Bane","Deadly Poison"],"picked":"SKIP","floor":35},{"not_picked":["Bane+1","Riddle With Holes"],"picked":"Backflip+1","floor":36},{"not_picked":["PiercingWail+1","Dagger Throw+1"],"picked":"Outmaneuver+1","floor":39},{"not_picked":["Bane","Masterful Stab","Sucker Punch+1"],"picked":"SKIP","floor":46},{"not_picked":["Deadly Poison+1","Flying Knee+1"],"picked":"Backflip+1","floor":48}],"player_experience":439730,"relics_obtained":[{"floor":9,"key":"Letter Opener"},{"floor":26,"key":"Pantograph"},{"floor":37,"key":"Ice Cream"}],"event_choices":[{"cards_removed":["Strike_G"],"damage_healed":0,"gold_gain":0,"player_choice":"Card Removal","damage_taken":7,"max_hp_gain":0,"max_hp_loss":0,"event_name":"Golden Wing","floor":5,"gold_loss":0},{"damage_healed":0,"gold_gain":0,"player_choice":"Fight","damage_taken":0,"max_hp_gain":0,"max_hp_loss":0,"event_name":"Mysterious Sphere","floor":37,"gold_loss":0},{"damage_healed":0,"gold_gain":0,"player_choice":"Paid","damage_taken":0,"relics_obtained":["Red Mask"],"max_hp_gain":0,"max_hp_loss":0,"event_name":"Tomb of Lord Red Mask","floor":44,"gold_loss":168}],"is_beta":false,"boss_relics":[{"not_picked":["Ectoplasm","White Beast Statue"],"picked":"Lizard Tail"},{"not_picked":["Eternal Feather","Philosopher\u0027s Stone"],"picked":"Cursed Key"}],"items_purged_floors":[14,38],"is_endless":false,"potions_floor_spawned":[2,4,8,10,16,19,22,29,31,33,36,48],"ascension_level":0}