{"gold_per_floor":[109,39,56,75,75,75,105,115,142,23,23,42,60,75,75,152,152,162,87,87,107,7,7,7,7,61,61,76,103,103,117,117,191,191,202,215,215,56,71,71,89,102,102,121,149,149,129,164,164,164],"floor_reached":51,"playtime":1964,"items_purged":["Strike_B","Strike_B","Sunder"],"score":1507,"play_id":"bda7724b-14a0-401f-a7ec-f05fb8db2f33","local_time":"20181010233817","is_ascension_mode":true,"campfire_choices":[{"data":"Zap","floor":6.0,"key":"SMITH"},{"data":"Defragment","floor":11.0,"key":"SMITH"},{"floor":15.0,"key":"REST"},{"data":"Defragment","floor":23.0,"key":"SMITH"},{"data":"Defragment","floor":27.0,"key":"SMITH"},{"data":"Double Energy","floor":30.0,"key":"SMITH"},{"data":"Seek","floor":32.0,"key":"SMITH"},{"data":"Defragment","floor":40.0,"key":"SMITH"},{"data":"Blizzard","floor":46.0,"key":"SMITH"},{"data":"Ghostly","floor":49.0,"key":"SMITH"}],"neow_cost":"NONE","seed_source_timestamp":724890880385879,"circlet_count":0,"master_deck":["Strike_B+1","Defend_B+1","Defend_B","Defend_B","Zap+1","Dualcast+1","AscendersBane","Seek+1","Hologram","Defragment+1","Gash","Defragment+1","Defragment+1","Conserve Battery","Double Energy+1","Cold Snap","Echo Form","Ball Lightning","Seek","Sunder","Ghostly+1","Ghostly","Ghostly","Ghostly","Ghostly","Chill+1","Thunder Strike","Tempest+1","Defragment+1","Loop","Glacier","Blizzard+1"],"special_seed":0,"relics":["Cracked Core","Bronze Scales","Art of War","Coffee Dripper","Tiny Chest","Bag of Preparation","Sozu","Emotion Chip","Ancient Tea Set","Torii"],"potions_floor_usage":[],"damage_taken":[{"damage":0.0,"enemies":"Jaw Worm","floor":1.0,"turns":3.0},{"damage":0.0,"enemies":"Small Slimes","floor":3.0,"turns":3.0},{"damage":0.0,"enemies":"Cultist","floor":4.0,"turns":3.0},{"damage":11.0,"enemies":"Gremlin Nob","floor":7.0,"turns":3.0},{"damage":5.0,"enemies":"Red Slaver","floor":8.0,"turns":3.0},{"damage":13.0,"enemies":"Blue Slaver","floor":12.0,"turns":3.0},{"damage":0.0,"enemies":"2 Fungi Beasts","floor":13.0,"turns":4.0},{"damage":8.0,"enemies":"3 Louse","floor":14.0,"turns":2.0},{"damage":0.0,"enemies":"Slime Boss","floor":16.0,"turns":10.0},{"damage":12.0,"enemies":"Chosen","floor":18.0,"turns":4.0},{"damage":12.0,"enemies":"Shell Parasite","floor":21.0,"turns":4.0},{"damage":3.0,"enemies":"Snake Plant","floor":28.0,"turns":4.0},{"damage":0.0,"enemies":"Gremlin Leader","floor":29.0,"turns":7.0},{"damage":0.0,"enemies":"Snecko","floor":31.0,"turns":5.0},{"damage":23.0,"enemies":"Collector","floor":33.0,"turns":10.0},{"damage":0.0,"enemies":"3 Shapes","floor":35.0,"turns":6.0},{"damage":0.0,"enemies":"Orb Walker","floor":36.0,"turns":4.0},{"damage":0.0,"enemies":"3 Darklings","floor":39.0,"turns":5.0},{"damage":5.0,"enemies":"Sphere and 2 Shapes","floor":41.0,"turns":4.0},{"damage":0.0,"enemies":"4 Shapes","floor":42.0,"turns":5.0},{"damage":0.0,"enemies":"Maw","floor":44.0,"turns":7.0},{"damage":17.0,"enemies":"2 Orb Walkers","floor":45.0,"turns":5.0},{"damage":2.0,"enemies":"Giant Head","floor":48.0,"turns":10.0},{"damage":0,"enemies":"Donu and Deca","floor":50,"turns":13}],"seed_played":"-7404330723290657175","potions_obtained":[{"floor":4.0,"key":"Fire Potion"},{"floor":8.0,"key":"Dexterity Potion"},{"floor":16.0,"key":"Poison Potion"}],"is_trial":false,"path_per_floor":["M","$","M","M","?","R","E","M","T","$","R","M","M","M","R","B",null,"M","$","?","M","$","R","$","?","T","R","M","E","R","M","R","B",null,"M","M","?","$","M","R","M","M","T","M","E","R","?","E","R","B"],"character_chosen":"DEFECT","items_purchased":["Defragment","Defragment","Conserve Battery","Defragment"],"campfire_rested":1,"item_purchase_floors":[2,10,10,38],"current_hp_per_floor":[64,64,64,64,43,43,32,27,27,27,27,14,14,6,27,27,60,48,48,48,36,36,36,36,35,35,35,32,32,32,32,32,9,29,29,29,29,29,29,29,24,24,24,24,7,7,7,5,5,5],"gold":164,"neow_bonus":"ONE_RANDOM_RARE_CARD","is_prod":false,"is_daily":false,"chose_seed":false,"campfire_upgraded":9,"win_rate":0,"timestamp":1539185897,"path_taken":["M","$","M","M","?","R","E","?","T","$","R","M","?","M","R","BOSS","M","$","?","M","$","R","?","?","T","R","?","E","R","M","R","BOSS","M","M","?","$","?","R","M","?","T","M","E","R","?","E","R","BOSS"],"build_version":"2018-10-04v2","purchased_purges":3,"victory":true,"max_hp_per_floor":[71,71,71,71,71,71,71,71,71,71,71,71,71,71,71,71,71,71,71,71,71,71,71,71,35,35,35,35,35,35,35,35,35,35,35,35,35,35,35,35,35,35,35,35,35,35,35,35,35,35],"card_choices":[{"not_picked":["Coolheaded","Rebound"],"picked":"Hologram","floor":1.0},{"not_picked":["Go for the Eyes","Cold Snap"],"picked":"Sunder","floor":3.0},{"not_picked":["Rebound","Compile Driver","Rip and Tear"],"picked":"SKIP","floor":4.0},{"not_picked":["Compile Driver","Turbo"],"picked":"Gash","floor":7.0},{"not_picked":["Tempest","Lockon"],"picked":"Defragment","floor":8.0},{"not_picked":["Conserve Battery","Multi-Cast","Static Discharge"],"picked":"SKIP","floor":12.0},{"not_picked":["Hello World","Undo"],"picked":"Double Energy","floor":13.0},{"not_picked":["Rebound","Gash"],"picked":"Cold Snap","floor":14.0},{"not_picked":["Amplify","Rainbow"],"picked":"Echo Form","floor":16.0},{"not_picked":["Recycle","Hello World"],"picked":"Ball Lightning","floor":18.0},{"not_picked":["Redo","Chaos","Stack"],"picked":"SKIP","floor":21.0},{"not_picked":["Blizzard","Cold Snap"],"picked":"Chill+1","floor":28.0},{"not_picked":["Steam","Scrape","Undo"],"picked":"SKIP","floor":29.0},{"not_picked":["Chill","Gash","Compile Driver"],"picked":"SKIP","floor":31.0},{"not_picked":["Rainbow","All For One"],"picked":"Thunder Strike","floor":33.0},{"not_picked":["Beam Cell","Barrage","Stack"],"picked":"SKIP","floor":35.0},{"not_picked":["Lockon","Leap"],"picked":"Tempest+1","floor":36.0},{"not_picked":["Barrage","Tempest"],"picked":"Loop","floor":39.0},{"not_picked":["Ball Lightning","Streamline+1"],"picked":"Glacier","floor":41.0},{"not_picked":["Redo","Streamline","Force Field"],"picked":"SKIP","floor":42.0},{"not_picked":["Gash","Coolheaded"],"picked":"Blizzard","floor":44.0},{"not_picked":["Recycle","Stack+1","Ball Lightning"],"picked":"SKIP","floor":45.0},{"not_picked":["Barrage+1","Auto Shields+1","Lockon"],"picked":"SKIP","floor":48.0}],"player_experience":276569,"relics_obtained":[{"floor":7.0,"key":"Bronze Scales"},{"floor":9.0,"key":"Art of War"},{"floor":26.0,"key":"Tiny Chest"},{"floor":29.0,"key":"Bag of Preparation"},{"floor":43.0,"key":"Emotion Chip"},{"floor":45.0,"key":"Ancient Tea Set"},{"floor":48.0,"key":"Torii"}],"event_choices":[{"event_name":"Shining Light","player_choice":"Entered Light","floor":5.0,"damage_taken":0.0},{"event_name":"Drug Dealer","player_choice":"Became Test Subject","floor":20.0,"damage_taken":0.0},{"event_name":"Ghosts","player_choice":"Became a Ghost","floor":25.0,"damage_taken":0.0},{"event_name":"Upgrade Shrine","player_choice":"Upgraded","floor":37.0,"damage_taken":0.0},{"event_name":"The Woman in Blue","player_choice":"Bought 1 Potion","floor":47.0,"damage_taken":0.0}],"is_beta":false,"boss_relics":[{"not_picked":["FrozenCore","Runic Pyramid"],"picked":"Coffee Dripper"},{"not_picked":["Velvet Choker","Empty Cage"],"picked":"Sozu"}],"items_purged_floors":[19,22,38],"is_endless":false,"potions_floor_spawned":[4,8,16,28,29,39,41,45,48],"ascension_level":15}