{"gold_per_floor":[112,112,37,37,51,51,51,64,89,152,152,152],"floor_reached":12,"playtime":275,"items_purged":["Defend_B"],"score":152,"play_id":"d3596308-0e57-459f-a54f-3e98ffcfaca7","local_time":"20190109203821","is_ascension_mode":true,"campfire_choices":[{"data":"Dualcast","floor":6,"key":"SMITH"},{"data":"Sunder","floor":11,"key":"SMITH"}],"neow_cost":"TEN_PERCENT_HP_LOSS","seed_source_timestamp":30891977948304,"circlet_count":0,"master_deck":["AscendersBane","Strike_B","Defend_B","Defend_B","Zap","Dualcast+1","Coolheaded","Recycle","Sunder+1"],"special_seed":0,"relics":["Cracked Core","Blood Vial","Tiny Chest"],"potions_floor_usage":[10],"damage_taken":[{"damage":0.0,"enemies":"2 Louse","floor":1.0,"turns":2.0},{"damage":1,"enemies":"Cultist","floor":5,"turns":3},{"damage":0,"enemies":"Jaw Worm","floor":8,"turns":3},{"damage":56,"enemies":"3 Sentries","floor":10,"turns":9},{"damage":8,"enemies":"Large Slime","floor":12,"turns":3}],"seed_played":"-2318571276114710569","potions_obtained":[{"floor":1.0,"key":"FocusPotion"}],"is_trial":false,"path_per_floor":["M","?","$","?","M","R","$","M","T","E","R","M"],"character_chosen":"DEFECT","items_purchased":[],"campfire_rested":0,"item_purchase_floors":[],"current_hp_per_floor":[64,64,64,64,63,63,63,63,63,8,8,2],"gold":152,"neow_bonus":"REMOVE_TWO","is_prod":false,"is_daily":false,"chose_seed":false,"campfire_upgraded":2,"win_rate":0,"timestamp":1547037501,"path_taken":["M","?","$","?","M","R","$","M","T","E","R","?"],"build_version":"2019-01-03v4","purchased_purges":1,"victory":false,"max_hp_per_floor":[64,64,64,64,64,64,64,64,64,64,64,64],"card_choices":[{"not_picked":["Cold Snap","Go for the Eyes","Fusion"],"picked":"SKIP","floor":1.0},{"not_picked":["Compile Driver","Self Repair"],"picked":"Coolheaded","floor":5},{"not_picked":["BootSequence","Compile Driver"],"picked":"Recycle","floor":8},{"not_picked":["Reinforced Body","Compile Driver"],"picked":"Sunder","floor":10}],"player_experience":1890963,"relics_obtained":[{"floor":9,"key":"Blood Vial"},{"floor":10,"key":"Tiny Chest"}],"event_choices":[{"cards_removed":["Strike_B"],"damage_healed":0,"gold_gain":0,"player_choice":"Forget","damage_taken":0,"max_hp_gain":0,"max_hp_loss":0,"event_name":"Living Wall","floor":2,"gold_loss":0},{"cards_removed":["Strike_B"],"damage_healed":0,"gold_gain":0,"player_choice":"Purged","damage_taken":0,"max_hp_gain":0,"max_hp_loss":0,"event_name":"Purifier","floor":4,"gold_loss":0}],"is_beta":false,"boss_relics":[],"items_purged_floors":[3],"is_endless":false,"potions_floor_spawned":[1],"killed_by":"Large Slime","ascension_level":20}