{"gold_per_floor":[14,29,29,29,50,50,85,85,157,172,247,247,267,267,267,267],"floor_reached":16,"playtime":418,"items_purged":[],"score":200,"play_id":"0a00425f-2d02-454f-ad8e-3c66366cee21","local_time":"20190403005017","is_ascension_mode":true,"campfire_choices":[{"data":"Predator","floor":6.0,"key":"SMITH"},{"data":"Masterful Stab","floor":8.0,"key":"SMITH"},{"data":"Deadly Poison","floor":12.0,"key":"SMITH"},{"data":"Wraith Form v2","floor":15.0,"key":"SMITH"}],"neow_cost":"NO_GOLD","seed_source_timestamp":64313389822669,"circlet_count":0,"master_deck":["AscendersBane","Defend_G","Defend_G","Defend_G","Defend_G","Defend_G","Strike_G","Strike_G","Strike_G","Strike_G","Survivor","Neutralize","Wraith Form v2+1","Masterful Stab+1","Predator+1","Leg Sweep","Deadly Poison+1"],"special_seed":0,"relics":["Ring of the Snake","Golden Idol","Art of War","The Courier"],"potions_floor_usage":[16,16],"damage_taken":[{"damage":0.0,"enemies":"Small Slimes","floor":1.0,"turns":5.0},{"damage":2.0,"enemies":"Jaw Worm","floor":2.0,"turns":6.0},{"damage":0.0,"enemies":"2 Louse","floor":5.0,"turns":3.0},{"damage":3.0,"enemies":"Lagavulin","floor":7.0,"turns":7.0},{"damage":12.0,"enemies":"Exordium Wildlife","floor":10.0,"turns":5.0},{"damage":13.0,"enemies":"Lots of Slimes","floor":13.0,"turns":5.0},{"damage":9,"enemies":"Slime Boss","floor":16,"turns":6}],"seed_played":"-5667695823644164672","potions_obtained":[{"floor":1.0,"key":"PowerPotion"},{"floor":2.0,"key":"GhostInAJar"},{"floor":7.0,"key":"Swift Potion"},{"floor":13.0,"key":"EssenceOfSteel"}],"is_trial":false,"path_per_floor":["M","M","?","?","M","R","E","R","T","M","?","R","M","?","R","B"],"character_chosen":"THE_SILENT","items_purchased":[],"campfire_rested":0,"item_purchase_floors":[],"current_hp_per_floor":[59,57,50,50,50,50,47,47,47,35,24,24,11,11,11,2],"gold":267,"neow_bonus":"THREE_RARE_CARDS","is_prod":false,"is_daily":false,"chose_seed":false,"campfire_upgraded":4,"win_rate":0,"timestamp":1554223817,"path_taken":["M","M","?","?","M","R","E","R","T","?","?","R","M","?","R","BOSS"],"build_version":"2019-01-23","purchased_purges":0,"victory":false,"max_hp_per_floor":[66,66,66,60,60,60,60,60,60,60,60,60,60,60,60,60],"card_choices":[{"not_picked":["Night Terror","Unload"],"picked":"Wraith Form v2","floor":0.0},{"not_picked":["Backflip","Sucker Punch"],"picked":"Masterful Stab","floor":1.0},{"not_picked":["Outmaneuver","Quick Slash"],"picked":"Predator","floor":2.0},{"not_picked":["Quick Slash","Dodge and Roll"],"picked":"Leg Sweep","floor":5.0},{"not_picked":["Outmaneuver","Die Die Die","Acrobatics"],"picked":"SKIP","floor":7.0},{"not_picked":["Concentrate","Distraction"],"picked":"Deadly Poison","floor":10.0},{"not_picked":["Blade Dance","Slice","Underhanded Strike"],"picked":"SKIP","floor":13.0}],"player_experience":4030934,"relics_obtained":[{"floor":7.0,"key":"Art of War"},{"floor":9.0,"key":"The Courier"}],"event_choices":[{"cards_removed":["Strike_G"],"damage_healed":0.0,"max_hp_gain":0.0,"max_hp_loss":0.0,"gold_gain":0.0,"event_name":"Golden Wing","player_choice":"Card Removal","floor":3.0,"gold_loss":0.0,"damage_taken":7.0},{"damage_healed":0.0,"max_hp_gain":0.0,"max_hp_loss":6.0,"gold_gain":0.0,"event_name":"Golden Idol","player_choice":"Lose Max HP","floor":4.0,"gold_loss":0.0,"damage_taken":0.0,"relics_obtained":["Golden Idol"]},{"damage_healed":0.0,"max_hp_gain":0.0,"max_hp_loss":0.0,"gold_gain":75.0,"event_name":"World of Goop","player_choice":"Gather Gold","floor":11.0,"gold_loss":0.0,"damage_taken":11.0},{"damage_healed":0.0,"max_hp_gain":0.0,"max_hp_loss":0.0,"gold_gain":0.0,"event_name":"Dead Adventurer","player_choice":"Searched \u00270\u0027 times","floor":14.0,"gold_loss":0.0,"damage_taken":0.0}],"is_beta":false,"boss_relics":[],"items_purged_floors":[],"is_endless":false,"potions_floor_spawned":[1,2,7,13],"killed_by":"Slime Boss","ascension_level":20}