{"gold_per_floor":[17,17,37,37,37,68,68,40,95,113,123,123,16,35,35,35],"floor_reached":16,"playtime":449,"items_purged":[],"score":195,"play_id":"bac70a7a-39ed-44a0-8ed8-d99549410836","local_time":"20181115194732","is_ascension_mode":true,"campfire_choices":[{"floor":7,"key":"REST"},{"data":"Deadly Poison","floor":12,"key":"SMITH"},{"data":"Forethought","floor":15,"key":"SMITH"}],"neow_cost":"NO_GOLD","seed_source_timestamp":6648085398072,"circlet_count":0,"master_deck":["AscendersBane","Defend_G","Defend_G","Defend_G","Defend_G","Defend_G","Strike_G","Strike_G","Strike_G","Strike_G","Strike_G","Survivor","Neutralize+1","Grand Finale","Calculated Gamble+1","PiercingWail","Acrobatics","Deadly Poison+1","Forethought+1","Prepared"],"relics":["Ring of the Snake","Frozen Egg 2","Snake Skull"],"potions_floor_usage":[6,16],"damage_taken":[{"damage":10,"enemies":"Small Slimes","floor":1,"turns":5},{"damage":3,"enemies":"Cultist","floor":3,"turns":4},{"damage":39,"enemies":"3 Sentries","floor":6,"turns":16},{"damage":0,"enemies":"2 Louse","floor":10,"turns":3},{"damage":9,"enemies":"Red Slaver","floor":11,"turns":5},{"damage":1,"enemies":"2 Fungi Beasts","floor":14,"turns":3},{"damage":16,"enemies":"The Guardian","floor":16,"turns":8}],"seed_played":"-2926915569378157313","potions_obtained":[{"floor":1,"key":"Fire Potion"},{"floor":10,"key":"Weak Potion"}],"is_trial":false,"path_per_floor":["M","?","M","$","?","E","R","$","T","M","M","R","$","M","R","B"],"character_chosen":"THE_SILENT","items_purchased":["Acrobatics","Forethought"],"campfire_rested":1,"item_purchase_floors":[8,13],"current_hp_per_floor":[49,49,46,46,46,7,26,26,26,26,17,17,17,16,16,0],"gold":35,"neow_bonus":"THREE_RARE_CARDS","is_prod":false,"is_daily":false,"chose_seed":false,"campfire_upgraded":2,"win_rate":0,"timestamp":1542282452,"path_taken":["M","?","?","?","?","E","R","$","T","M","M","R","$","M","R","BOSS"],"build_version":"2018-11-14","purchased_purges":0,"victory":false,"max_hp_per_floor":[66,66,66,66,66,66,66,66,66,66,66,66,66,66,66,66],"card_choices":[{"not_picked":["Venomology","Unload"],"picked":"Grand Finale","floor":0},{"not_picked":["Riddle With Holes","Finisher","Distraction"],"picked":"SKIP","floor":1},{"not_picked":["Infinite Blades","Dagger Throw"],"picked":"Calculated Gamble","floor":3},{"not_picked":["Flying Knee","Night Terror"],"picked":"PiercingWail","floor":6},{"not_picked":["Caltrops+1","Cloak And Dagger"],"picked":"Deadly Poison","floor":10},{"not_picked":["Endless Agony","Riddle With Holes","Flying Knee"],"picked":"SKIP","floor":11},{"not_picked":["Outmaneuver","Leg Sweep"],"picked":"Prepared","floor":14}],"player_experience":1063472,"relics_obtained":[{"floor":6,"key":"Frozen Egg 2"},{"floor":9,"key":"Snake Skull"}],"event_choices":[{"damage_healed":0,"gold_gain":0,"player_choice":"Forge","damage_taken":0,"max_hp_gain":0,"max_hp_loss":0,"event_name":"Accursed Blacksmith","floor":2,"gold_loss":0,"cards_upgraded":["Neutralize"]},{"damage_healed":0,"gold_gain":0,"player_choice":"Upgraded","damage_taken":0,"max_hp_gain":0,"max_hp_loss":0,"event_name":"Upgrade Shrine","floor":5,"gold_loss":0,"cards_upgraded":["Calculated Gamble"]}],"is_beta":true,"boss_relics":[],"items_purged_floors":[],"is_endless":false,"potions_floor_spawned":[1,10],"killed_by":"The Guardian","ascension_level":19}