{"gold_per_floor":[112,132,143,143,143,177,191,31,31,31],"floor_reached":10,"playtime":199,"items_purged":["Strike_R"],"score":136,"play_id":"b8ff369d-4b4f-40b7-ab60-18d8f1e86478","local_time":"20190807031650","is_ascension_mode":true,"campfire_choices":[],"neow_cost":"NONE","seed_source_timestamp":54164304658404,"circlet_count":0,"master_deck":["AscendersBane","Strike_R","Strike_R","Strike_R","Defend_R","Defend_R","Defend_R","Defend_R","Bash","Havoc","Perfected Strike","Flex","Battle Trance","Shrug It Off","Pommel Strike"],"special_seed":0,"relics":["Lizard Tail","Golden Idol","Mummified Hand","Singing Bowl"],"potions_floor_usage":[6,7,10],"damage_taken":[{"damage":2.0,"enemies":"Cultist","floor":1.0,"turns":4.0},{"damage":3.0,"enemies":"2 Louse","floor":2.0,"turns":3.0},{"damage":16.0,"enemies":"Jaw Worm","floor":3.0,"turns":6.0},{"damage":56,"enemies":"Gremlin Nob","floor":6,"turns":5},{"damage":16,"enemies":"Blue Slaver","floor":7,"turns":4},{"damage":0,"enemies":"Gremlin Gang","floor":10,"turns":2}],"seed_played":"7213774364267347141","potions_obtained":[{"floor":2.0,"key":"BloodPotion"},{"floor":6,"key":"BloodPotion"},{"floor":7,"key":"Weak Potion"}],"is_trial":false,"path_per_floor":["M","M","M","?","?","E","M","$","T","M"],"character_chosen":"IRONCLAD","items_purchased":["Shrug It Off","Pommel Strike"],"campfire_rested":0,"item_purchase_floors":[8,8],"current_hp_per_floor":[66,63,47,40,40,1,2,2,2,2],"gold":31,"neow_bonus":"BOSS_RELIC","is_prod":false,"is_daily":false,"chose_seed":false,"campfire_upgraded":0,"win_rate":0,"timestamp":1565115410,"path_taken":["M","?","M","?","?","E","M","$","T","?"],"build_version":"2019-07-17","purchased_purges":1,"victory":false,"max_hp_per_floor":[75,75,75,75,68,68,68,68,68,68],"card_choices":[{"not_picked":["Headbutt","Iron Wave"],"picked":"Havoc","floor":1.0},{"not_picked":["Twin Strike","Clash","Heavy Blade"],"picked":"SKIP","floor":2.0},{"not_picked":["Thunderclap","Exhume"],"picked":"Perfected Strike","floor":3.0},{"not_picked":["Clash","Anger"],"picked":"Flex","floor":6},{"not_picked":["Clash","Sword Boomerang"],"picked":"Battle Trance","floor":7}],"player_experience":790037,"relics_obtained":[{"floor":6,"key":"Mummified Hand"},{"floor":9,"key":"Singing Bowl"}],"event_choices":[{"cards_removed":["Strike_R"],"damage_healed":0.0,"max_hp_gain":0.0,"max_hp_loss":0.0,"gold_gain":0.0,"event_name":"Golden Wing","player_choice":"Card Removal","floor":4.0,"gold_loss":0.0,"damage_taken":7.0},{"damage_healed":0.0,"max_hp_gain":0.0,"max_hp_loss":7.0,"gold_gain":0.0,"event_name":"Golden Idol","player_choice":"Lose Max HP","floor":5.0,"gold_loss":0.0,"damage_taken":0.0,"relics_obtained":["Golden Idol"]}],"is_beta":false,"boss_relics":[],"items_purged_floors":[8],"is_endless":false,"potions_floor_spawned":[2,6,7],"killed_by":"Gremlin Gang","ascension_level":20}