{"gold_per_floor":[115,115,31,31,31,65,65,83,83,83,95,95,95,108,108,179,179],"floor_reached":17,"playtime":434,"items_purged":[],"score":306,"play_id":"52b615db-09ca-484b-a178-2c2da1fe1df7","local_time":"20190416231556","is_ascension_mode":true,"campfire_choices":[{"data":"Noxious Fumes","floor":7,"key":"SMITH"},{"data":"Neutralize","floor":10,"key":"SMITH"},{"data":"Backflip","floor":12,"key":"SMITH"},{"floor":15,"key":"RECALL"}],"neow_cost":"NONE","seed_source_timestamp":65631698628390,"circlet_count":0,"master_deck":["AscendersBane","Defend_G","Defend_G","Defend_G","Defend_G","Defend_G","Strike_G","Strike_G","Strike_G","Strike_G","Survivor","Neutralize+1","Dagger Throw","Noxious Fumes+1","Backflip+1"],"special_seed":0,"relics":["Ring of the Snake","Happy Flower","Centennial Puzzle"],"potions_floor_usage":[16],"damage_taken":[{"damage":9,"enemies":"Jaw Worm","floor":1,"turns":6},{"damage":48,"enemies":"Gremlin Nob","floor":6,"turns":5},{"damage":0,"enemies":"Cultist","floor":8,"turns":4},{"damage":0,"enemies":"2 Louse","floor":11,"turns":3},{"damage":0,"enemies":"Blue Slaver","floor":14,"turns":5},{"damage":3,"enemies":"The Guardian","floor":16,"turns":12}],"seed_played":"-6959494770326489810","potions_obtained":[{"floor":8,"key":"SteroidPotion"},{"floor":11,"key":"GhostInAJar"}],"is_trial":false,"path_per_floor":["M","?","$","?","$","E","R","M","T","R","M","R","T","M","R","B",null],"character_chosen":"THE_SILENT","items_purchased":["Noxious Fumes"],"campfire_rested":0,"item_purchase_floors":[3],"current_hp_per_floor":[50,50,50,55,55,7,7,7,7,7,7,7,7,7,7,4,4],"gold":179,"neow_bonus":"RANDOM_COMMON_RELIC","is_prod":false,"is_daily":false,"chose_seed":false,"campfire_upgraded":3,"win_rate":0,"timestamp":1555427756,"path_taken":["M","?","?","?","?","E","R","M","T","R","M","R","?","?","R","BOSS"],"build_version":"2019-01-23","purchased_purges":0,"victory":false,"max_hp_per_floor":[66,66,66,71,71,71,71,71,71,71,71,71,71,71,71,71,71],"card_choices":[{"not_picked":["Dodge and Roll","Blade Dance"],"picked":"Dagger Throw","floor":1},{"not_picked":["Distraction","Quick Slash","Underhanded Strike"],"picked":"SKIP","floor":6},{"not_picked":["Distraction","Underhanded Strike"],"picked":"Backflip","floor":8},{"not_picked":["Underhanded Strike","Prepared","Deflect"],"picked":"SKIP","floor":11},{"not_picked":["Eviscerate","Infinite Blades","Prepared"],"picked":"SKIP","floor":14}],"player_experience":4331144,"relics_obtained":[{"floor":9,"key":"Centennial Puzzle"}],"event_choices":[{"cards_removed":["Strike_G"],"damage_healed":0,"gold_gain":0,"player_choice":"Purged","damage_taken":0,"max_hp_gain":0,"max_hp_loss":0,"event_name":"Purifier","floor":2,"gold_loss":0},{"damage_healed":0,"gold_gain":0,"player_choice":"Donut","damage_taken":0,"max_hp_gain":5,"max_hp_loss":0,"event_name":"Big Fish","floor":4,"gold_loss":0}],"is_beta":false,"boss_relics":[],"items_purged_floors":[],"is_endless":false,"potions_floor_spawned":[8,11],"ascension_level":20}