{"gold_per_floor":[114,124,134,153,164,164,164,176,252,268,193,219,219,238,238,333,333,349,367,112,128,144,144,177,203,203,203,237,237,257,291,291,394,394,407,424,374,394,414,444,444,133,156,156,188,204,204,238,238,336,336,355,305,322,272,27,52,69,101,126,140,159,171,191,223,223,323,323,333,349,367,317,37,52,68,18,47,63,96,96,115,130,130,232,232,245,255,274,286,303,333,283,293,326,344,356,376,395,245,245,342,342,360,310,325,342,360,387,402,252,279,229,242,255,270,281,281,381,381,391,411,422,435,447,461,491,504,533,547,582,594,612,623,623,725,725,739,749,763,780,798,831,677,695,727,738,750,766,780,795,795,896,896],"floor_reached":153,"playtime":5928,"items_purged":["Juggernaut","Barricade","Demon Form","Bludgeon","Dark Embrace","Berserk","Fiend Fire","Brutality+1","Immolate+1","Impervious+1","Double Tap+1","Reaper+1","Writhe","Parasite","Parasite","Inflame+1"],"score":4918,"play_id":"9d9e76bb-c5d1-4020-9534-e40ac5388587","local_time":"20181210225812","daily_mods":["Shiny","Heirloom","Flight"],"is_ascension_mode":false,"campfire_choices":[{"data":"Feed","floor":6,"key":"SMITH"},{"data":"Limit Break","floor":7,"key":"SMITH"},{"data":"Offering","floor":13,"key":"SMITH"},{"data":"1","floor":15,"key":"LIFT"},{"data":"2","floor":23,"key":"LIFT"},{"data":"3","floor":27,"key":"LIFT"},{"data":"Exhume","floor":29,"key":"SMITH"},{"data":"Flex","floor":32,"key":"SMITH"},{"data":"Seeing Red","floor":41,"key":"SMITH"},{"data":"Inflame","floor":44,"key":"SMITH"},{"data":"Reaper","floor":47,"key":"SMITH"},{"data":"Brutality","floor":49,"key":"SMITH"},{"data":"Immolate","floor":66,"key":"SMITH"},{"floor":80,"key":"REST"},{"floor":83,"key":"REST"},{"floor":100,"key":"REST"},{"floor":117,"key":"REST"},{"floor":134,"key":"REST"},{"floor":151,"key":"REST"}],"neow_cost":"","seed_source_timestamp":10463575359989,"circlet_count":0,"master_deck":["Feed+1","Limit Break+1","Exhume+1","Offering+1","Seeing Red+1","Dual Wield+1","Flex+1","Offering+1","Limit Break+1","Limit Break+1","Limit Break+1","Limit Break+1"],"relics":["Burning Blood","Gambling Chip","Self Forming Clay","Girya","Runic Pyramid","Strawberry","Thread and Needle","Smiling Mask","Darkstone Periapt","FossilizedHelix","Toxic Egg 2","Runic Cube","Boot","Singing Bowl","War Paint","Charon\u0027s Ashes","Dead Branch","Orrery","Membership Card","Bag of Marbles","Pear","Lee\u0027s Waffle","White Beast Statue","OrangePellets","Calling Bell","Oddly Smooth Stone","Question Card","Unceasing Top","DollysMirror","Philosopher\u0027s Stone","Red Mask","Black Star","ClockworkSouvenir","Busted Crown"],"potions_floor_usage":[16],"damage_taken":[{"damage":40,"enemies":"Small Slimes","floor":1,"turns":6},{"damage":19,"enemies":"2 Louse","floor":2,"turns":3},{"damage":14,"enemies":"Jaw Worm","floor":3,"turns":3},{"damage":22,"enemies":"Exordium Wildlife","floor":4,"turns":6},{"damage":28,"enemies":"Looter","floor":5,"turns":3},{"damage":20,"enemies":"Blue Slaver","floor":8,"turns":4},{"damage":21,"enemies":"2 Fungi Beasts","floor":10,"turns":4},{"damage":53,"enemies":"3 Sentries","floor":12,"turns":6},{"damage":17,"enemies":"Exordium Wildlife","floor":14,"turns":2},{"damage":29,"enemies":"Slime Boss","floor":16,"turns":8},{"damage":38,"enemies":"Shell Parasite","floor":18,"turns":6},{"damage":51,"enemies":"Spheric Guardian","floor":19,"turns":4},{"damage":7,"enemies":"Snecko","floor":21,"turns":2},{"damage":57,"enemies":"3 Cultists","floor":22,"turns":5},{"damage":73,"enemies":"Slavers","floor":24,"turns":4},{"damage":50,"enemies":"Book of Stabbing","floor":25,"turns":4},{"damage":35,"enemies":"Gremlin Leader","floor":28,"turns":4},{"damage":18,"enemies":"Cultist and Chosen","floor":30,"turns":3},{"damage":28,"enemies":"Book of Stabbing","floor":31,"turns":3},{"damage":32,"enemies":"Automaton","floor":33,"turns":3},{"damage":24,"enemies":"3 Darklings","floor":35,"turns":3},{"damage":6,"enemies":"Orb Walker","floor":36,"turns":2},{"damage":12,"enemies":"Jaw Worm Horde","floor":38,"turns":1},{"damage":13,"enemies":"Maw","floor":39,"turns":2},{"damage":7,"enemies":"Reptomancer","floor":40,"turns":2},{"damage":8,"enemies":"Nemesis","floor":45,"turns":3},{"damage":18,"enemies":"Writhing Mass","floor":46,"turns":2},{"damage":7,"enemies":"Reptomancer","floor":48,"turns":2},{"damage":71,"enemies":"Awakened One","floor":50,"turns":4},{"damage":12,"enemies":"Cultist","floor":52,"turns":1},{"damage":1,"enemies":"Jaw Worm","floor":54,"turns":2},{"damage":6,"enemies":"3 Sentries","floor":57,"turns":1},{"damage":6,"enemies":"Small Slimes","floor":58,"turns":1},{"damage":6,"enemies":"Gremlin Nob","floor":59,"turns":1},{"damage":6,"enemies":"Exordium Thugs","floor":61,"turns":1},{"damage":29,"enemies":"Red Slaver","floor":62,"turns":2},{"damage":7,"enemies":"Blue Slaver","floor":63,"turns":2},{"damage":6,"enemies":"Looter","floor":64,"turns":1},{"damage":13,"enemies":"3 Sentries","floor":65,"turns":2},{"damage":169,"enemies":"Hexaghost","floor":67,"turns":4},{"damage":12,"enemies":"3 Byrds","floor":69,"turns":1},{"damage":12,"enemies":"2 Thieves","floor":70,"turns":2},{"damage":6,"enemies":"Snecko","floor":71,"turns":1},{"damage":6,"enemies":"3 Cultists","floor":74,"turns":1},{"damage":6,"enemies":"Centurion and Healer","floor":75,"turns":1},{"damage":6,"enemies":"Gremlin Leader","floor":77,"turns":1},{"damage":0,"enemies":"Snecko","floor":78,"turns":2},{"damage":6,"enemies":"Slavers","floor":79,"turns":1},{"damage":6,"enemies":"Cultist and Chosen","floor":81,"turns":1},{"damage":6,"enemies":"Snake Plant","floor":82,"turns":1},{"damage":12,"enemies":"Champ","floor":84,"turns":1},{"damage":9,"enemies":"3 Shapes","floor":86,"turns":1},{"damage":6,"enemies":"3 Darklings","floor":87,"turns":1},{"damage":12,"enemies":"Maw","floor":88,"turns":1},{"damage":12,"enemies":"Writhing Mass","floor":89,"turns":1},{"damage":12,"enemies":"Transient","floor":90,"turns":1},{"damage":12,"enemies":"Giant Head","floor":91,"turns":1},{"damage":6,"enemies":"Spire Growth","floor":93,"turns":2},{"damage":12,"enemies":"Nemesis","floor":94,"turns":1},{"damage":12,"enemies":"3 Darklings","floor":95,"turns":1},{"damage":21,"enemies":"4 Shapes","floor":96,"turns":1},{"damage":6,"enemies":"Jaw Worm Horde","floor":97,"turns":1},{"damage":6,"enemies":"3 Darklings","floor":98,"turns":1},{"damage":56,"enemies":"Time Eater","floor":101,"turns":2},{"damage":6,"enemies":"Cultist","floor":103,"turns":1},{"damage":0,"enemies":"2 Louse","floor":105,"turns":1},{"damage":6,"enemies":"Small Slimes","floor":106,"turns":1},{"damage":6,"enemies":"Blue Slaver","floor":107,"turns":1},{"damage":0,"enemies":"Gremlin Nob","floor":108,"turns":2},{"damage":0,"enemies":"Exordium Wildlife","floor":109,"turns":1},{"damage":0,"enemies":"Lagavulin","floor":111,"turns":2},{"damage":6,"enemies":"Red Slaver","floor":113,"turns":1},{"damage":0,"enemies":"Blue Slaver","floor":114,"turns":1},{"damage":6,"enemies":"Looter","floor":115,"turns":1},{"damage":6,"enemies":"3 Louse","floor":116,"turns":1},{"damage":6,"enemies":"Slime Boss","floor":118,"turns":3},{"damage":0,"enemies":"Shell Parasite","floor":120,"turns":1},{"damage":0,"enemies":"3 Byrds","floor":121,"turns":1},{"damage":6,"enemies":"Cultist and Chosen","floor":122,"turns":1},{"damage":6,"enemies":"3 Cultists","floor":123,"turns":1},{"damage":6,"enemies":"Snake Plant","floor":124,"turns":1},{"damage":6,"enemies":"Centurion and Healer","floor":125,"turns":2},{"damage":12,"enemies":"Gremlin Leader","floor":126,"turns":1},{"damage":6,"enemies":"Shelled Parasite and Fungi","floor":127,"turns":1},{"damage":6,"enemies":"Slavers","floor":128,"turns":1},{"damage":6,"enemies":"Snake Plant","floor":129,"turns":1},{"damage":6,"enemies":"Masked Bandits","floor":130,"turns":1},{"damage":6,"enemies":"Centurion and Healer","floor":131,"turns":1},{"damage":6,"enemies":"Snecko","floor":132,"turns":1},{"damage":6,"enemies":"3 Cultists","floor":133,"turns":1},{"damage":6,"enemies":"Collector","floor":135,"turns":1},{"damage":6,"enemies":"Orb Walker","floor":137,"turns":1},{"damage":6,"enemies":"3 Darklings","floor":138,"turns":1},{"damage":6,"enemies":"Spire Growth","floor":139,"turns":1},{"damage":6,"enemies":"Writhing Mass","floor":140,"turns":1},{"damage":9,"enemies":"Sphere and 2 Shapes","floor":141,"turns":1},{"damage":6,"enemies":"Reptomancer","floor":142,"turns":1},{"damage":6,"enemies":"Transient","floor":144,"turns":2},{"damage":6,"enemies":"Giant Head","floor":145,"turns":1},{"damage":6,"enemies":"Spire Growth","floor":146,"turns":1},{"damage":0,"enemies":"Sphere and 2 Shapes","floor":147,"turns":1},{"damage":6,"enemies":"Transient","floor":148,"turns":2},{"damage":9,"enemies":"4 Shapes","floor":149,"turns":2},{"damage":6,"enemies":"3 Darklings","floor":150,"turns":1},{"damage":6,"enemies":"Donu and Deca","floor":152,"turns":1}],"seed_played":"2412373161776516835","potions_obtained":[{"floor":2,"key":"EntropicBrew"},{"floor":8,"key":"FearPotion"},{"floor":12,"key":"Explosive Potion"},{"floor":16,"key":"Ancient Potion"},{"floor":90,"key":"EntropicBrew"}],"is_trial":true,"path_per_floor":["M","M","M","M","M","R","R","M","T","M","$","E","R","M","R","B",null,"M","M","$","M","M","R","E","E","T","R","E","R","M","E","R","B",null,"M","M","$","M","M","E","R","$","T","R","E","M","R","E","R","B",null,"M","$","M","$","$","E","M","E","T","M","M","M","M","E","R","B",null,"M","M","M","$","$","M","M","$","E","M","E","R","M","M","R","B",null,"M","M","M","M","M","E","$","M","E","M","M","M","M","$","R","B",null,"M","$","M","M","M","E","M","$","E","$","M","M","M","M","R","B",null,"M","M","M","M","M","M","E","M","E","M","?","M","M","M","R","B",null,"M","M","M","M","M","E","$","M","E","M","M","M","M","M","R","B",null],"character_chosen":"IRONCLAD","items_purchased":["Strawberry","Singing Bowl","Membership Card","Pear","Lee\u0027s Waffle","OrangePellets","DollysMirror","ClockworkSouvenir"],"campfire_rested":6,"item_purchase_floors":[20,42,56,73,73,99,110,143],"current_hp_per_floor":[56,57,52,46,35,35,35,57,57,58,58,19,19,28,28,31,136,137,100,107,110,156,156,149,169,169,169,160,160,191,195,195,199,199,203,207,207,207,204,215,215,215,215,215,220,214,214,232,232,181,257,263,263,269,269,269,275,285,291,291,301,284,287,293,300,300,143,337,345,349,355,355,384,398,408,408,414,420,434,434,444,450,450,450,456,467,472,472,472,490,490,490,502,502,502,505,519,525,525,552,508,576,582,582,592,602,608,614,624,621,627,624,630,636,642,656,656,664,664,670,684,694,708,712,722,722,732,746,752,766,776,782,796,802,808,808,814,820,826,832,843,849,849,855,861,867,884,890,905,911,914,924,924],"gold":896,"neow_bonus":"","is_prod":false,"is_daily":false,"chose_seed":false,"campfire_upgraded":10,"win_rate":0,"timestamp":1544453892,"path_taken":["M","M","M","M","M","R","R","M","T","M","$","E","R","M","R","BOSS","M","M","$","M","M","R","E","E","T","R","E","R","M","E","R","BOSS","M","M","$","M","M","E","R","$","T","R","E","M","R","E","R","BOSS","M","$","M","$","$","E","M","E","T","M","M","M","M","E","R","BOSS","M","M","M","$","$","M","M","$","E","M","E","R","M","M","R","BOSS","M","M","M","M","M","E","$","M","E","M","M","M","M","$","R","BOSS","M","$","M","M","M","E","M","$","E","$","M","M","M","M","R","BOSS","M","M","M","M","M","M","E","M","E","M","?","M","M","M","R","BOSS","M","M","M","M","M","E","$","M","E","M","M","M","M","M","R","BOSS"],"build_version":"2018-12-06","purchased_purges":16,"victory":false,"max_hp_per_floor":[86,92,95,101,104,104,104,108,108,116,116,124,124,128,128,136,136,140,144,151,155,163,163,175,179,179,179,183,183,191,195,195,199,199,203,207,207,207,211,215,215,215,215,215,221,227,227,233,233,247,257,263,263,269,269,269,275,285,291,291,301,307,311,317,331,331,337,337,351,361,367,367,384,398,408,408,414,420,434,434,444,450,450,456,456,470,472,478,484,490,496,496,502,508,514,532,546,552,552,552,558,576,582,582,592,602,608,614,624,621,627,624,630,636,642,656,656,664,664,670,684,694,708,712,722,728,738,752,758,772,782,788,802,802,808,808,814,820,826,832,846,852,852,858,864,870,884,890,908,914,914,924,924],"card_choices":[{"not_picked":["Twin Strike","Perfected Strike","Wild Strike"],"picked":"SKIP","floor":1},{"not_picked":["Body Slam","Shrug It Off","Heavy Blade"],"picked":"SKIP","floor":2},{"not_picked":["Shrug It Off","Juggernaut","Body Slam"],"picked":"SKIP","floor":3},{"not_picked":["Flame Barrier","Clash"],"picked":"Inflame","floor":4},{"not_picked":["Seeing Red","Uppercut","Dropkick"],"picked":"SKIP","floor":5},{"not_picked":["Uppercut","Dropkick"],"picked":"Seeing Red","floor":5},{"not_picked":["Flex","Reckless Charge","Havoc"],"picked":"SKIP","floor":8},{"not_picked":["Thunderclap","Reckless Charge","Cleave"],"picked":"SKIP","floor":10},{"not_picked":["True Grit","Evolve","Warcry"],"picked":"SKIP","floor":12},{"not_picked":["Disarm","Sentinel","Inflame"],"picked":"SKIP","floor":14},{"not_picked":["Inflame+1","Iron Wave"],"picked":"Dual Wield+1","floor":18},{"not_picked":["Cleave","Perfected Strike","Sentinel"],"picked":"SKIP","floor":19},{"not_picked":["Bloodletting","Wild Strike","Twin Strike"],"picked":"SKIP","floor":21},{"not_picked":["Warcry","True Grit","Iron Wave"],"picked":"SKIP","floor":22},{"not_picked":["Combust+1","Evolve","Cleave"],"picked":"SKIP","floor":24},{"not_picked":["Warcry","Clash+1","Headbutt"],"picked":"SKIP","floor":25},{"not_picked":["Pommel Strike","Burning Pact","Iron Wave+1"],"picked":"SKIP","floor":28},{"not_picked":["Corruption+1","Iron Wave"],"picked":"Flex","floor":30},{"not_picked":["Demon Form","Thunderclap","Carnage+1"],"picked":"SKIP","floor":31},{"not_picked":["Impervious+1","Dark Embrace"],"picked":"Offering+1","floor":33},{"not_picked":["Corruption","Perfected Strike+1","Anger+1"],"picked":"SKIP","floor":35},{"not_picked":["Clash","Warcry+1","Feel No Pain"],"picked":"SKIP","floor":36},{"not_picked":["Metallicize+1","Heavy Blade","Carnage+1"],"picked":"SKIP","floor":38},{"not_picked":["Pommel Strike","Armaments+1","Dropkick+1"],"picked":"SKIP","floor":39},{"not_picked":["True Grit+1","Clash","Anger+1"],"picked":"SKIP","floor":40},{"not_picked":["Flex+1","Shrug It Off+1","Sword Boomerang+1"],"picked":"Singing Bowl","floor":45},{"not_picked":["Evolve+1","Pommel Strike","Juggernaut"],"picked":"Singing Bowl","floor":46},{"not_picked":["Feel No Pain+1","Intimidate+1","Pommel Strike"],"picked":"Singing Bowl","floor":48},{"not_picked":["Reaper","Double Tap+1","Impervious+1"],"picked":"Singing Bowl","floor":50},{"not_picked":["Inflame","Fire Breathing","Pommel Strike+1"],"picked":"Singing Bowl","floor":51},{"not_picked":["Thunderclap+1","Blood for Blood","Fire Breathing"],"picked":"Singing Bowl","floor":51},{"not_picked":["Hemokinesis+1","Whirlwind+1","Infernal Blade+1"],"picked":"Singing Bowl","floor":51},{"not_picked":["Twin Strike","Sword Boomerang","Heavy Blade"],"picked":"Singing Bowl","floor":51},{"not_picked":["Juggernaut","Twin Strike","Seeing Red+1"],"picked":"Singing Bowl","floor":51},{"not_picked":["Uppercut","Sword Boomerang","Armaments+1"],"picked":"Singing Bowl","floor":52},{"not_picked":["Anger","Cleave","Inflame"],"picked":"Singing Bowl","floor":54},{"not_picked":["Evolve","Reckless Charge","Iron Wave"],"picked":"Singing Bowl","floor":57},{"not_picked":["Feel No Pain","Flex+1","Heavy Blade"],"picked":"Singing Bowl","floor":58},{"not_picked":["Havoc+1","Anger","Thunderclap"],"picked":"Singing Bowl","floor":59},{"not_picked":["Perfected Strike","Sword Boomerang","Pommel Strike"],"picked":"Singing Bowl","floor":61},{"not_picked":["Flame Barrier+1","Shrug It Off+1","Sword Boomerang"],"picked":"Singing Bowl","floor":62},{"not_picked":["Thunderclap","Feel No Pain"],"picked":"Limit Break+1","floor":63},{"not_picked":["Headbutt","Iron Wave","Pommel Strike"],"picked":"Singing Bowl","floor":64},{"not_picked":["Wild Strike","Pommel Strike","Seeing Red+1"],"picked":"Singing Bowl","floor":65},{"not_picked":["Bludgeon","Immolate","Juggernaut"],"picked":"Singing Bowl","floor":67},{"not_picked":["Iron Wave","Thunderclap","Intimidate+1"],"picked":"Singing Bowl","floor":69},{"not_picked":["Clash","Pummel+1","Burning Pact+1"],"picked":"Singing Bowl","floor":70},{"not_picked":["Flex+1","Fire Breathing+1","Burning Pact+1"],"picked":"Singing Bowl","floor":71},{"not_picked":["Warcry+1","Cleave+1","Iron Wave"],"picked":"Singing Bowl","floor":74},{"not_picked":["Sever Soul","Intimidate+1","Thunderclap+1"],"picked":"Singing Bowl","floor":75},{"not_picked":["Clothesline","Carnage","Infernal Blade+1"],"picked":"Singing Bowl","floor":77},{"not_picked":["Havoc+1","True Grit+1","Disarm+1"],"picked":"Singing Bowl","floor":78},{"not_picked":["Berserk","Entrench+1","Armaments+1"],"picked":"Singing Bowl","floor":79},{"not_picked":["Shrug It Off+1","Sever Soul","True Grit+1"],"picked":"Singing Bowl","floor":81},{"not_picked":["Pommel Strike","Headbutt+1","Havoc+1"],"picked":"Singing Bowl","floor":82},{"not_picked":["Barricade","Feed","Double Tap+1"],"picked":"Singing Bowl","floor":84},{"not_picked":["Sword Boomerang+1","Cleave","Warcry+1"],"picked":"Singing Bowl","floor":86},{"not_picked":["Heavy Blade","Inflame+1","Iron Wave+1"],"picked":"Singing Bowl","floor":87},{"not_picked":["Flex+1","True Grit+1","Heavy Blade"],"picked":"Singing Bowl","floor":88},{"not_picked":["Spot Weakness+1","Flex+1","Disarm+1"],"picked":"Singing Bowl","floor":89},{"not_picked":["Clash+1","Thunderclap","Bludgeon"],"picked":"Singing Bowl","floor":90},{"not_picked":["Power Through+1","Pommel Strike","Body Slam+1"],"picked":"Singing Bowl","floor":91},{"not_picked":["Wild Strike+1","Iron Wave","Armaments+1"],"picked":"Singing Bowl","floor":93},{"not_picked":["Bludgeon","Anger+1","Berserk"],"picked":"Singing Bowl","floor":94},{"not_picked":["Havoc+1","Flex+1","Thunderclap+1"],"picked":"Singing Bowl","floor":95},{"not_picked":["Battle Trance+1","Metallicize","Perfected Strike+1"],"picked":"Singing Bowl","floor":96},{"not_picked":["Anger+1","Sword Boomerang","Intimidate+1"],"picked":"Singing Bowl","floor":97},{"not_picked":["Thunderclap+1","Headbutt+1","Wild Strike"],"picked":"Singing Bowl","floor":98},{"not_picked":["Feed","Impervious+1","Exhume+1"],"picked":"Singing Bowl","floor":101},{"not_picked":["Warcry+1","Headbutt","Corruption","True Grit+1"],"picked":"Singing Bowl","floor":103},{"not_picked":["Infernal Blade+1","Sword Boomerang","Thunderclap","Ghostly Armor+1"],"picked":"Singing Bowl","floor":105},{"not_picked":["Searing Blow","Twin Strike","Shrug It Off+1","Anger"],"picked":"Singing Bowl","floor":106},{"not_picked":["Warcry+1","Twin Strike","Impervious+1","Sword Boomerang"],"picked":"Singing Bowl","floor":107},{"not_picked":["Dual Wield+1","Clash","Feel No Pain","Shrug It Off+1"],"picked":"Singing Bowl","floor":108},{"not_picked":["Inflame","Headbutt","Shrug It Off+1","Heavy Blade"],"picked":"Singing Bowl","floor":109},{"not_picked":["Juggernaut","Ghostly Armor+1","Flex+1","Armaments+1"],"picked":"Singing Bowl","floor":111},{"not_picked":["Uppercut","Searing Blow","Dropkick","Body Slam"],"picked":"Singing Bowl","floor":113},{"not_picked":["Searing Blow","Body Slam","Iron Wave","Clash"],"picked":"Singing Bowl","floor":114},{"not_picked":["Clash","Havoc+1","Anger","Impervious+1"],"picked":"Singing Bowl","floor":115},{"not_picked":["Pommel Strike","Flex+1","Clash","Dropkick"],"picked":"Singing Bowl","floor":116},{"not_picked":["Dark Embrace","Fiend Fire","Immolate"],"picked":"Limit Break+1","floor":118},{"not_picked":["Cleave","Armaments+1","Seeing Red+1","Sword Boomerang"],"picked":"Singing Bowl","floor":120},{"not_picked":["Intimidate+1","Havoc+1","Shrug It Off+1","Flame Barrier+1"],"picked":"Singing Bowl","floor":121},{"not_picked":["Armaments+1","Combust","Body Slam","Evolve"],"picked":"Singing Bowl","floor":122},{"not_picked":["Wild Strike+1","Flex+1","Sentinel+1","Shrug It Off+1"],"picked":"Singing Bowl","floor":123},{"not_picked":["Flex+1","Heavy Blade+1","Havoc+1"],"picked":"Limit Break+1","floor":124},{"not_picked":["Body Slam","Anger","Flex+1","Twin Strike"],"picked":"Singing Bowl","floor":125},{"not_picked":["Anger","Feed","Perfected Strike+1","Cleave"],"picked":"Singing Bowl","floor":126},{"not_picked":["Combust","Sword Boomerang","Havoc+1","Headbutt"],"picked":"Singing Bowl","floor":127},{"not_picked":["Thunderclap","Headbutt+1","Impervious+1","Clash"],"picked":"Singing Bowl","floor":128},{"not_picked":["Cleave","Sword Boomerang","Perfected Strike+1","Flex+1"],"picked":"Singing Bowl","floor":129},{"not_picked":["Flame Barrier+1","Clash","Anger","Havoc+1"],"picked":"Singing Bowl","floor":130},{"not_picked":["Pommel Strike","True Grit+1","Rage+1","Entrench+1"],"picked":"Singing Bowl","floor":131},{"not_picked":["Headbutt","Shrug It Off+1","Perfected Strike","Anger+1"],"picked":"Singing Bowl","floor":132},{"not_picked":["Feel No Pain","Cleave","Sentinel+1","Metallicize"],"picked":"Singing Bowl","floor":133},{"not_picked":["Reaper","Fiend Fire","Juggernaut","Offering+1"],"picked":"Singing Bowl","floor":135},{"not_picked":["Anger","Sword Boomerang+1","Body Slam+1","Seeing Red+1"],"picked":"Singing Bowl","floor":137},{"not_picked":["Wild Strike+1","True Grit+1","Metallicize+1","Second Wind+1"],"picked":"Singing Bowl","floor":138},{"not_picked":["Combust","Anger","Perfected Strike+1","Impervious+1"],"picked":"Singing Bowl","floor":139},{"not_picked":["Iron Wave","Infernal Blade+1","True Grit+1","Intimidate+1"],"picked":"Singing Bowl","floor":140},{"not_picked":["Twin Strike+1","Battle Trance+1","Dual Wield+1","Shrug It Off+1"],"picked":"Singing Bowl","floor":141},{"not_picked":["Second Wind+1","Iron Wave+1","Sever Soul+1","Hemokinesis"],"picked":"Singing Bowl","floor":142},{"not_picked":["Reaper","Sentinel+1","Heavy Blade+1","Clothesline"],"picked":"Singing Bowl","floor":144},{"not_picked":["Shockwave+1","Whirlwind+1","Cleave+1","Reckless Charge"],"picked":"Singing Bowl","floor":145},{"not_picked":["Perfected Strike+1","True Grit+1","Clash","Headbutt"],"picked":"Singing Bowl","floor":146},{"not_picked":["Clash+1","Combust","Warcry+1","Infernal Blade+1"],"picked":"Singing Bowl","floor":147},{"not_picked":["Twin Strike+1","Body Slam+1","Warcry+1","Blood for Blood+1"],"picked":"Singing Bowl","floor":148},{"not_picked":["Thunderclap+1","Wild Strike","Rupture+1","Second Wind+1"],"picked":"Singing Bowl","floor":149},{"not_picked":["Cleave","Ghostly Armor+1","Seeing Red+1","Shrug It Off+1"],"picked":"Singing Bowl","floor":150},{"not_picked":["Immolate","Juggernaut","Impervious+1","Offering+1"],"picked":"Singing Bowl","floor":152}],"player_experience":1203355,"relics_obtained":[{"floor":9,"key":"Self Forming Clay"},{"floor":12,"key":"Girya"},{"floor":24,"key":"Thread and Needle"},{"floor":25,"key":"Smiling Mask"},{"floor":26,"key":"Darkstone Periapt"},{"floor":28,"key":"FossilizedHelix"},{"floor":31,"key":"Toxic Egg 2"},{"floor":40,"key":"Boot"},{"floor":43,"key":"War Paint"},{"floor":45,"key":"Charon\u0027s Ashes"},{"floor":48,"key":"Dead Branch"},{"floor":60,"key":"Bag of Marbles"},{"floor":102,"key":"Oddly Smooth Stone"},{"floor":102,"key":"Question Card"},{"floor":102,"key":"Unceasing Top"},{"floor":130,"key":"Red Mask"}],"event_choices":[{"damage_healed":0,"gold_gain":0,"player_choice":"Fought Bandits","damage_taken":0,"max_hp_gain":0,"max_hp_loss":0,"event_name":"Masked Bandits","floor":130,"gold_loss":0}],"is_beta":false,"boss_relics":[{"not_picked":["Empty Cage","Coffee Dripper"],"picked":"Runic Pyramid"},{"not_picked":["Sozu","Snecko Eye"],"picked":"Runic Cube"},{"not_picked":["Lizard Tail","Black Blood"],"picked":"Orrery"},{"not_picked":["Ectoplasm","Runic Dome","Mark of Pain"]},{"not_picked":["Astrolabe","Tiny House"],"picked":"White Beast Statue"},{"not_picked":["Velvet Choker","Cursed Key"],"picked":"Calling Bell"},{"not_picked":["Velvet Choker","Tiny House"],"picked":"Philosopher\u0027s Stone"},{"not_picked":["Eternal Feather","Fusion Hammer"],"picked":"Black Star"},{"not_picked":["Sozu","Astrolabe"],"picked":"Busted Crown"}],"items_purged_floors":[11,20,37,42,53,55,56,72,73,76,92,99,104,110,112,143],"is_endless":true,"potions_floor_spawned":[2,8,12,16,19,22,28,31,38,39,45,50,54,58,62,63,67,71,77,78,79,84,86,87,88,89,90,91,93,94,95,96,97,98,101,103,105,106,107,108,109,111,113,114,115,116,118,120,121,122,123,124,125,126,127,128,129,130,131,132,133,135,137,138,139,140,141,142,144,145,146,147,148,149,150,152],"ascension_level":0}