{"gold_per_floor":[214,54,54,54,20,20,51,51,123,123,133,133,161,172,172,244,244,263,263,188,208,11,11,31,31,87,87,111,111],"floor_reached":29,"playtime":912,"items_purged":["Writhe"],"score":397,"play_id":"8c91e6d7-b9f8-4516-92e6-f4f4e81eadbb","local_time":"20181216131756","is_ascension_mode":true,"campfire_choices":[{"data":"Inflame","floor":6,"key":"SMITH"},{"data":"Panacea","floor":8,"key":"SMITH"},{"data":"Evolve","floor":10,"key":"SMITH"},{"data":"True Grit","floor":12,"key":"SMITH"},{"data":"Bash","floor":15,"key":"SMITH"},{"data":"Uppercut","floor":23,"key":"SMITH"}],"neow_cost":"NONE","seed_source_timestamp":5784680036998,"circlet_count":0,"master_deck":["AscendersBane","Strike_R","Strike_R","Strike_R","Strike_R","Strike_R","Defend_R","Defend_R","Defend_R","Defend_R","Bash+1","Anger","Evolve+1","Panacea+1","Inflame+1","Rage","True Grit+1","Burning Pact","Berserk","Power Through","Uppercut+1","Shrug It Off","Offering"],"relics":["Burning Blood","Dodecahedron","Torii","Meat on the Bone","Coffee Dripper","WingedGreaves","Membership Card","Tiny Chest","Omamori"],"potions_floor_usage":[13],"damage_taken":[{"damage":3,"enemies":"Small Slimes","floor":1,"turns":4},{"damage":32,"enemies":"3 Sentries","floor":7,"turns":8},{"damage":8,"enemies":"Jaw Worm","floor":11,"turns":4},{"damage":37,"enemies":"Gremlin Nob","floor":13,"turns":5},{"damage":2,"enemies":"Cultist","floor":14,"turns":4},{"damage":17,"enemies":"Hexaghost","floor":16,"turns":11},{"damage":36,"enemies":"Spheric Guardian","floor":18,"turns":6},{"damage":23,"enemies":"Shell Parasite","floor":21,"turns":7},{"damage":24,"enemies":"Centurion and Healer","floor":24,"turns":6},{"damage":59,"enemies":"3 Cultists","floor":29,"turns":6}],"seed_played":"7712343981136968429","potions_obtained":[{"floor":7,"key":"PowerPotion"},{"floor":16,"key":"Regen Potion"}],"is_trial":false,"path_per_floor":["M","$","?","?","$","R","E","R","T","R","M","R","E","M","R","B",null,"M","?","$","M","$","R","M","?","T","?","T","M"],"character_chosen":"IRONCLAD","items_purchased":["Evolve","Panacea","Inflame","Membership Card"],"campfire_rested":0,"item_purchase_floors":[2,2,5,22],"current_hp_per_floor":[71,71,66,71,71,71,45,45,45,45,43,43,12,28,28,29,67,49,49,49,44,44,44,38,38,38,38,38,0],"gold":111,"neow_bonus":"HUNDRED_GOLD","is_prod":false,"is_daily":false,"chose_seed":false,"campfire_upgraded":6,"win_rate":0,"timestamp":1544937476,"path_taken":["M","$","?","?","?","R","E","R","T","R","?","R","E","M","R","BOSS","M","?","$","M","$","R","M","?","T","?","?","M"],"build_version":"2018-12-13","purchased_purges":1,"victory":false,"max_hp_per_floor":[75,75,75,80,80,80,80,80,80,80,80,80,80,80,80,80,80,80,80,80,80,80,80,80,80,80,80,80,80],"card_choices":[{"not_picked":["Iron Wave","Sword Boomerang"],"picked":"Anger","floor":1},{"not_picked":["Heavy Blade","Wild Strike"],"picked":"Rage","floor":7},{"not_picked":["Seeing Red","Intimidate"],"picked":"True Grit","floor":11},{"not_picked":["Perfected Strike","True Grit"],"picked":"Burning Pact","floor":13},{"not_picked":["Headbutt","Body Slam","Rampage"],"picked":"SKIP","floor":14},{"not_picked":["Dark Embrace","Bludgeon"],"picked":"Berserk","floor":16},{"not_picked":["Perfected Strike+1","Burning Pact+1"],"picked":"Power Through","floor":18},{"not_picked":["Cleave","Twin Strike"],"picked":"Uppercut","floor":21},{"not_picked":["Havoc","Warcry"],"picked":"Shrug It Off","floor":24}],"player_experience":1277884,"relics_obtained":[{"floor":7,"key":"Torii"},{"floor":13,"key":"Meat on the Bone"},{"floor":26,"key":"Tiny Chest"},{"floor":28,"key":"Omamori"}],"event_choices":[{"damage_healed":0,"gold_gain":0,"player_choice":"Success","damage_taken":5,"relics_obtained":["Dodecahedron"],"max_hp_gain":0,"max_hp_loss":0,"event_name":"Scrap Ooze","floor":3,"gold_loss":0},{"damage_healed":0,"gold_gain":0,"player_choice":"Donut","damage_taken":0,"max_hp_gain":5,"max_hp_loss":0,"event_name":"Big Fish","floor":4,"gold_loss":0},{"damage_healed":0,"gold_gain":0,"player_choice":"Opened","damage_taken":0,"relics_obtained":["WingedGreaves"],"max_hp_gain":0,"max_hp_loss":0,"event_name":"The Mausoleum","floor":19,"gold_loss":0,"cards_obtained":["Writhe"]},{"damage_healed":0,"gold_gain":0,"player_choice":"Ignored","damage_taken":0,"max_hp_gain":0,"max_hp_loss":0,"event_name":"Beggar","floor":25,"gold_loss":0},{"damage_healed":0,"gold_gain":0,"player_choice":"Read","damage_taken":0,"max_hp_gain":0,"max_hp_loss":0,"event_name":"The Library","floor":27,"gold_loss":0,"cards_obtained":["Offering"]}],"is_beta":false,"boss_relics":[{"not_picked":["Cursed Key","Ectoplasm"],"picked":"Coffee Dripper"}],"items_purged_floors":[20],"is_endless":false,"potions_floor_spawned":[7,16],"killed_by":"3 Cultists","ascension_level":15}