{"gold_per_floor":[110,110,35,53,128,128,160,160,160,207,207,240,259,286,286,286],"floor_reached":16,"playtime":382,"items_purged":["Pain"],"score":282,"play_id":"d5b6573b-a1d5-4c05-9828-5a736243b4f7","local_time":"20190402100326","is_ascension_mode":true,"campfire_choices":[{"data":"Poisoned Stab","floor":6.0,"key":"SMITH"},{"data":"Neutralize","floor":8.0,"key":"SMITH"},{"data":"Calculated Gamble","floor":11.0,"key":"SMITH"},{"data":"Phantasmal Killer","floor":15,"key":"SMITH"}],"neow_cost":"NONE","seed_source_timestamp":11267841855237,"circlet_count":0,"master_deck":["AscendersBane","Defend_G","Defend_G","Defend_G","Defend_G","Defend_G","Strike_G","Strike_G","Strike_G","Strike_G","Strike_G","Survivor","Neutralize+1","Poisoned Stab+1","Infinite Blades","Calculated Gamble+1","Phantasmal Killer+1","Poisoned Stab+1","Adrenaline"],"special_seed":0,"relics":["Ring of the Snake","NeowsBlessing","WarpedTongs","Molten Egg 2","Blue Candle","Centennial Puzzle","Potion Belt","Sundial"],"potions_floor_usage":[14],"damage_taken":[{"damage":0.0,"enemies":"Cultist","floor":1.0,"turns":1.0},{"damage":0.0,"enemies":"Small Slimes","floor":4.0,"turns":1.0},{"damage":0.0,"enemies":"Lagavulin","floor":7.0,"turns":1.0},{"damage":24.0,"enemies":"3 Sentries","floor":12.0,"turns":8.0},{"damage":4.0,"enemies":"Jaw Worm","floor":13.0,"turns":4.0},{"damage":14,"enemies":"Lagavulin","floor":14,"turns":7},{"damage":22,"enemies":"The Guardian","floor":16,"turns":9}],"seed_played":"3164407672503568030","potions_obtained":[{"floor":12.0,"key":"Regen Potion"}],"is_trial":false,"path_per_floor":["M","?","$","M","?","R","E","R","T","T","R","E","M","E","R","B"],"character_chosen":"THE_SILENT","items_purchased":[],"campfire_rested":0,"item_purchase_floors":[],"current_hp_per_floor":[59,59,59,59,48,48,48,48,48,48,48,24,20,18,18,0],"gold":286,"neow_bonus":"THREE_ENEMY_KILL","is_prod":false,"is_daily":false,"chose_seed":false,"campfire_upgraded":4,"win_rate":0,"timestamp":1554170606,"path_taken":["M","?","$","?","?","R","E","R","T","?","R","E","M","E","R","BOSS"],"build_version":"2019-01-23","purchased_purges":1,"victory":false,"max_hp_per_floor":[66,66,66,66,66,66,66,66,66,66,66,66,66,66,66,66],"card_choices":[{"not_picked":["Dagger Spray","Finisher"],"picked":"Poisoned Stab","floor":1.0},{"not_picked":["Slice","Setup"],"picked":"Infinite Blades","floor":4.0},{"not_picked":["Bane","Acrobatics"],"picked":"Calculated Gamble","floor":7.0},{"not_picked":["Phantasmal Killer","PiercingWail","Blade Dance"],"picked":"SKIP","floor":12.0},{"not_picked":["PiercingWail","Blade Dance"],"picked":"Phantasmal Killer","floor":12.0},{"not_picked":["Bane+1","Sucker Punch+1"],"picked":"Poisoned Stab+1","floor":13.0},{"not_picked":["Prepared","Dodge and Roll"],"picked":"Adrenaline","floor":14}],"player_experience":4007885,"relics_obtained":[{"floor":7.0,"key":"Molten Egg 2"},{"floor":9.0,"key":"Blue Candle"},{"floor":10.0,"key":"Centennial Puzzle"},{"floor":12.0,"key":"Potion Belt"},{"floor":14,"key":"Sundial"}],"event_choices":[{"damage_healed":0.0,"max_hp_gain":0.0,"max_hp_loss":0.0,"gold_gain":0.0,"event_name":"Accursed Blacksmith","player_choice":"Rummage","floor":2.0,"gold_loss":0.0,"damage_taken":0.0,"relics_obtained":["WarpedTongs"],"cards_obtained":["Pain"]},{"damage_healed":0.0,"max_hp_gain":0.0,"max_hp_loss":0.0,"gold_gain":75.0,"event_name":"World of Goop","player_choice":"Gather Gold","floor":5.0,"gold_loss":0.0,"damage_taken":11.0}],"is_beta":false,"boss_relics":[],"items_purged_floors":[3],"is_endless":false,"potions_floor_spawned":[12],"killed_by":"The Guardian","ascension_level":20}