{"gold_per_floor":[365,70,80,96,106,106,106,106,153,178,192,221,231,231,231,328,328,348,348,39,0,0,0,19,19,70,70,87,117,117,152,152,253,253,263,263,163,263,173,207,207,239,316,351,367,379,413,0,0,0],"floor_reached":51,"playtime":2703,"items_purged":["Strike_G","All Out Attack"],"score":1436,"play_id":"5b5fe3ad-b581-4ec1-995f-f5a1d535e1af","local_time":"20190311214317","is_ascension_mode":true,"campfire_choices":[{"data":"Prepared","floor":6.0,"key":"SMITH"},{"data":"Acrobatics","floor":8.0,"key":"SMITH"},{"data":"Eviscerate","floor":15.0,"key":"SMITH"},{"data":"Calculated Gamble","floor":23.0,"key":"SMITH"},{"data":"Well Laid Plans","floor":25.0,"key":"SMITH"},{"data":"Acrobatics","floor":27.0,"key":"SMITH"},{"data":"Grand Finale","floor":32.0,"key":"SMITH"},{"data":"Footwork","floor":41.0,"key":"SMITH"},{"data":"Survivor","floor":49,"key":"SMITH"}],"neow_cost":"TEN_PERCENT_HP_LOSS","seed_source_timestamp":307417419802,"circlet_count":0,"master_deck":["Defend_G","Defend_G","Defend_G","Defend_G","Survivor+1","Neutralize+1","Eviscerate+1","Prepared+1","Acrobatics+1","Footwork+1","Well Laid Plans+1","PiercingWail","Calculated Gamble+1","Grand Finale+1","Acrobatics+1"],"special_seed":0,"relics":["Ring of the Snake","Snake Skull","Blood Vial","Philosopher\u0027s Stone","Medical Kit","Bottled Tornado","Vajra","PreservedInsect","Mercury Hourglass","Lantern","Empty Cage","Mango","Nunchaku","Omamori","Toxic Egg 2","Pantograph","Question Card","Red Mask"],"potions_floor_usage":[50,50],"damage_taken":[{"damage":1.0,"enemies":"Small Slimes","floor":1.0,"turns":4.0},{"damage":2.0,"enemies":"2 Louse","floor":3.0,"turns":5.0},{"damage":1.0,"enemies":"Jaw Worm","floor":4.0,"turns":7.0},{"damage":0.0,"enemies":"2 Fungi Beasts","floor":5.0,"turns":6.0},{"damage":29.0,"enemies":"Gremlin Nob","floor":10.0,"turns":5.0},{"damage":6.0,"enemies":"Blue Slaver","floor":11.0,"turns":5.0},{"damage":12.0,"enemies":"Lagavulin","floor":12.0,"turns":10.0},{"damage":7.0,"enemies":"Exordium Thugs","floor":13.0,"turns":5.0},{"damage":0.0,"enemies":"Hexaghost","floor":16.0,"turns":10.0},{"damage":17.0,"enemies":"2 Thieves","floor":18.0,"turns":4.0},{"damage":0.0,"enemies":"Chosen","floor":24.0,"turns":3.0},{"damage":9.0,"enemies":"Shelled Parasite and Fungi","floor":28.0,"turns":2.0},{"damage":0.0,"enemies":"Gremlin Leader","floor":29.0,"turns":4.0},{"damage":4.0,"enemies":"Slavers","floor":31.0,"turns":2.0},{"damage":0.0,"enemies":"Champ","floor":33.0,"turns":4.0},{"damage":0.0,"enemies":"3 Darklings","floor":35.0,"turns":1.0},{"damage":0.0,"enemies":"Mind Bloom Boss Battle","floor":38.0,"turns":5.0},{"damage":0.0,"enemies":"Nemesis","floor":40.0,"turns":1.0},{"damage":0.0,"enemies":"Reptomancer","floor":42.0,"turns":1.0},{"damage":0,"enemies":"Nemesis","floor":44,"turns":1},{"damage":0,"enemies":"Orb Walker","floor":45,"turns":1},{"damage":0,"enemies":"Sphere and 2 Shapes","floor":46,"turns":1},{"damage":0,"enemies":"Giant Head","floor":47,"turns":2},{"damage":0,"enemies":"Donu and Deca","floor":50,"turns":2}],"seed_played":"4877862846897853011","potions_obtained":[{"floor":1.0,"key":"PowerPotion"},{"floor":4.0,"key":"AttackPotion"},{"floor":10.0,"key":"SteroidPotion"},{"floor":13.0,"key":"PowerPotion"},{"floor":24.0,"key":"LiquidBronze"},{"floor":29.0,"key":"Swift Potion"},{"floor":31.0,"key":"GamblersBrew"},{"floor":33.0,"key":"SkillPotion"},{"floor":42.0,"key":"EssenceOfSteel"},{"floor":44,"key":"GhostInAJar"}],"is_trial":false,"path_per_floor":["M","$","M","M","M","R","?","R","T","E","M","E","M","?","R","B",null,"M","?","$","?","T","R","M","R","T","R","M","E","?","E","R","B",null,"M","?","$","?","?","E","R","E","T","E","M","M","E","?","R","B",null],"character_chosen":"THE_SILENT","items_purchased":["Eviscerate","Prepared","Acrobatics","Footwork","Grand Finale","Acrobatics","Medical Kit"],"campfire_rested":0,"item_purchase_floors":[2,2,2,2,20,20,20],"current_hp_per_floor":[62,62,60,59,59,59,59,59,59,30,24,12,7,7,7,9,50,35,35,35,35,35,35,37,37,37,37,30,32,32,30,30,32,55,57,57,57,73,73,75,75,77,77,77,77,77,77,77,77,77],"gold":0,"neow_bonus":"TWO_FIFTY_GOLD","is_prod":false,"is_daily":false,"chose_seed":false,"campfire_upgraded":9,"win_rate":0,"timestamp":1552308197,"path_taken":["M","$","M","M","M","R","?","R","T","E","M","E","M","?","R","BOSS","M","?","$","?","?","R","M","R","T","R","M","E","?","E","R","BOSS","M","?","?","?","?","E","R","E","T","E","M","?","E","?","R","BOSS"],"build_version":"2019-01-23","purchased_purges":2,"victory":true,"max_hp_per_floor":[63,63,63,63,63,63,63,63,63,63,63,63,63,63,63,63,63,63,63,63,63,63,63,63,63,63,63,63,63,63,63,63,63,63,63,63,63,77,77,77,77,77,77,77,77,77,77,77,77,77],"card_choices":[{"not_picked":["Skewer","Bane","Dodge and Roll"],"picked":"SKIP","floor":1.0},{"not_picked":["Poisoned Stab","Quick Slash","Infinite Blades"],"picked":"SKIP","floor":3.0},{"not_picked":["Poisoned Stab","Deflect","Quick Slash"],"picked":"SKIP","floor":4.0},{"not_picked":["Bane","Expertise","Dagger Spray"],"picked":"SKIP","floor":5.0},{"not_picked":["Setup","Flying Knee"],"picked":"Well Laid Plans","floor":10.0},{"not_picked":["Cloak And Dagger","Poisoned Stab","Dodge and Roll"],"picked":"SKIP","floor":11.0},{"not_picked":["Skewer","Infinite Blades","Choke"],"picked":"SKIP","floor":12.0},{"not_picked":["Eviscerate","Prepared"],"picked":"PiercingWail","floor":13.0},{"not_picked":["Glass Knife","Phantasmal Killer"],"picked":"Corpse Explosion","floor":16.0},{"not_picked":["Cloak And Dagger","Dagger Throw+1","Deadly Poison"],"picked":"SKIP","floor":18.0},{"not_picked":["Deflect","Envenom","Quick Slash"],"picked":"SKIP","floor":24.0},{"not_picked":["Poisoned Stab","Dash+1","Blade Dance+1"],"picked":"SKIP","floor":28.0},{"not_picked":["Heel Hook","Flying Knee","Finisher+1"],"picked":"SKIP","floor":29.0},{"not_picked":["Bouncing Flask","Catalyst+1","Endless Agony"],"picked":"SKIP","floor":31.0},{"not_picked":["Distraction+1","Outmaneuver","Deadly Poison+1"],"picked":"SKIP","floor":35.0},{"not_picked":["Malaise","Underhanded Strike+1","Riddle With Holes+1"],"picked":"SKIP","floor":40.0},{"not_picked":["Acrobatics+1","Infinite Blades","Prepared"],"picked":"SKIP","floor":42.0},{"not_picked":["Prepared+1","Sucker Punch+1","Heel Hook"],"picked":"SKIP","floor":44},{"not_picked":["Noxious Fumes+1","Flechettes+1","All Out Attack+1"],"picked":"SKIP","floor":45},{"not_picked":["Venomology+1","Catalyst+1","Underhanded Strike"],"picked":"SKIP","floor":46},{"not_picked":["Sucker Punch","Finisher+1","Caltrops"],"picked":"SKIP","floor":47}],"player_experience":53767,"relics_obtained":[{"floor":10.0,"key":"Snake Skull"},{"floor":12.0,"key":"Blood Vial"},{"floor":22.0,"key":"Bottled Tornado"},{"floor":26.0,"key":"Vajra"},{"floor":29.0,"key":"PreservedInsect"},{"floor":31.0,"key":"Lantern"},{"floor":38.0,"key":"Mango"},{"floor":40.0,"key":"Nunchaku"},{"floor":42.0,"key":"Omamori"},{"floor":43.0,"key":"Toxic Egg 2"},{"floor":44,"key":"Pantograph"},{"floor":47,"key":"Question Card"}],"event_choices":[{"damage_healed":0.0,"max_hp_gain":0.0,"max_hp_loss":0.0,"gold_gain":0.0,"event_name":"Liars Game","player_choice":"Ignored","floor":7.0,"gold_loss":0.0,"damage_taken":0.0},{"damage_healed":0.0,"max_hp_gain":0.0,"max_hp_loss":0.0,"gold_gain":0.0,"event_name":"Scrap Ooze","player_choice":"Fled","floor":14.0,"gold_loss":0.0,"damage_taken":0.0},{"damage_healed":0.0,"max_hp_gain":0.0,"max_hp_loss":0.0,"gold_gain":0.0,"cards_transformed":["Strike_G","Strike_G"],"event_name":"Drug Dealer","player_choice":"Became Test Subject","floor":19.0,"gold_loss":0.0,"damage_taken":0.0,"cards_obtained":["All Out Attack","Calculated Gamble"]},{"damage_healed":0.0,"max_hp_gain":0.0,"max_hp_loss":0.0,"gold_gain":0.0,"event_name":"Masked Bandits","player_choice":"Paid Fearfully","floor":21.0,"gold_loss":39.0,"damage_taken":0.0},{"cards_removed":["Corpse Explosion"],"damage_healed":0.0,"max_hp_gain":0.0,"max_hp_loss":0.0,"gold_gain":0.0,"event_name":"WeMeetAgain","player_choice":"Gave Card","floor":30.0,"gold_loss":0.0,"damage_taken":0.0,"relics_obtained":["Mercury Hourglass"]},{"damage_healed":0.0,"max_hp_gain":0.0,"max_hp_loss":0.0,"gold_gain":0.0,"event_name":"SecretPortal","player_choice":"Ignored","floor":36.0,"gold_loss":0.0,"damage_taken":0.0},{"damage_healed":0.0,"max_hp_gain":0.0,"max_hp_loss":0.0,"gold_gain":0.0,"event_name":"MindBloom","player_choice":"Fight","floor":38.0,"gold_loss":0.0,"damage_taken":0.0},{"cards_removed":["Defend_G"],"damage_healed":0.0,"max_hp_gain":0.0,"max_hp_loss":0.0,"gold_gain":0.0,"event_name":"Designer","player_choice":"Upgrade and Remove","floor":39.0,"gold_loss":90.0,"damage_taken":0.0,"cards_upgraded":["Neutralize"]},{"damage_healed":0,"gold_gain":0,"player_choice":"Paid","damage_taken":0,"relics_obtained":["Red Mask"],"max_hp_gain":0,"max_hp_loss":0,"event_name":"Tomb of Lord Red Mask","floor":48,"gold_loss":413}],"is_beta":false,"boss_relics":[{"not_picked":["Tiny House","Runic Pyramid"],"picked":"Philosopher\u0027s Stone"},{"not_picked":["White Beast Statue","Fusion Hammer"],"picked":"Empty Cage"}],"items_purged_floors":[2,37],"is_endless":false,"potions_floor_spawned":[1,4,10,13,24,29,31,33,42,44,45,47],"ascension_level":5}