{"gold_per_floor":[113,132,151,151,171,171,192,192,269,269,292,292,318,243,243,368,368,384,384,409,99,115,115,159,159,159,190,190],"floor_reached":28,"playtime":842,"items_purged":["Strike_R","Strike_R"],"score":335,"play_id":"936d708e-9697-4df0-a711-481be70f076a","local_time":"20181009172223","is_ascension_mode":true,"campfire_choices":[{"data":"Inflame","floor":6,"key":"SMITH"},{"data":"Flex","floor":8,"key":"SMITH"},{"data":"Pummel","floor":10,"key":"SMITH"},{"data":"Flex","floor":12,"key":"SMITH"},{"data":"Anger","floor":15,"key":"SMITH"},{"data":"Demon Form","floor":23,"key":"SMITH"},{"data":"Bash","floor":25,"key":"SMITH"}],"neow_cost":"NONE","seed_source_timestamp":23787051621904,"circlet_count":0,"master_deck":["Strike_R","Strike_R","Strike_R","Defend_R","Defend_R","Defend_R","Bash+1","Inflame+1","Flex+1","Anger+1","Reaper","Pummel+1","Flex+1","Demon Form+1","Headbutt+1","Shrug It Off+1","Impatience","Inflame+1","Crippling Poison"],"relics":["Burning Blood","Golden Idol","Tiny Chest","Odd Mushroom","Velvet Choker","PrismaticShard","Singing Bowl","Girya","Centennial Puzzle"],"potions_floor_usage":[24,24,27,27],"damage_taken":[{"damage":7,"enemies":"Jaw Worm","floor":1,"turns":3},{"damage":1,"enemies":"Cultist","floor":2,"turns":3},{"damage":7,"enemies":"Small Slimes","floor":3,"turns":3},{"damage":7,"enemies":"Looter","floor":5,"turns":4},{"damage":13,"enemies":"Exordium Thugs","floor":7,"turns":4},{"damage":20,"enemies":"Large Slime","floor":11,"turns":5},{"damage":21,"enemies":"The Mushroom Lair","floor":13,"turns":4},{"damage":70,"enemies":"The Guardian","floor":16,"turns":7},{"damage":17,"enemies":"2 Thieves","floor":18,"turns":3},{"damage":30,"enemies":"Shell Parasite","floor":20,"turns":4},{"damage":17,"enemies":"Chosen and Byrds","floor":22,"turns":6},{"damage":38,"enemies":"Book of Stabbing","floor":24,"turns":4},{"damage":50,"enemies":"Slavers","floor":27,"turns":4},{"damage":17,"enemies":"Colosseum Slavers","floor":28,"turns":1}],"seed_played":"1401856155344595594","potions_obtained":[{"floor":1,"key":"Energy Potion"},{"floor":3,"key":"PowerPotion"},{"floor":16,"key":"GamblersBrew"},{"floor":24,"key":"Dexterity Potion"},{"floor":27,"key":"Explosive Potion"}],"is_trial":false,"path_per_floor":["M","M","M","?","M","R","M","R","T","R","M","R","?","$","R","B",null,"M","?","M","$","M","R","E","R","T","E"],"character_chosen":"IRONCLAD","items_purchased":["PrismaticShard"],"campfire_rested":0,"item_purchase_floors":[21],"current_hp_per_floor":[71,76,75,74,73,73,66,66,66,66,59,59,65,65,65,7,57,62,62,50,50,55,55,33,33,33,10,0],"gold":190,"neow_bonus":"REMOVE_CARD","is_prod":false,"is_daily":false,"chose_seed":false,"campfire_upgraded":7,"win_rate":0,"timestamp":1539076943,"path_taken":["M","M","M","?","M","R","?","R","T","R","M","R","?","$","R","BOSS","M","?","M","$","M","R","E","R","T","E","?"],"build_version":"2018-10-04v2","purchased_purges":2,"victory":false,"max_hp_per_floor":[80,80,80,74,74,74,74,74,74,74,74,74,74,74,74,74,74,74,74,74,74,74,74,74,74,74,74,74],"card_choices":[{"not_picked":["Bloodletting","Armaments"],"picked":"Inflame","floor":1},{"not_picked":["Clothesline","Pommel Strike"],"picked":"Flex","floor":2},{"not_picked":["Battle Trance","Wild Strike"],"picked":"Anger","floor":3},{"not_picked":["Flex","Uppercut"],"picked":"Reaper","floor":5},{"not_picked":["Second Wind","Rampage"],"picked":"Pummel","floor":7},{"not_picked":["Havoc","Rage"],"picked":"Flex","floor":11},{"not_picked":["Reaper","Juggernaut"],"picked":"Demon Form","floor":16},{"not_picked":["Bloodletting","Thunderclap"],"picked":"Headbutt+1","floor":18},{"not_picked":["True Grit","Rupture"],"picked":"Shrug It Off+1","floor":20},{"not_picked":["Blur+1","Backflip"],"picked":"Impatience","floor":22},{"not_picked":["Entrench+1","Ball Lightning"],"picked":"Inflame+1","floor":24},{"not_picked":["Turbo","Quick Slash"],"picked":"Crippling Poison","floor":27}],"player_experience":46420,"relics_obtained":[{"floor":9,"key":"Tiny Chest"},{"floor":13,"key":"Odd Mushroom"},{"floor":24,"key":"Singing Bowl"},{"floor":26,"key":"Girya"},{"floor":27,"key":"Centennial Puzzle"}],"event_choices":[{"event_name":"Golden Idol","player_choice":"Lose Max HP","floor":4,"damage_taken":0},{"event_name":"Mushrooms","player_choice":"Fought Mushrooms","floor":13,"damage_taken":0},{"event_name":"The Mausoleum","player_choice":"No","floor":19,"damage_taken":0},{"event_name":"Colosseum","player_choice":"Fight","floor":28,"damage_taken":0}],"is_beta":false,"boss_relics":[{"not_picked":["Empty Cage","Runic Cube"],"picked":"Velvet Choker"}],"items_purged_floors":[14,21],"is_endless":false,"potions_floor_spawned":[1,3,16,20,24,27],"killed_by":"Colosseum Slavers","ascension_level":7}