{"gold_per_floor":[115,130,130,55,20,20,45,45,116,135,135,135,147,182,182,259,259,269,279,8,25,25,25,58,58,105,105,42,58,58,89,89,168,168,188,188,198,215,215,240,251,251,274,288,288,122,134,164,164,164,164,164,164,29,54,54],"floor_reached":57,"playtime":3674,"items_purged":["Strike_B","Strike_B","Strike_B","Defend_B+1"],"score":3366,"play_id":"a75b3e3a-8f86-4cf7-8a54-0aae85cddbd5","local_time":"20190524200621","is_ascension_mode":true,"campfire_choices":[{"data":"Dualcast","floor":6.0,"key":"SMITH"},{"data":"Turbo","floor":8.0,"key":"SMITH"},{"data":"Zap","floor":11.0,"key":"SMITH"},{"data":"Fission","floor":15.0,"key":"SMITH"},{"data":"Meteor Strike","floor":23,"key":"SMITH"},{"floor":25,"key":"RECALL"},{"data":"Creative AI","floor":27,"key":"SMITH"},{"data":"Chill","floor":32,"key":"SMITH"}],"neow_cost":"NONE","seed_source_timestamp":30016618188620,"circlet_count":0,"master_deck":["AscendersBane","Zap+1","Dualcast+1","Creative AI+1","Chill+1","Turbo+1","Fission+1","Skim+1","Hologram+1","Coolheaded+1","Fusion+1","Meteor Strike+1","Impatience+1","Skim+1","Reboot+1","Multi-Cast+1","Purity+1","Fission+1","Double Energy+1"],"special_seed":0,"relics":["Cracked Core","Matryoshka","Toxic Egg 2","War Paint","The Courier","Coffee Dripper","Membership Card","Bottled Lightning","Question Card","PreservedInsect","Cables","Empty Cage","Gremlin Horn","Chemical X","Oddly Smooth Stone","TheAbacus","Mercury Hourglass"],"potions_floor_usage":[51,56],"damage_taken":[{"damage":10.0,"enemies":"Small Slimes","floor":1.0,"turns":4.0},{"damage":7.0,"enemies":"Jaw Worm","floor":2.0,"turns":4.0},{"damage":37.0,"enemies":"Gremlin Nob","floor":7.0,"turns":6.0},{"damage":0.0,"enemies":"Cultist","floor":10.0,"turns":5.0},{"damage":0.0,"enemies":"3 Louse","floor":13.0,"turns":3.0},{"damage":0.0,"enemies":"Lagavulin","floor":14.0,"turns":7.0},{"damage":0.0,"enemies":"The Guardian","floor":16.0,"turns":11.0},{"damage":6.0,"enemies":"Shell Parasite","floor":18.0,"turns":3.0},{"damage":3.0,"enemies":"3 Byrds","floor":19.0,"turns":5.0},{"damage":0,"enemies":"Snecko","floor":21,"turns":4},{"damage":0,"enemies":"Book of Stabbing","floor":24,"turns":3},{"damage":0,"enemies":"3 Cultists","floor":29,"turns":2},{"damage":0,"enemies":"Slavers","floor":31,"turns":1},{"damage":0,"enemies":"Collector","floor":33,"turns":2},{"damage":0,"enemies":"3 Darklings","floor":35,"turns":1},{"damage":0,"enemies":"3 Shapes","floor":37,"turns":1},{"damage":0,"enemies":"3 Darklings","floor":38,"turns":1},{"damage":0,"enemies":"Nemesis","floor":40,"turns":1},{"damage":0,"enemies":"Writhing Mass","floor":41,"turns":1},{"damage":0,"enemies":"Sphere and 2 Shapes","floor":44,"turns":1},{"damage":0,"enemies":"4 Shapes","floor":47,"turns":1},{"damage":0,"enemies":"Reptomancer","floor":48,"turns":1},{"damage":0,"enemies":"Donu and Deca","floor":50,"turns":1},{"damage":0,"enemies":"Time Eater","floor":51,"turns":4},{"damage":0,"enemies":"Shield and Spear","floor":55,"turns":1},{"damage":23,"enemies":"The Heart","floor":56,"turns":4}],"seed_played":"7329952653870574816","potions_obtained":[{"floor":1.0,"key":"Ancient Potion"},{"floor":2.0,"key":"FocusPotion"},{"floor":12.0,"key":"Explosive Potion"},{"floor":16.0,"key":"Regen Potion"},{"floor":21,"key":"Fire Potion"},{"floor":31,"key":"EssenceOfSteel"},{"floor":40,"key":"Swift Potion"}],"is_trial":false,"path_per_floor":["M","M","?","$","?","R","E","R","T","M","R","?","M","E","R","B",null,"M","M","$","M","?","R","E","R","T","R","$","M","$","E","R","B",null,"M","?","M","M","?","E","M","?","T","M","R","$","M","E","R","B","B",null,"R","$","E","B",null],"character_chosen":"DEFECT","items_purchased":["Membership Card","Impatience+1","Chemical X","TheAbacus","FairyPotion"],"campfire_rested":0,"item_purchase_floors":[20,20,46,54,54],"current_hp_per_floor":[54,47,47,47,64,64,27,27,27,27,27,27,27,27,27,27,60,63,60,60,60,60,60,60,60,60,60,60,60,60,60,60,60,68,68,68,68,68,58,58,58,58,58,58,58,58,58,58,58,58,58,68,68,68,68,45],"gold":54,"neow_bonus":"ONE_RANDOM_RARE_CARD","is_prod":false,"is_daily":false,"chose_seed":false,"campfire_upgraded":7,"win_rate":0,"timestamp":1558699581,"path_taken":["M","M","?","$","?","R","E","R","T","M","R","?","?","E","R","BOSS","M","M","$","M","?","R","E","R","T","R","?","M","$","E","R","BOSS","M","?","?","M","?","E","M","?","T","M","R","$","M","E","R","BOSS","BOSS","R","$","E","BOSS"],"build_version":"2019-01-23","purchased_purges":4,"victory":true,"max_hp_per_floor":[71,71,71,71,71,71,71,71,71,71,71,71,71,71,71,71,71,71,71,71,71,71,71,71,71,71,71,71,71,71,71,71,71,71,71,71,71,71,71,71,71,71,71,71,71,71,71,71,71,71,71,71,71,71,71,71],"card_choices":[{"not_picked":["Doom and Gloom","Redo"],"picked":"Chill","floor":1.0},{"not_picked":["Coolheaded","Redo"],"picked":"Turbo","floor":2.0},{"not_picked":["Stack","Chaos"],"picked":"Skim","floor":7.0},{"not_picked":["Steam Power+1","Cold Snap"],"picked":"Hologram+1","floor":10.0},{"not_picked":["Rebound","Undo+1"],"picked":"Coolheaded+1","floor":13.0},{"not_picked":["Barrage","Rebound"],"picked":"Fusion+1","floor":14.0},{"not_picked":["Reboot+1","All For One"],"picked":"Meteor Strike","floor":16.0},{"not_picked":["Force Field+1","Conserve Battery+1","Compile Driver+1"],"picked":"SKIP","floor":18.0},{"not_picked":["Rip and Tear","Ball Lightning+1","Conserve Battery+1"],"picked":"SKIP","floor":19.0},{"not_picked":["Scrape","Fusion+1","Rebound"],"picked":"SKIP","floor":21},{"not_picked":["Self Repair","Darkness+1","Gash"],"picked":"SKIP","floor":24},{"not_picked":["Go for the Eyes","Force Field+1","Rebound","Aggregate+1"],"picked":"SKIP","floor":29},{"not_picked":["Loop","Static Discharge","Hologram+1"],"picked":"Reboot+1","floor":31},{"not_picked":["Buffer","Meteor Strike","Amplify+1"],"picked":"Multi-Cast+1","floor":33},{"not_picked":["Compile Driver","Storm","Hologram+1","Coolheaded+1"],"picked":"SKIP","floor":35},{"not_picked":["Rebound","Beam Cell+1","Skim+1","Streamline+1"],"picked":"SKIP","floor":37},{"not_picked":["Gash","Melter","Steam+1","Stack+1"],"picked":"SKIP","floor":38},{"not_picked":["PanicButton+1","Mayhem","Chrysalis+1"],"picked":"Purity+1","floor":39},{"not_picked":["Recycle+1","Beam Cell","Go for the Eyes"],"picked":"Fission+1","floor":40},{"not_picked":["Turbo+1","Compile Driver","Conserve Battery+1","Lockon"],"picked":"SKIP","floor":41},{"not_picked":["Sweeping Beam","Beam Cell","Go for the Eyes+1","Genetic Algorithm+1"],"picked":"SKIP","floor":44},{"not_picked":["Gash","Conserve Battery+1","Barrage"],"picked":"Double Energy+1","floor":47},{"not_picked":["FTL","Streamline+1","Beam Cell+1","Aggregate+1"],"picked":"SKIP","floor":48},{"not_picked":["Sweeping Beam+1","Conserve Battery+1","Ball Lightning","Creative AI"],"picked":"SKIP","floor":55}],"player_experience":4830255,"relics_obtained":[{"floor":7.0,"key":"Matryoshka"},{"floor":9.0,"key":"Toxic Egg 2"},{"floor":9.0,"key":"War Paint"},{"floor":14.0,"key":"The Courier"},{"floor":24,"key":"Bottled Lightning"},{"floor":26,"key":"Question Card"},{"floor":26,"key":"PreservedInsect"},{"floor":31,"key":"Cables"},{"floor":40,"key":"Gremlin Horn"},{"floor":48,"key":"Oddly Smooth Stone"},{"floor":55,"key":"Mercury Hourglass"}],"event_choices":[{"damage_healed":0.0,"max_hp_gain":0.0,"max_hp_loss":0.0,"gold_gain":0.0,"cards_transformed":["Strike_B"],"event_name":"Living Wall","player_choice":"Change","floor":3.0,"gold_loss":0.0,"damage_taken":0.0,"cards_obtained":["Fission"]},{"damage_healed":17.0,"max_hp_gain":0.0,"max_hp_loss":0.0,"gold_gain":0.0,"event_name":"The Cleric","player_choice":"Healed","floor":5.0,"gold_loss":35.0,"damage_taken":0.0},{"damage_healed":0.0,"max_hp_gain":0.0,"max_hp_loss":0.0,"gold_gain":0.0,"event_name":"Lab","player_choice":"Got Potions","floor":12.0,"gold_loss":0.0,"damage_taken":0.0},{"damage_healed":0,"gold_gain":0,"player_choice":"Read","damage_taken":0,"max_hp_gain":0,"max_hp_loss":0,"event_name":"The Library","floor":22,"gold_loss":0,"cards_obtained":["Skim"]},{"cards_removed":["Defend_B"],"damage_healed":0,"gold_gain":0,"player_choice":"Purged","damage_taken":0,"max_hp_gain":0,"max_hp_loss":0,"event_name":"Purifier","floor":36,"gold_loss":0},{"damage_healed":0,"gold_gain":0,"player_choice":"Memory 3","damage_taken":10,"max_hp_gain":0,"max_hp_loss":0,"event_name":"SensoryStone","floor":39,"gold_loss":0},{"damage_healed":0,"gold_gain":0,"player_choice":"Ignored","damage_taken":0,"max_hp_gain":0,"max_hp_loss":0,"event_name":"Upgrade Shrine","floor":42,"gold_loss":0}],"is_beta":false,"boss_relics":[{"not_picked":["Astrolabe","Busted Crown"],"picked":"Coffee Dripper"},{"not_picked":["Runic Dome","Velvet Choker"],"picked":"Empty Cage"}],"items_purged_floors":[4,20,28,46],"is_endless":false,"potions_floor_spawned":[1,2,16,21,24,31,33,40,41,44,47,55],"ascension_level":20}