{"gold_per_floor":[118,43,43,60,60,94,113,113,138,173,173,23,35,52,52,52],"floor_reached":16,"playtime":254,"items_purged":["Strike_G"],"score":236,"play_id":"0a811ed3-af0f-45e6-91a4-a0e3c2a4913f","local_time":"20190219143715","is_ascension_mode":true,"campfire_choices":[{"data":"Neutralize","floor":8,"key":"SMITH"},{"data":"Masterful Stab","floor":11,"key":"SMITH"},{"data":"Burst","floor":15,"key":"SMITH"}],"neow_cost":"NONE","seed_source_timestamp":153880532777993,"circlet_count":0,"master_deck":["AscendersBane","Defend_G","Defend_G","Defend_G","Defend_G","Defend_G","Strike_G","Strike_G","Strike_G","Strike_G","Survivor","Neutralize+1","Dash","Footwork+1","Masterful Stab+1","Burst+1","Caltrops+1","Backflip"],"relics":["Ring of the Snake","NeowsBlessing","Frozen Egg 2","Vajra","Boot","Centennial Puzzle"],"potions_floor_usage":[16,16],"damage_taken":[{"damage":0,"enemies":"Cultist","floor":1,"turns":1},{"damage":0,"enemies":"Small Slimes","floor":4,"turns":1},{"damage":0,"enemies":"Lagavulin","floor":6,"turns":2},{"damage":0,"enemies":"2 Louse","floor":7,"turns":4},{"damage":31,"enemies":"Gremlin Nob","floor":10,"turns":7},{"damage":0,"enemies":"Looter","floor":13,"turns":3},{"damage":0,"enemies":"Blue Slaver","floor":14,"turns":3},{"damage":5,"enemies":"Hexaghost","floor":16,"turns":4}],"seed_played":"-6119155471482657686","potions_obtained":[{"floor":1,"key":"PowerPotion"},{"floor":13,"key":"Weak Potion"},{"floor":14,"key":"AttackPotion"}],"is_trial":false,"path_per_floor":["M","$","T","M","$","E","M","R","T","E","R","$","M","M","R","B"],"character_chosen":"THE_SILENT","items_purchased":["Burst"],"campfire_rested":0,"item_purchase_floors":[12],"current_hp_per_floor":[59,59,59,59,59,59,59,59,59,28,28,28,28,28,28,23],"gold":52,"neow_bonus":"THREE_ENEMY_KILL","is_prod":false,"is_daily":false,"chose_seed":false,"campfire_upgraded":3,"win_rate":0,"timestamp":1550558235,"path_taken":["M","$","?","?","$","E","M","R","T","E","R","?","M","M","R","BOSS"],"build_version":"2019-01-23","purchased_purges":1,"victory":false,"max_hp_per_floor":[66,66,66,66,66,66,66,66,66,66,66,66,66,66,66,66],"card_choices":[{"not_picked":["Caltrops","Cloak And Dagger","Reflex"],"picked":"SKIP","floor":1},{"not_picked":["Deflect","Dagger Throw"],"picked":"Dash","floor":4},{"not_picked":["Envenom+1","Dagger Spray"],"picked":"Footwork+1","floor":6},{"not_picked":["Bane","Deadly Poison","Caltrops+1"],"picked":"SKIP","floor":7},{"not_picked":["Reflex","Deadly Poison"],"picked":"Masterful Stab","floor":10},{"not_picked":["Riddle With Holes","Poisoned Stab"],"picked":"Caltrops+1","floor":13},{"not_picked":["Dodge and Roll","Heel Hook"],"picked":"Backflip","floor":14}],"player_experience":840758,"relics_obtained":[{"floor":3,"key":"Frozen Egg 2"},{"floor":6,"key":"Vajra"},{"floor":9,"key":"Boot"},{"floor":10,"key":"Centennial Puzzle"}],"event_choices":[],"is_beta":false,"boss_relics":[],"items_purged_floors":[2],"is_endless":false,"potions_floor_spawned":[1,13,14],"killed_by":"Hexaghost","ascension_level":15}