{"path_per_floor":["M","$","M","T","$","R","M","?","T","?","M","T","E","M","R","B",null,"M","$","M","?","M","E","?","M","T","?","M","M","M","$","R","B",null,"M","$","?","M","?","M","R","M","T","R","E","$","?","?","R","B"],"character_chosen":"DEFECT","items_purchased":["Bandage Up","Aggregate","Defragment","Madness","Apotheosis","Hello World","Stack","Compile Driver","Scrape"],"gold_per_floor":[114,114,129,129,129,129,144,144,194,194,209,234,264,279,279,379,379,394,222,237,237,252,282,282,297,297,297,312,327,342,307,307,407,407,422,321,321,336,336,351,351,366,366,366,396,8,8,0,0,0],"floor_reached":51,"campfire_rested":0,"playtime":1784,"item_purchase_floors":[19,19,31,36,46,46,46,46,46],"current_hp_per_floor":[75,75,75,75,75,75,70,77,77,70,69,69,66,62,62,40,82,82,82,82,82,54,47,47,47,47,47,33,37,41,41,41,48,82,81,81,81,72,62,66,66,42,42,42,33,33,72,72,72,72],"items_purged":[],"gold":0,"score":1172,"play_id":"757a312b-75e2-44f5-95df-358615e14f56","local_time":"20180611111239","daily_mods":["Allstar","Lethality","Hoarder"],"is_prod":false,"is_daily":true,"chose_seed":false,"is_ascension_mode":false,"campfire_upgraded":6,"win_rate":0,"timestamp":1528686759,"campfire_choices":[{"data":"Zap","floor":6,"key":"SMITH"},{"data":"Dualcast","floor":15,"key":"SMITH"},{"data":"Thinking Ahead","floor":32,"key":"SMITH"},{"data":"Seek","floor":41,"key":"SMITH"},{"data":"Jack Of All Trades","floor":44,"key":"SMITH"},{"data":"Jack Of All Trades","floor":49,"key":"SMITH"}],"path_taken":["M","$","M","?","$","R","M","?","T","?","M","?","E","M","R","BOSS","M","$","M","?","M","E","?","M","T","?","M","M","M","$","R","BOSS","M","$","?","M","?","M","R","M","T","R","E","$","?","?","R","BOSS"],"build_version":"2018-06-08","seed_source_timestamp":8294455533568,"purchased_purges":0,"victory":true,"master_deck":["Defend_B","Defend_B","Defend_B","Defend_B","Zap+1","Dualcast+1","Thinking Ahead+1","Thinking Ahead","Thinking Ahead","Panache","Panache","Panache","Jack Of All Trades+1","Jack Of All Trades","Jack Of All Trades","Deep Breath","Deep Breath","Deep Breath","Enlightenment","Enlightenment","Enlightenment","Go for the Eyes","Go for the Eyes","Go for the Eyes","Go for the Eyes","Go for the Eyes","Go for the Eyes","Cold Snap","Cold Snap","Cold Snap","Regret","Regret","Gash","Gash","Gash","Conserve Battery","Conserve Battery","Conserve Battery","Hologram","Hologram","Hologram","Hyperbeam","Hyperbeam","Hyperbeam","Scrape+1","Scrape+1","Scrape+1","Bandage Up","Bandage Up","Bandage Up","Aggregate","Aggregate","Aggregate","Gash+1","Gash+1","Gash+1","Decay","Decay","Decay","Conserve Battery","Conserve Battery","Conserve Battery","Buffer","Buffer","Buffer","FTL+1","FTL+1","FTL+1","FTL+1","FTL+1","FTL+1","Reprogram","Reprogram","Reprogram","Cold Snap","Cold Snap","Cold Snap","Defragment","Defragment","Defragment","Seek+1","Seek","Seek","Chaos+1","Chaos+1","Chaos+1","Biased Cognition+1","Biased Cognition+1","Biased Cognition+1","Steam Power+1","Steam Power+1","Steam Power+1","Redo+1","Redo+1","Redo+1","Madness","Madness","Madness","Decay","Decay","Decay","Scrape+1","Scrape+1","Scrape+1","Jack Of All Trades","Jack Of All Trades","Jack Of All Trades+1","Bandage Up","Bandage Up","Bandage Up","Magnetism","Magnetism","Magnetism","Hologram+1","Hologram+1","Hologram+1","FTL","FTL","FTL","Self Repair+1","Self Repair+1","Self Repair+1","Apotheosis","Apotheosis","Apotheosis","Hello World","Hello World","Hello World","Stack","Stack","Stack","Compile Driver","Compile Driver","Compile Driver","Scrape","Scrape","Scrape"],"max_hp_per_floor":[75,75,75,75,75,75,75,82,82,82,82,82,82,82,82,82,82,82,82,82,82,82,82,82,82,82,82,82,82,82,82,82,82,82,82,82,82,82,82,82,82,82,82,82,82,82,72,72,72,72],"relics":["Cracked Core","Juzu Bracelet","Strawberry","Bag of Preparation","Boot","Unceasing Top","Nuclear Battery","Shuriken","Dodecahedron","Astrolabe","Smiling Mask","Vajra","Red Mask"],"card_choices":[{"not_picked":["Rebound","Steam"],"picked":"Go for the Eyes","floor":1},{"not_picked":["Ball Lightning","Hologram"],"picked":"Go for the Eyes","floor":3},{"not_picked":["Chaos","Leap"],"picked":"Cold Snap","floor":7},{"not_picked":["Conserve Battery","Sweeping Beam"],"picked":"Gash","floor":11},{"not_picked":["Leap","All For One"],"picked":"Conserve Battery","floor":13},{"not_picked":["Rebound","Beam Cell"],"picked":"Hologram","floor":14},{"not_picked":["Fission","Buffer"],"picked":"Hyperbeam","floor":16},{"not_picked":["Beam Cell","Leap"],"picked":"Scrape+1","floor":18},{"not_picked":["Rebound","Steam"],"picked":"Gash+1","floor":20},{"not_picked":["Rainbow","BootSequence"],"picked":"Conserve Battery","floor":22},{"not_picked":["Scrape","Redo+1"],"picked":"Buffer","floor":23},{"not_picked":["Reinforced Body","Coolheaded+1"],"picked":"FTL+1","floor":25},{"not_picked":["Stack","Genetic Algorithm+1"],"picked":"FTL+1","floor":28},{"not_picked":["Coolheaded","Static Discharge+1"],"picked":"Reprogram","floor":29},{"not_picked":["Reinforced Body","Barrage"],"picked":"Cold Snap","floor":30},{"not_picked":["Hyperbeam","Core Surge"],"picked":"Seek","floor":33},{"not_picked":["Reinforced Body+1","Auto Shields"],"picked":"Redo+1","floor":35},{"not_picked":["Redo","Auto Shields"],"picked":"Scrape+1","floor":38},{"not_picked":["Deep Breath","Thinking Ahead"],"picked":"Jack Of All Trades","floor":39},{"not_picked":["Swift Strike","Apotheosis"],"picked":"Bandage Up","floor":39},{"not_picked":["Flash of Steel","Secret Weapon"],"picked":"Magnetism","floor":39},{"not_picked":["BootSequence+1","Go for the Eyes+1"],"picked":"Hologram+1","floor":40},{"not_picked":["Gash","Go for the Eyes+1"],"picked":"FTL","floor":42},{"not_picked":["Sweeping Beam","Stack"],"picked":"Self Repair+1","floor":45}],"player_experience":564859,"potions_floor_usage":[13,16,18,33,33,50,50],"damage_taken":[{"damage":0,"enemies":"Cultist","floor":1,"turns":2},{"damage":0,"enemies":"Small Slimes","floor":3,"turns":1},{"damage":5,"enemies":"Jaw Worm","floor":7,"turns":2},{"damage":1,"enemies":"Large Slime","floor":11,"turns":3},{"damage":7,"enemies":"Gremlin Nob","floor":13,"turns":3},{"damage":4,"enemies":"3 Louse","floor":14,"turns":2},{"damage":22,"enemies":"The Guardian","floor":16,"turns":6},{"damage":0,"enemies":"3 Byrds","floor":18,"turns":1},{"damage":0,"enemies":"Spheric Guardian","floor":20,"turns":1},{"damage":28,"enemies":"Chosen and Byrds","floor":22,"turns":3},{"damage":11,"enemies":"Slavers","floor":23,"turns":2},{"damage":0,"enemies":"Snecko","floor":25,"turns":4},{"damage":22,"enemies":"3 Cultists","floor":28,"turns":4},{"damage":0,"enemies":"Sentry and Sphere","floor":29,"turns":1},{"damage":0,"enemies":"Centurion and Healer","floor":30,"turns":1},{"damage":1,"enemies":"Automaton","floor":33,"turns":6},{"damage":1,"enemies":"Flame Bruiser 1 Orb","floor":35,"turns":2},{"damage":9,"enemies":"Orb Walker","floor":38,"turns":2},{"damage":0,"enemies":"Sphere and 2 Shapes","floor":40,"turns":2},{"damage":28,"enemies":"Flame Bruiser 2 Orb","floor":42,"turns":4},{"damage":29,"enemies":"Nemesis","floor":45,"turns":5},{"damage":27,"enemies":"Donu and Deca","floor":50,"turns":7}],"relics_obtained":[{"floor":4,"key":"Juzu Bracelet"},{"floor":9,"key":"Bag of Preparation"},{"floor":12,"key":"Boot"},{"floor":13,"key":"Unceasing Top"},{"floor":23,"key":"Shuriken"},{"floor":26,"key":"Dodecahedron"},{"floor":43,"key":"Smiling Mask"},{"floor":45,"key":"Vajra"}],"event_choices":[{"event_name":"Big Fish","player_choice":"Box","floor":8,"damage_taken":0},{"event_name":"Golden Wing","player_choice":"Card Removal","floor":10,"damage_taken":0},{"event_name":"Match and Keep!","player_choice":"1 cards matched","floor":21,"damage_taken":0},{"event_name":"Back to Basics","player_choice":"Elegance","floor":24,"damage_taken":0},{"event_name":"Vampires","player_choice":"Ignored","floor":27,"damage_taken":0},{"event_name":"Wheel of Change","player_choice":"Curse","floor":37,"damage_taken":0},{"event_name":"SensoryStone","player_choice":"Memory 3","floor":39,"damage_taken":0},{"event_name":"The Moai Head","player_choice":"Heal","floor":47,"damage_taken":0},{"event_name":"Tomb of Lord Red Mask","player_choice":"Paid","floor":48,"damage_taken":0}],"boss_relics":[{"not_picked":["Sozu","Inserter"],"picked":"Nuclear Battery"},{"not_picked":["Snecko Eye","Philosopher\u0027s Stone"],"picked":"Astrolabe"}],"items_purged_floors":[],"potions_floor_spawned":[3,7,11,16,22,23,29,40,42],"seed_played":"-3332908943780289604","ascension_level":0,"potions_obtained":[{"floor":3,"key":"GamblersBrew"},{"floor":7,"key":"LiquidBronze"},{"floor":11,"key":"Fire Potion"},{"floor":16,"key":"Ancient Potion"},{"floor":22,"key":"EssenceOfSteel"},{"floor":23,"key":"PowerPotion"},{"floor":40,"key":"SpeedPotion"},{"floor":42,"key":"Energy Potion"}],"is_trial":false}