{"gold_per_floor":[115,6,6,81,100,100,118,132,132,132,152,152,181,181,181,278,278,261,261,280,296,314,314,344,344,421,169,179,191,191,207,207,312,312,328,342,126,126,144,144,155,155,201,201,214,234,234,249,249,249],"floor_reached":51,"playtime":3660,"items_purged":["Strike_B","Strike_B","Defend_B"],"score":723,"play_id":"9f844074-0e4d-49f6-a3b4-e95c838ceaf7","local_time":"20190612193510","is_ascension_mode":false,"campfire_choices":[{"data":"Defragment","floor":6,"key":"SMITH"},{"data":"Zap","floor":10,"key":"SMITH"},{"data":"Dualcast","floor":12,"key":"SMITH"},{"data":"Creative AI","floor":15,"key":"SMITH"},{"data":"Coolheaded","floor":23,"key":"SMITH"},{"floor":25,"key":"REST"},{"data":"Echo Form","floor":32,"key":"SMITH"},{"data":"Capacitor","floor":40,"key":"SMITH"},{"data":"Glacier","floor":42,"key":"SMITH"},{"data":"Biased Cognition","floor":47,"key":"SMITH"},{"data":"Defend_B","floor":49,"key":"SMITH"}],"neow_cost":"NONE","seed_source_timestamp":29711425676060,"circlet_count":0,"master_deck":["Defend_B","Defend_B+1","Defend_B+1","Zap+1","Dualcast+1","Coolheaded+1","Defragment+1","Glacier+1","Hologram+1","Creative AI+1","Amplify+1","Steam Power+1","Recycle+1","Glacier+1","Echo Form+1","Skim+1","Turbo+1","Capacitor+1","Deep Breath+1","Bandage Up+1","Master of Strategy+1","Blizzard+1","Hologram+1","Biased Cognition+1"],"relics":["Cracked Core","Pantograph","Toxic Egg 2","Nuclear Battery","Art of War","Bottled Lightning","War Paint","Coffee Dripper","PreservedInsect"],"potions_floor_usage":[18,21,21,24,50,50],"damage_taken":[{"damage":0,"enemies":"Small Slimes","floor":1,"turns":2},{"damage":0,"enemies":"Jaw Worm","floor":5,"turns":4},{"damage":0,"enemies":"2 Louse","floor":7,"turns":2},{"damage":11,"enemies":"Lots of Slimes","floor":8,"turns":5},{"damage":3,"enemies":"Gremlin Gang","floor":11,"turns":5},{"damage":0,"enemies":"3 Sentries","floor":13,"turns":8},{"damage":27,"enemies":"Slime Boss","floor":16,"turns":8},{"damage":17,"enemies":"2 Thieves","floor":18,"turns":5},{"damage":0,"enemies":"Shell Parasite","floor":20,"turns":10},{"damage":2,"enemies":"Shelled Parasite and Fungi","floor":21,"turns":8},{"damage":3,"enemies":"Snake Plant","floor":22,"turns":5},{"damage":37,"enemies":"Slavers","floor":24,"turns":7},{"damage":3,"enemies":"Centurion and Healer","floor":28,"turns":7},{"damage":0,"enemies":"Shelled Parasite and Fungi","floor":29,"turns":4},{"damage":0,"enemies":"3 Cultists","floor":31,"turns":5},{"damage":8,"enemies":"Champ","floor":33,"turns":9},{"damage":0,"enemies":"3 Darklings","floor":35,"turns":8},{"damage":0,"enemies":"3 Shapes","floor":36,"turns":7},{"damage":0,"enemies":"Writhing Mass","floor":39,"turns":6},{"damage":0,"enemies":"3 Darklings","floor":41,"turns":4},{"damage":0,"enemies":"Jaw Worm Horde","floor":45,"turns":2},{"damage":13,"enemies":"Sphere and 2 Shapes","floor":46,"turns":5},{"damage":0,"enemies":"3 Darklings","floor":48,"turns":5},{"damage":0,"enemies":"Donu and Deca","floor":50,"turns":3}],"seed_played":"7334875404218540328","potions_obtained":[{"floor":1,"key":"PowerPotion"},{"floor":7,"key":"PowerPotion"},{"floor":11,"key":"Dexterity Potion"},{"floor":13,"key":"PowerPotion"},{"floor":18,"key":"Dexterity Potion"},{"floor":28,"key":"Weak Potion"},{"floor":29,"key":"PowerPotion"},{"floor":39,"key":"Dexterity Potion"}],"is_trial":false,"path_per_floor":["M","$","?","?","M","R","M","M","T","R","M","R","E","?","R","B",null,"M","?","M","M","M","R","E","R","T","$","M","M","?","M","R","B",null,"M","M","$","?","M","R","M","R","T","?","M","M","R","M","R","B",null],"character_chosen":"DEFECT","items_purchased":["Defragment","War Paint","Turbo+1","Capacitor"],"campfire_rested":1,"item_purchase_floors":[2,27,37,37],"current_hp_per_floor":[75,75,80,69,69,69,69,58,58,58,55,55,55,55,55,53,80,63,63,63,61,58,58,21,45,45,45,42,42,42,42,42,59,80,80,80,80,70,76,76,80,80,80,80,80,79,79,80,80,80],"gold":249,"neow_bonus":"TRANSFORM_CARD","is_prod":false,"is_daily":false,"chose_seed":false,"campfire_upgraded":10,"win_rate":0,"timestamp":1560339310,"path_taken":["M","$","?","?","M","R","M","M","T","R","M","R","E","?","R","BOSS","M","?","?","M","M","R","E","R","T","$","M","?","?","?","R","BOSS","M","M","$","?","M","R","M","R","T","?","M","M","R","M","R","BOSS"],"build_version":"2019-01-23","purchased_purges":3,"victory":true,"max_hp_per_floor":[75,75,80,80,80,80,80,80,80,80,80,80,80,80,80,80,80,80,80,80,80,80,80,80,80,80,80,80,80,80,80,80,80,80,80,80,80,80,80,80,80,80,80,80,80,80,80,80,80,80],"card_choices":[{"not_picked":["Beam Cell","Stack"],"picked":"Coolheaded","floor":1},{"not_picked":["Scrape","Undo"],"picked":"Glacier","floor":5},{"not_picked":["Steam Power","Beam Cell","Rebound"],"picked":"SKIP","floor":7},{"not_picked":["Sweeping Beam","Coolheaded"],"picked":"Hologram","floor":8},{"not_picked":["Gash","Static Discharge","Redo"],"picked":"SKIP","floor":11},{"not_picked":["Cold Snap","Coolheaded"],"picked":"Creative AI","floor":13},{"not_picked":["Thunder Strike","Seek+1"],"picked":"Amplify+1","floor":16},{"not_picked":["Static Discharge","Beam Cell"],"picked":"Steam Power+1","floor":18},{"not_picked":["Stack+1","Melter","Compile Driver"],"picked":"SKIP","floor":20},{"not_picked":["Rebound+1","Compile Driver+1"],"picked":"Recycle+1","floor":21},{"not_picked":["Streamline+1","Ball Lightning","Doom and Gloom"],"picked":"SKIP","floor":22},{"not_picked":["Aggregate+1","Sweeping Beam"],"picked":"Glacier+1","floor":24},{"not_picked":["Cold Snap","Leap+1","Steam+1"],"picked":"SKIP","floor":28},{"not_picked":["Gash","Beam Cell"],"picked":"Echo Form","floor":29},{"not_picked":["Rebound+1","Conserve Battery+1","Compile Driver"],"picked":"SKIP","floor":31},{"not_picked":["Gash","Turbo+1"],"picked":"Skim+1","floor":35},{"not_picked":["Go for the Eyes","Lockon","Ball Lightning+1"],"picked":"SKIP","floor":36},{"not_picked":["Secret Weapon+1","Mind Blast"],"picked":"Deep Breath+1","floor":38},{"not_picked":["Dramatic Entrance","Trip+1"],"picked":"Bandage Up+1","floor":38},{"not_picked":["Flash of Steel","Magnetism"],"picked":"Master of Strategy+1","floor":38},{"not_picked":["Steam+1","Rebound+1"],"picked":"Blizzard+1","floor":39},{"not_picked":["Turbo+1","Barrage+1"],"picked":"Hologram+1","floor":41},{"not_picked":["Go for the Eyes","Reinforced Body+1"],"picked":"Biased Cognition","floor":45},{"not_picked":["Rebound","Sweeping Beam","Beam Cell"],"picked":"SKIP","floor":46},{"not_picked":["Ball Lightning","Rebound","Barrage+1"],"picked":"SKIP","floor":48}],"player_experience":5114133,"relics_obtained":[{"floor":9,"key":"Pantograph"},{"floor":13,"key":"Toxic Egg 2"},{"floor":24,"key":"Art of War"},{"floor":26,"key":"Bottled Lightning"},{"floor":43,"key":"PreservedInsect"}],"event_choices":[{"damage_healed":0,"gold_gain":0,"player_choice":"Donut","damage_taken":0,"max_hp_gain":5,"max_hp_loss":0,"event_name":"Big Fish","floor":3,"gold_loss":0},{"damage_healed":0,"gold_gain":75,"player_choice":"Gather Gold","damage_taken":11,"max_hp_gain":0,"max_hp_loss":0,"event_name":"World of Goop","floor":4,"gold_loss":0},{"damage_healed":0,"gold_gain":0,"player_choice":"Ignored","damage_taken":0,"max_hp_gain":0,"max_hp_loss":0,"event_name":"Liars Game","floor":14,"gold_loss":0},{"damage_healed":0,"gold_gain":0,"player_choice":"Ignored","damage_taken":0,"max_hp_gain":0,"max_hp_loss":0,"event_name":"NoteForYourself","floor":19,"gold_loss":0},{"cards_removed":["Strike_B"],"damage_healed":0,"gold_gain":0,"player_choice":"Offered Basic","damage_taken":0,"max_hp_gain":0,"max_hp_loss":0,"event_name":"Bonfire Elementals","floor":30,"gold_loss":0},{"damage_healed":0,"gold_gain":0,"player_choice":"Memory 3","damage_taken":10,"max_hp_gain":0,"max_hp_loss":0,"event_name":"SensoryStone","floor":38,"gold_loss":0},{"cards_removed":["Compile Driver"],"damage_healed":0,"gold_gain":0,"player_choice":"Removed Attack","damage_taken":0,"max_hp_gain":0,"max_hp_loss":0,"event_name":"Falling","floor":44,"gold_loss":0}],"is_beta":false,"boss_relics":[{"not_picked":["Inserter","Eternal Feather"],"picked":"Nuclear Battery"},{"not_picked":["Tiny House","Empty Cage"],"picked":"Coffee Dripper"}],"items_purged_floors":[2,27,37],"is_endless":false,"potions_floor_spawned":[1,7,11,13,18,28,29,39,41,46],"ascension_level":0}