{"path_per_floor":["M","?","?","M","M","R","E","M","T","E","M","E","R","M","R","B",null,"M","$","M","M","?","?","M","E","T","$","R","M","?","M","R","B",null,"M","$","M","M","?","R","?","E","T","?","?","?","R","M","R","B"],"character_chosen":"IRONCLAD","items_purchased":["Charon\u0027s Ashes","Havoc","Master of Strategy"],"gold_per_floor":[114,114,64,82,102,102,137,155,155,189,205,244,244,262,262,383,383,408,60,83,104,104,19,33,64,64,64,64,78,78,99,99,229,229,250,41,62,78,0,0,0,43,43,43,43,112,112,132,132,132],"floor_reached":51,"campfire_rested":2,"playtime":2811,"current_hp_per_floor":[80,60,60,60,55,55,45,42,42,51,60,40,40,38,62,11,80,74,74,71,80,80,80,80,72,72,72,80,80,80,66,66,65,80,80,80,80,80,80,80,80,80,86,86,76,85,99,100,100,100],"items_purged":[],"gold":132,"score":818,"play_id":"8e92bc63-bb06-49f2-b32e-7fa5ec2c93b7","local_time":"20180402171935","is_prod":false,"is_daily":false,"is_ascension_mode":false,"campfire_upgraded":4,"timestamp":1522682375,"path_taken":["M","?","?","M","?","R","E","M","T","E","M","E","R","M","R","BOSS","M","$","M","M","?","?","M","E","T","$","R","M","?","M","R","BOSS","M","$","M","M","?","R","?","E","T","?","?","?","R","M","R","BOSS"],"build_version":"2018-03-29v2","purchased_purges":0,"victory":true,"master_deck":["Strike_R+1","Strike_R+1","Strike_R+1","Strike_R+1","Defend_R+1","Defend_R+1","Defend_R+1","Bash","Flex+1","Flex+1","Headbutt","Battle Trance","Spot Weakness","True Grit","Sentinel","True Grit","Limit Break","Seeing Red+1","Havoc","Havoc+1","Thunderclap+1","Havoc","Feel No Pain","Corruption+1","Impervious","Master of Strategy","Shrug It Off","Corruption+1","Master of Strategy","Barricade","Injury","Spot Weakness","Master of Strategy","Master of Strategy","Transmutation","Body Slam+1","Whirlwind+1"],"max_hp_per_floor":[80,80,80,80,80,80,80,80,80,80,80,80,80,80,80,80,80,80,80,80,80,80,80,80,80,80,80,80,80,80,80,80,80,80,80,80,80,80,80,80,80,80,86,86,86,86,100,100,100,100],"relics":["Burning Blood","Golden Idol","Bag of Preparation","Magic Flower","Dead Branch","Juzu Bracelet","Sozu","Charon\u0027s Ashes","Dream Catcher","Darkstone Periapt","Prayer Wheel","Cursed Key","Red Mask","Bottled Flame","Bottled Lightning","Shovel","Mango","Bird Faced Urn"],"card_choices":[{"not_picked":["Reckless Charge","Warcry"],"picked":"Flex","floor":1},{"not_picked":["Iron Wave","Clash"],"picked":"Flex","floor":4},{"not_picked":["Body Slam","Anger"],"picked":"Headbutt","floor":5},{"not_picked":["Intimidate","Anger"],"picked":"Battle Trance","floor":7},{"not_picked":["Body Slam","Hemokinesis"],"picked":"Spot Weakness","floor":10},{"not_picked":["Anger","Headbutt"],"picked":"True Grit","floor":11},{"not_picked":["Juggernaut","Searing Blow"],"picked":"Sentinel","floor":12},{"not_picked":["Twin Strike","Sword Boomerang"],"picked":"True Grit","floor":14},{"not_picked":["Offering","Impervious"],"picked":"Limit Break","floor":16},{"not_picked":["Blood for Blood","Shrug It Off"],"picked":"Seeing Red","floor":18},{"not_picked":["Searing Blow","Twin Strike"],"picked":"Havoc","floor":20},{"not_picked":["Combust","Headbutt"],"picked":"Thunderclap","floor":21},{"not_picked":["Wild Strike","Body Slam"],"picked":"Havoc","floor":25},{"not_picked":["Pommel Strike","Immolate"],"picked":"Feel No Pain","floor":28},{"not_picked":["Heavy Blade","Shrug It Off"],"picked":"Corruption","floor":31},{"not_picked":["Double Tap","Barricade"],"picked":"Impervious","floor":33},{"not_picked":["Heavy Blade","Cleave"],"picked":"Shrug It Off","floor":37},{"not_picked":["Ghostly Armor","Burning Pact"],"picked":"Corruption","floor":38},{"not_picked":["Cleave","Armaments"],"picked":"Barricade","floor":42},{"not_picked":["Blood for Blood","Sword Boomerang"],"picked":"Spot Weakness","floor":43},{"not_picked":["Madness","Blind"],"picked":"Master of Strategy","floor":45},{"not_picked":["Dark Shackles","Sadistic Nature"],"picked":"Master of Strategy","floor":45},{"not_picked":["Thinking Ahead","Mind Blast"],"picked":"Transmutation","floor":45},{"not_picked":["Searing Blow","Sword Boomerang"],"picked":"Body Slam","floor":46},{"not_picked":["Pommel Strike","Thunderclap"],"picked":"Whirlwind","floor":48}],"player_experience":214759,"potions_floor_usage":[7,10,12],"damage_taken":[{"damage":3,"enemies":"Small Slimes","floor":1,"turns":3},{"damage":6,"enemies":"2 Louse","floor":4,"turns":3},{"damage":11,"enemies":"Jaw Worm","floor":5,"turns":2},{"damage":16,"enemies":"3 Sentries","floor":7,"turns":4},{"damage":9,"enemies":"2 Fungi Beasts","floor":8,"turns":2},{"damage":0,"enemies":"Gremlin Nob","floor":10,"turns":2},{"damage":0,"enemies":"Large Slime","floor":11,"turns":3},{"damage":29,"enemies":"Lagavulin","floor":12,"turns":4},{"damage":11,"enemies":"Gremlin Gang","floor":14,"turns":4},{"damage":60,"enemies":"The Guardian","floor":16,"turns":10},{"damage":15,"enemies":"3 Byrds","floor":18,"turns":5},{"damage":12,"enemies":"Shell Parasite","floor":20,"turns":4},{"damage":0,"enemies":"Cultist and Chosen","floor":21,"turns":3},{"damage":0,"enemies":"Snake Plant","floor":24,"turns":2},{"damage":17,"enemies":"Slavers","floor":25,"turns":3},{"damage":4,"enemies":"Centurion and Healer","floor":29,"turns":4},{"damage":23,"enemies":"Slaver and Parasite","floor":31,"turns":2},{"damage":10,"enemies":"Champ","floor":33,"turns":6},{"damage":0,"enemies":"3 Darklings","floor":35,"turns":2},{"damage":3,"enemies":"Orb Walker","floor":37,"turns":3},{"damage":0,"enemies":"Sphere and 2 Shapes","floor":38,"turns":1},{"damage":0,"enemies":"2 Orb Walkers","floor":42,"turns":2},{"damage":0,"enemies":"Mysterious Sphere","floor":46,"turns":3},{"damage":6,"enemies":"4 Shapes","floor":48,"turns":1},{"damage":11,"enemies":"Awakened One","floor":50,"turns":7}],"event_choices":[{"event_name":"Golden Idol","player_choice":"Take Damage","floor":2,"damage_taken":0},{"event_name":"The Cleric","player_choice":"Card Removal","floor":3,"damage_taken":0},{"event_name":"Back to Basics","player_choice":"Simplicity","floor":22,"damage_taken":0},{"event_name":"Addict","player_choice":"Obtained Relic","floor":23,"damage_taken":0},{"event_name":"Upgrade Shrine","player_choice":"Upgraded","floor":30,"damage_taken":0},{"event_name":"Tomb of Lord Red Mask","player_choice":"Paid","floor":39,"damage_taken":0},{"event_name":"Duplicator","player_choice":"One dupe","floor":41,"damage_taken":0},{"event_name":"SensoryStone","player_choice":"Memory 3","floor":45,"damage_taken":0},{"event_name":"Mysterious Sphere","player_choice":"Fight","floor":46,"damage_taken":0}],"boss_relics":[{"not_picked":["Orrery","Velvet Choker"],"picked":"Sozu"},{"not_picked":["Eternal Feather","Runic Pyramid"],"picked":"Cursed Key"}],"potions_floor_spawned":[1,8,10,24,25,31,33,38,42,48],"seed_played":"-3543302291683823407","ascension_level":0,"is_trial":false}