{"gold_per_floor":[118,137,62,79,96,96,96],"floor_reached":7,"playtime":249,"items_purged":["Strike_G"],"score":86,"play_id":"a865817c-356b-4b5b-b1ba-2b206ab98b06","local_time":"20190219134519","is_ascension_mode":true,"campfire_choices":[{"data":"Noxious Fumes","floor":6,"key":"SMITH"}],"neow_cost":"NONE","seed_source_timestamp":20013594753524,"circlet_count":0,"master_deck":["AscendersBane","Defend_G","Defend_G","Defend_G","Defend_G","Defend_G","Strike_G","Strike_G","Strike_G","Strike_G","Survivor","Neutralize","Tools of the Trade","Leg Sweep","Dash","Masterful Stab","Noxious Fumes+1","Caltrops"],"relics":["Orrery"],"potions_floor_usage":[],"damage_taken":[{"damage":0,"enemies":"2 Louse","floor":1,"turns":4},{"damage":1,"enemies":"Jaw Worm","floor":2,"turns":4},{"damage":4,"enemies":"Small Slimes","floor":4,"turns":5},{"damage":1,"enemies":"2 Fungi Beasts","floor":5,"turns":4},{"damage":0,"enemies":"Lagavulin","floor":7,"turns":3}],"seed_played":"1341958927135470675","potions_obtained":[{"floor":4,"key":"Poison Potion"},{"floor":5,"key":"Block Potion"}],"is_trial":false,"path_per_floor":["M","M","$","M","M","R","E"],"character_chosen":"THE_SILENT","items_purchased":[],"campfire_rested":0,"item_purchase_floors":[],"current_hp_per_floor":[59,58,58,54,53,53,53],"gold":96,"neow_bonus":"BOSS_RELIC","is_prod":false,"is_daily":false,"chose_seed":false,"campfire_upgraded":1,"win_rate":0,"timestamp":1550555119,"path_taken":["M","M","$","M","M","R","E"],"build_version":"2019-01-23","purchased_purges":1,"victory":false,"max_hp_per_floor":[66,66,66,66,66,66,66],"card_choices":[{"not_picked":["Dagger Throw","Leg Sweep"],"picked":"Tools of the Trade","floor":0},{"not_picked":["Predator","Accuracy"],"picked":"Leg Sweep","floor":0},{"not_picked":["Sucker Punch","Eviscerate"],"picked":"Dash","floor":0},{"not_picked":["Sucker Punch","Backflip"],"picked":"Masterful Stab","floor":0},{"not_picked":["Dagger Spray","Heel Hook"],"picked":"Noxious Fumes","floor":0},{"not_picked":["Slice","Leg Sweep","Finisher"],"picked":"SKIP","floor":1},{"not_picked":["Accuracy","All Out Attack"],"picked":"Caltrops","floor":2},{"not_picked":["Dodge and Roll","Slice","Heel Hook"],"picked":"SKIP","floor":4},{"not_picked":["Choke","Blade Dance","PiercingWail"],"picked":"SKIP","floor":5}],"player_experience":2949750,"relics_obtained":[],"event_choices":[],"is_beta":false,"boss_relics":[],"items_purged_floors":[3],"is_endless":false,"potions_floor_spawned":[4,5],"killed_by":"Lagavulin","ascension_level":20}