{"gold_per_floor":[364,376,20,20,20,20,51,51,101,116,132,158,233,9,9,84,84,101,101,10,29,79,79,113,74,74,74,100,111,111,125,125,125],"floor_reached":33,"playtime":974,"items_purged":[],"score":562,"play_id":"fe9a5e5e-1f68-4c6f-ac36-a8dad9b9c325","local_time":"20190226223919","is_ascension_mode":true,"campfire_choices":[{"data":"Zap","floor":8.0,"key":"SMITH"},{"floor":15.0,"key":"REST"},{"data":"Hologram","floor":23.0,"key":"SMITH"},{"floor":27.0,"key":"REST"},{"data":"Skim","floor":32,"key":"SMITH"}],"neow_cost":"TEN_PERCENT_HP_LOSS","seed_source_timestamp":786561250778144,"circlet_count":0,"master_deck":["AscendersBane","Strike_B","Strike_B","Defend_B","Defend_B","Defend_B","Defend_B","Zap+1","Dualcast","Consume+1","Conserve Battery","Reinforced Body+1","Double Energy","Compile Driver","Ball Lightning","Seek","Glacier","Hologram+1","Turbo+1","Skim+1","Cold Snap"],"special_seed":0,"relics":["Cracked Core","Cables","Juzu Bracelet","Bronze Scales","Centennial Puzzle","Medical Kit","Empty Cage","FossilizedHelix","Girya","Meat on the Bone"],"potions_floor_usage":[28],"damage_taken":[{"damage":1.0,"enemies":"Cultist","floor":1.0,"turns":4.0},{"damage":0.0,"enemies":"2 Louse","floor":2.0,"turns":3.0},{"damage":21.0,"enemies":"Lagavulin","floor":7.0,"turns":7.0},{"damage":0.0,"enemies":"Small Slimes","floor":10.0,"turns":4.0},{"damage":8.0,"enemies":"Blue Slaver","floor":11.0,"turns":2.0},{"damage":4.0,"enemies":"Slime Boss","floor":16.0,"turns":8.0},{"damage":15.0,"enemies":"2 Thieves","floor":18.0,"turns":4.0},{"damage":0.0,"enemies":"Shell Parasite","floor":21.0,"turns":6.0},{"damage":27.0,"enemies":"Slavers","floor":24.0,"turns":7.0},{"damage":33,"enemies":"Gremlin Leader","floor":28,"turns":6},{"damage":0,"enemies":"Chosen and Byrds","floor":29,"turns":6},{"damage":0,"enemies":"Snecko","floor":31,"turns":6},{"damage":16,"enemies":"Champ","floor":33,"turns":9}],"seed_played":"-8265716881324917918","potions_obtained":[{"floor":11.0,"key":"Explosive Potion"},{"floor":24.0,"key":"SkillPotion"},{"floor":29,"key":"EssenceOfSteel"},{"floor":31,"key":"LiquidBronze"}],"is_trial":false,"path_per_floor":["M","M","$","?","?","?","E","R","T","M","M","T","?","$","R","B",null,"M","?","$","M","?","R","E","$","T","R","E","M","T","M","R","B"],"character_chosen":"DEFECT","items_purchased":["Cables","Reinforced Body","Medical Kit","Glacier","Hologram","Skim"],"campfire_rested":2,"item_purchase_floors":[3,3,14,20,20,25],"current_hp_per_floor":[63,63,63,68,68,47,26,26,26,26,18,18,7,7,27,23,58,43,43,43,43,43,43,16,16,16,36,3,3,3,15,15,0],"gold":125,"neow_bonus":"TWO_FIFTY_GOLD","is_prod":false,"is_daily":false,"chose_seed":false,"campfire_upgraded":3,"win_rate":0,"timestamp":1551191959,"path_taken":["M","M","$","?","?","?","E","R","T","M","M","?","?","$","R","BOSS","M","?","?","M","?","R","E","$","T","R","E","M","?","M","R","BOSS"],"build_version":"2019-01-23","purchased_purges":0,"victory":false,"max_hp_per_floor":[64,64,64,69,69,69,69,69,69,69,69,69,69,69,69,69,69,69,69,69,69,69,69,69,69,69,69,69,69,69,69,69,69],"card_choices":[{"not_picked":["Streamline","Turbo"],"picked":"Consume","floor":1.0},{"not_picked":["Hello World","Gash"],"picked":"Conserve Battery","floor":2.0},{"not_picked":["Coolheaded","Steam"],"picked":"Double Energy","floor":7.0},{"not_picked":["Gash","Barrage"],"picked":"Compile Driver","floor":10.0},{"not_picked":["Streamline","Leap"],"picked":"Ball Lightning","floor":11.0},{"not_picked":["All For One","Core Surge"],"picked":"Seek","floor":16.0},{"not_picked":["Lockon","Ball Lightning","Consume"],"picked":"SKIP","floor":18.0},{"not_picked":["Leap","Chaos","Redo"],"picked":"SKIP","floor":21.0},{"not_picked":["Compile Driver+1","White Noise"],"picked":"Turbo+1","floor":24.0},{"not_picked":["Consume","Leap+1"],"picked":"Cold Snap","floor":28},{"not_picked":["Genetic Algorithm+1","Gash+1","Compile Driver"],"picked":"SKIP","floor":29},{"not_picked":["Compile Driver","Darkness","Rebound"],"picked":"SKIP","floor":31}],"player_experience":1007935,"relics_obtained":[{"floor":7.0,"key":"Juzu Bracelet"},{"floor":9.0,"key":"Bronze Scales"},{"floor":12.0,"key":"Centennial Puzzle"},{"floor":24.0,"key":"FossilizedHelix"},{"floor":28,"key":"Girya"},{"floor":30,"key":"Meat on the Bone"}],"event_choices":[{"damage_healed":0.0,"max_hp_gain":5.0,"max_hp_loss":0.0,"gold_gain":0.0,"event_name":"Big Fish","player_choice":"Donut","floor":4.0,"gold_loss":0.0,"damage_taken":0.0},{"damage_healed":0.0,"max_hp_gain":0.0,"max_hp_loss":0.0,"gold_gain":0.0,"event_name":"The Cleric","player_choice":"Leave","floor":5.0,"gold_loss":0.0,"damage_taken":0.0},{"damage_healed":0.0,"max_hp_gain":0.0,"max_hp_loss":0.0,"gold_gain":0.0,"event_name":"Shining Light","player_choice":"Entered Light","floor":6.0,"gold_loss":0.0,"damage_taken":21.0,"cards_upgraded":["Reinforced Body","Consume"]},{"damage_healed":0.0,"max_hp_gain":0.0,"max_hp_loss":0.0,"gold_gain":75.0,"event_name":"World of Goop","player_choice":"Gather Gold","floor":13.0,"gold_loss":0.0,"damage_taken":11.0},{"damage_healed":0.0,"max_hp_gain":0.0,"max_hp_loss":0.0,"gold_gain":0.0,"event_name":"N\u0027loth","player_choice":"Ignored","floor":19.0,"gold_loss":0.0,"damage_taken":0.0},{"damage_healed":0.0,"max_hp_gain":0.0,"max_hp_loss":0.0,"gold_gain":50.0,"event_name":"Nest","player_choice":"Stole From Cult","floor":22.0,"gold_loss":0.0,"damage_taken":0.0}],"is_beta":false,"boss_relics":[{"not_picked":["Fusion Hammer","White Beast Statue"],"picked":"Empty Cage"}],"items_purged_floors":[],"is_endless":false,"potions_floor_spawned":[11,24,29,31],"killed_by":"Champ","ascension_level":20}