{"path_per_floor":["M","?","?","M","M","E","M","$","T","M","R","$","E","?","R","B",null,"M","$","M","?","?","R","M","M","T","$","?","T","?","M","R","B",null,"M","M","$","M","M","R","M","E","T","?","?","R","M","M","R"],"character_chosen":"THE_SILENT","items_purchased":["Pen Nib","Toxic Egg 2","Noxious Fumes","Bag of Marbles","Well Laid Plans","Bag of Preparation","Accuracy"],"gold_per_floor":[144,144,144,189,234,324,369,294,369,414,414,164,254,254,254,554,554,599,156,201,201,201,201,246,291,291,108,108,108,23,68,68,368,368,413,458,178,223,268,268,313,403,403,403,403,403,448,493,493],"floor_reached":50,"campfire_rested":7,"playtime":1953,"current_hp_per_floor":[69,69,69,64,64,35,35,35,35,32,53,53,56,56,70,35,70,61,61,45,29,29,50,50,38,38,38,38,38,38,27,48,52,70,70,61,61,35,33,54,54,40,40,40,40,61,60,60,70],"items_purged":["Strike_G","Strike_G","Defend_G","Strike_G"],"gold":493,"score":584,"play_id":"3470a352-00d8-4999-9228-92038955bdd1","local_time":"20180320092907","daily_mods":["Allstar","Midas","Lethality"],"is_prod":false,"is_daily":true,"is_ascension_mode":false,"campfire_upgraded":0,"timestamp":1521509347,"path_taken":["M","?","?","M","?","E","M","$","T","M","R","?","E","?","R","BOSS","M","$","M","?","?","R","M","?","T","$","?","?","?","M","R","BOSS","M","M","$","M","M","R","M","E","T","?","?","R","?","?","R","BOSS"],"build_version":"2018-03-15v3","purchased_purges":4,"victory":false,"master_deck":["Defend_G","Defend_G","Strike_G","Strike_G","Survivor","Mind Blast","Sadistic Nature","Venomology","Backflip","Cloak And Dagger","Dagger Spray","Escape Plan","Burst","Deadly Poison","Noxious Fumes+1","Catalyst+1","Well Laid Plans+1","Cloak And Dagger+1","Corpse Explosion","Acrobatics+1","Accuracy+1","Bouncing Flask+1","Deadly Poison+1"],"max_hp_per_floor":[70,70,70,70,70,70,70,70,70,70,70,70,70,70,70,70,70,70,70,70,70,70,70,70,70,70,70,70,70,70,70,70,70,70,70,70,70,70,70,70,70,70,70,70,70,70,70,70,70],"relics":["Ring of the Snake","Frozen Egg 2","Pantograph","Pen Nib","Paper Crane","The Specimen","Toxic Egg 2","Enchiridion","Letter Opener","Bag of Marbles","Ancient Tea Set","Smiling Mask","Philosopher\u0027s Stone","Bag of Preparation","Torii","Calipers"],"card_choices":[{"not_picked":["Acrobatics","Concentrate"],"picked":"Backflip"},{"not_picked":["Concentrate","Flechettes"],"picked":"Cloak And Dagger"},{"not_picked":["Deflect","Dagger Throw"],"picked":"Dagger Spray"},{"not_picked":["Infinite Blades","Cloak And Dagger"],"picked":"Escape Plan"},{"not_picked":["Glass Knife","Phantasmal Killer"],"picked":"Burst"},{"not_picked":["Quick Slash","Bane"],"picked":"Deadly Poison"},{"not_picked":["Outmaneuver","Bane"],"picked":"Catalyst"},{"not_picked":["Caltrops","Prepared"],"picked":"Cloak And Dagger"},{"not_picked":["Storm of Steel","Tools of the Trade"],"picked":"Corpse Explosion"},{"not_picked":["Bane","Sucker Punch"],"picked":"Acrobatics"},{"not_picked":["Riddle With Holes","Quick Slash"],"picked":"Bouncing Flask"},{"not_picked":["Prepared","Quick Slash"],"picked":"Deadly Poison"}],"player_experience":287006,"potions_floor_usage":[7,13,13,13,16,16,16,20,25,25,31,38,39,42,47,48,50,50,50,50],"damage_taken":[{"damage":1,"enemies":"2 Louse","floor":1,"turns":2},{"damage":5,"enemies":"Small Slimes","floor":4,"turns":3},{"damage":0,"enemies":"Cultist","floor":5,"turns":2},{"damage":29,"enemies":"Lagavulin","floor":6,"turns":5},{"damage":0,"enemies":"3 Louse","floor":7,"turns":3},{"damage":3,"enemies":"Exordium Thugs","floor":10,"turns":3},{"damage":0,"enemies":"Gremlin Nob","floor":13,"turns":2},{"damage":35,"enemies":"The Guardian","floor":16,"turns":10},{"damage":9,"enemies":"3 Byrds","floor":18,"turns":6},{"damage":16,"enemies":"2 Thieves","floor":20,"turns":4},{"damage":0,"enemies":"Centurion and Healer","floor":24,"turns":3},{"damage":12,"enemies":"Cultist and Chosen","floor":25,"turns":3},{"damage":11,"enemies":"3 Cultists","floor":31,"turns":3},{"damage":18,"enemies":"Automaton","floor":33,"turns":5},{"damage":0,"enemies":"3 Shapes","floor":35,"turns":2},{"damage":9,"enemies":"Orb Walker","floor":36,"turns":3},{"damage":26,"enemies":"Maw","floor":38,"turns":5},{"damage":2,"enemies":"Sphere and 2 Shapes","floor":39,"turns":2},{"damage":0,"enemies":"4 Shapes","floor":41,"turns":3},{"damage":14,"enemies":"Giant Head","floor":42,"turns":5},{"damage":1,"enemies":"3 Darklings","floor":47,"turns":3},{"damage":0,"enemies":"Sphere and 2 Shapes","floor":48,"turns":2},{"damage":77,"enemies":"Time Eater","floor":50,"turns":5}],"event_choices":[{"event_name":"Living Wall","player_choice":"Change","floor":2,"damage_taken":0},{"event_name":"Bonfire Elementals","player_choice":"BASIC","floor":3,"damage_taken":0},{"event_name":"The Lab","player_choice":"Got Potions","floor":14,"damage_taken":0},{"event_name":"Cursed Tome","player_choice":"Obtained Book","floor":21,"damage_taken":0},{"event_name":"Drug Dealer","player_choice":"Ignored","floor":22,"damage_taken":0},{"event_name":"Vampires","player_choice":"Ignored","floor":28,"damage_taken":0},{"event_name":"Addict","player_choice":"Obtained Relic","floor":30,"damage_taken":0},{"event_name":"Match and Keep!","player_choice":"0 cards matched","floor":44,"damage_taken":0}],"boss_relics":[{"not_picked":["Runic Pyramid","Eternal Feather"],"picked":"The Specimen"},{"not_picked":["Calling Bell","Velvet Choker"],"picked":"Philosopher\u0027s Stone"}],"potions_floor_spawned":[4,10,13,20,24,36,38,41,47],"seed_played":"-7629097336603244972","killed_by":"Time Eater","ascension_level":0,"is_trial":false}