{"gold_per_floor":[113,129,149,73,148,148,179,179,179,208,208,208,221,235,235,325,325,349,349,373,393,416,416,331,331,355,399,399,434,434,454,454,550,550,571,36,36,36,36,79,104,104,104,4,4,4,4,20,20,20,20,20,20,20,51,51],"floor_reached":57,"playtime":2251,"items_purged":["Strike_G+1","Strike_G+1"],"score":3002,"play_id":"7c439d97-0a1b-4129-94d5-c96c127faeb8","local_time":"20190415223059","is_ascension_mode":true,"campfire_choices":[{"data":"Catalyst","floor":6.0,"key":"SMITH"},{"data":"Deadly Poison","floor":8.0,"key":"SMITH"},{"data":"Malaise","floor":12.0,"key":"SMITH"},{"data":"Neutralize","floor":15.0,"key":"SMITH"},{"data":"Concentrate","floor":23.0,"key":"SMITH"},{"data":"Concentrate","floor":25.0,"key":"SMITH"},{"floor":32.0,"key":"REST"},{"data":"Catalyst","floor":42.0,"key":"SMITH"},{"floor":46.0,"key":"RECALL"},{"data":"Backflip","floor":49.0,"key":"SMITH"},{"floor":53.0,"key":"REST"}],"neow_cost":"NONE","seed_source_timestamp":37112894063698,"circlet_count":0,"master_deck":["AscendersBane","Defend_G+1","Defend_G+1","Defend_G+1","Defend_G+1","Defend_G+1","Strike_G+1","Strike_G+1","Survivor+1","Neutralize+1","Malaise+1","Backflip+1","Deadly Poison+1","Catalyst+1","Concentrate+1","Storm of Steel+1","Escape Plan+1","Tactician+1","Concentrate+1","Catalyst+1","Endless Agony+1","Calculated Gamble+1","Catalyst+1","Master of Strategy+1","Magnetism+1","Transmutation+1","Acrobatics+1","Calculated Gamble+1","Backflip+1","Outmaneuver+1"],"special_seed":0,"relics":["Ring of the Snake","Dead Branch","Ginger","StoneCalendar","Golden Idol","Runic Dome","Vajra","Lantern","Bottled Lightning","Ornamental Fan","Philosopher\u0027s Stone","TwistedFunnel","Oddly Smooth Stone","Omamori","Mark of the Bloom","Boot"],"potions_floor_usage":[56],"damage_taken":[{"damage":0.0,"enemies":"Jaw Worm","floor":1.0,"turns":5.0},{"damage":0.0,"enemies":"2 Louse","floor":2.0,"turns":4.0},{"damage":0.0,"enemies":"Small Slimes","floor":3.0,"turns":4.0},{"damage":9.0,"enemies":"Lagavulin","floor":7.0,"turns":6.0},{"damage":25.0,"enemies":"Gremlin Nob","floor":10.0,"turns":5.0},{"damage":0.0,"enemies":"Red Slaver","floor":13.0,"turns":4.0},{"damage":0.0,"enemies":"Looter","floor":14.0,"turns":3.0},{"damage":0.0,"enemies":"The Guardian","floor":16.0,"turns":8.0},{"damage":2.0,"enemies":"Chosen","floor":18.0,"turns":5.0},{"damage":1.0,"enemies":"Shell Parasite","floor":20.0,"turns":5.0},{"damage":1.0,"enemies":"Centurion and Healer","floor":21.0,"turns":7.0},{"damage":0.0,"enemies":"Snake Plant","floor":22.0,"turns":6.0},{"damage":17.0,"enemies":"Slavers","floor":27.0,"turns":7.0},{"damage":8.0,"enemies":"Book of Stabbing","floor":29.0,"turns":4.0},{"damage":0.0,"enemies":"Colosseum Slavers","floor":30.0,"turns":5.0},{"damage":13.0,"enemies":"3 Cultists","floor":31.0,"turns":7.0},{"damage":17.0,"enemies":"Collector","floor":33.0,"turns":7.0},{"damage":16.0,"enemies":"3 Darklings","floor":35.0,"turns":6.0},{"damage":0.0,"enemies":"Giant Head","floor":40.0,"turns":4.0},{"damage":0.0,"enemies":"Orb Walker","floor":41.0,"turns":2.0},{"damage":0.0,"enemies":"Jaw Worm Horde","floor":48.0,"turns":3.0},{"damage":1.0,"enemies":"Donu and Deca","floor":50.0,"turns":3.0},{"damage":0.0,"enemies":"Time Eater","floor":51.0,"turns":4.0},{"damage":0.0,"enemies":"Shield and Spear","floor":55.0,"turns":6.0},{"damage":24,"enemies":"The Heart","floor":56,"turns":5}],"seed_played":"-9084396246607589877","potions_obtained":[{"floor":7.0,"key":"EssenceOfSteel"},{"floor":10.0,"key":"EssenceOfSteel"},{"floor":13.0,"key":"Block Potion"},{"floor":20.0,"key":"Weak Potion"},{"floor":21.0,"key":"PowerPotion"},{"floor":22.0,"key":"Swift Potion"},{"floor":31.0,"key":"LiquidBronze"},{"floor":40.0,"key":"Explosive Potion"},{"floor":48.0,"key":"SteroidPotion"}],"is_trial":false,"path_per_floor":["M","M","M","$","?","R","E","R","T","E","?","R","M","M","R","B",null,"M","?","M","M","M","R","?","R","T","E","?","E","?","M","R","B",null,"M","$","?","?","?","E","M","R","T","$","?","R","$","M","R","B","B",null,"R","$","E","B",null],"character_chosen":"THE_SILENT","items_purchased":["Catalyst","Catalyst","TwistedFunnel","Oddly Smooth Stone"],"campfire_rested":2,"item_purchase_floors":[4,36,36,36],"current_hp_per_floor":[59,59,59,59,48,48,39,39,39,14,14,14,14,14,14,14,49,47,47,46,45,45,45,45,45,45,28,28,20,20,7,25,8,47,31,31,21,21,67,67,67,67,67,67,67,67,67,67,67,66,66,66,66,66,66,42],"gold":51,"neow_bonus":"ONE_RANDOM_RARE_CARD","is_prod":false,"is_daily":false,"chose_seed":false,"campfire_upgraded":8,"win_rate":0,"timestamp":1555338659,"path_taken":["M","M","M","$","?","R","E","R","T","E","?","R","M","M","R","BOSS","M","?","M","?","M","R","?","R","T","E","?","E","?","M","R","BOSS","M","$","?","?","?","E","?","R","T","?","?","R","$","M","R","BOSS","BOSS","R","$","E","BOSS"],"build_version":"2019-01-23","purchased_purges":2,"victory":true,"max_hp_per_floor":[66,66,66,66,66,66,66,66,66,66,60,60,60,60,60,60,60,60,60,60,60,60,60,60,60,60,60,60,60,60,60,60,60,60,60,60,60,57,67,67,67,67,67,67,67,67,67,67,67,67,67,67,67,67,67,67],"card_choices":[{"not_picked":["Dagger Throw","Sucker Punch"],"picked":"Backflip","floor":1.0},{"not_picked":["Infinite Blades","Deflect"],"picked":"Deadly Poison","floor":2.0},{"not_picked":["Flying Knee","Blade Dance","Deflect"],"picked":"SKIP","floor":3.0},{"not_picked":["Calculated Gamble","Quick Slash"],"picked":"Concentrate","floor":7.0},{"not_picked":["Acrobatics","Caltrops","Crippling Poison"],"picked":"SKIP","floor":10.0},{"not_picked":["Dagger Spray","Flechettes","Underhanded Strike"],"picked":"SKIP","floor":13.0},{"not_picked":["Flying Knee","Phantasmal Killer","Prepared"],"picked":"SKIP","floor":14.0},{"not_picked":["Bullet Time","Glass Knife"],"picked":"Storm of Steel","floor":16.0},{"not_picked":["Backflip","Deadly Poison"],"picked":"Escape Plan","floor":18.0},{"not_picked":["Backflip","Sucker Punch"],"picked":"Tactician+1","floor":20.0},{"not_picked":["Sucker Punch","Prepared","Deadly Poison"],"picked":"SKIP","floor":21.0},{"not_picked":["PiercingWail","Slice"],"picked":"Concentrate","floor":22.0},{"not_picked":["Deadly Poison","Terror"],"picked":"Catalyst","floor":27.0},{"not_picked":["Dash+1","Masterful Stab","Dagger Spray"],"picked":"SKIP","floor":29.0},{"not_picked":["Endless Agony","Dodge and Roll","Slice"],"picked":"SKIP","floor":31.0},{"not_picked":["Dodge and Roll","Slice"],"picked":"Endless Agony","floor":31.0},{"not_picked":["Glass Knife","Unload"],"picked":"Malaise","floor":33.0},{"not_picked":["Terror","Bane+1"],"picked":"Calculated Gamble","floor":35.0},{"not_picked":["Thinking Ahead","Forethought"],"picked":"Master of Strategy","floor":37.0},{"not_picked":["Sadistic Nature","Madness"],"picked":"Magnetism","floor":37.0},{"not_picked":["Panacea","Deep Breath"],"picked":"Transmutation","floor":37.0},{"not_picked":["Deadly Poison","Backstab"],"picked":"Acrobatics","floor":40.0},{"not_picked":["Terror+1","Sucker Punch+1"],"picked":"Calculated Gamble+1","floor":41.0},{"not_picked":["Bane","Underhanded Strike+1"],"picked":"Backflip","floor":48.0},{"not_picked":["Storm of Steel","Blade Dance+1"],"picked":"Outmaneuver+1","floor":55.0}],"player_experience":4299986,"relics_obtained":[{"floor":7.0,"key":"Dead Branch"},{"floor":9.0,"key":"Ginger"},{"floor":10.0,"key":"StoneCalendar"},{"floor":26.0,"key":"Lantern"},{"floor":27.0,"key":"Bottled Lightning"},{"floor":29.0,"key":"Ornamental Fan"},{"floor":40.0,"key":"Omamori"},{"floor":55.0,"key":"Boot"}],"event_choices":[{"damage_healed":0.0,"max_hp_gain":0.0,"max_hp_loss":0.0,"gold_gain":75.0,"event_name":"World of Goop","player_choice":"Gather Gold","floor":5.0,"gold_loss":0.0,"damage_taken":11.0},{"damage_healed":0.0,"max_hp_gain":0.0,"max_hp_loss":6.0,"gold_gain":0.0,"event_name":"Golden Idol","player_choice":"Lose Max HP","floor":11.0,"gold_loss":0.0,"damage_taken":0.0,"relics_obtained":["Golden Idol"]},{"cards_removed":["Strike_G"],"damage_healed":0.0,"max_hp_gain":0.0,"max_hp_loss":0.0,"gold_gain":0.0,"event_name":"Purifier","player_choice":"Purged","floor":19.0,"gold_loss":0.0,"damage_taken":0.0},{"damage_healed":0.0,"max_hp_gain":0.0,"max_hp_loss":0.0,"gold_gain":0.0,"event_name":"Addict","player_choice":"Obtained Relic","floor":24.0,"gold_loss":85.0,"damage_taken":0.0,"relics_obtained":["Vajra"]},{"damage_healed":0.0,"max_hp_gain":0.0,"max_hp_loss":0.0,"gold_gain":0.0,"event_name":"Back to Basics","player_choice":"Simplicity","floor":28.0,"gold_loss":0.0,"damage_taken":0.0,"cards_upgraded":["Defend_G","Defend_G","Defend_G","Defend_G","Defend_G","Strike_G","Strike_G","Strike_G","Strike_G"]},{"damage_healed":0.0,"max_hp_gain":0.0,"max_hp_loss":0.0,"gold_gain":0.0,"event_name":"Colosseum","player_choice":"Fight","floor":30.0,"gold_loss":0.0,"damage_taken":0.0},{"damage_healed":0.0,"max_hp_gain":0.0,"max_hp_loss":0.0,"gold_gain":0.0,"event_name":"Colosseum","player_choice":"Fled From Nobs","floor":30.0,"gold_loss":0.0,"damage_taken":0.0},{"damage_healed":0.0,"max_hp_gain":0.0,"max_hp_loss":0.0,"gold_gain":0.0,"event_name":"SensoryStone","player_choice":"Memory 3","floor":37.0,"gold_loss":0.0,"damage_taken":10.0},{"damage_healed":0.0,"max_hp_gain":0.0,"max_hp_loss":3.0,"gold_gain":0.0,"event_name":"Winding Halls","player_choice":"Max HP","floor":38.0,"gold_loss":0.0,"damage_taken":0.0},{"cards_removed":["Malaise"],"damage_healed":36.0,"max_hp_gain":10.0,"max_hp_loss":0.0,"gold_gain":0.0,"event_name":"Bonfire Elementals","player_choice":"Offered Rare","floor":39.0,"gold_loss":0.0,"damage_taken":0.0},{"damage_healed":0.0,"max_hp_gain":0.0,"max_hp_loss":0.0,"gold_gain":0.0,"event_name":"MindBloom","player_choice":"Upgrade","floor":45.0,"gold_loss":0.0,"damage_taken":0.0,"cards_upgraded":["Survivor","Backflip","Storm of Steel","Escape Plan","Catalyst","Endless Agony","Calculated Gamble","Master of Strategy","Magnetism","Transmutation","Acrobatics"],"relics_obtained":["Mark of the Bloom"]}],"is_beta":false,"boss_relics":[{"not_picked":["Fusion Hammer","Black Star"],"picked":"Runic Dome"},{"not_picked":["Ring of the Serpent","WristBlade"],"picked":"Philosopher\u0027s Stone"}],"items_purged_floors":[36,44],"is_endless":false,"potions_floor_spawned":[7,10,13,20,21,22,30,31,40,48],"ascension_level":20}