{"gold_per_floor":[112,126,51,62,62,62,105,105,182,202,22,22,22,46,46,141,141,155,155,30,30,73,73,73,73,73,89,89,102,118,159,159,257,257,271,292,342,70,86,86,99,114,114,114,138,169,169,193,193,193,193,193,193,10,54,54],"floor_reached":57,"playtime":2319,"items_purged":["Strike_G","Strike_G","Strike_G","Defend_G","Defend_G+1"],"score":3204,"play_id":"5c507d10-0069-4a01-963b-b0ac8a568b28","local_time":"20190220190330","is_ascension_mode":true,"campfire_choices":[{"data":"Predator","floor":6.0,"key":"SMITH"},{"data":"Noxious Fumes","floor":8.0,"key":"SMITH"},{"data":"Acrobatics","floor":12.0,"key":"SMITH"},{"data":"Neutralize","floor":15.0,"key":"SMITH"},{"data":"Grand Finale","floor":23.0,"key":"SMITH"},{"data":"Survivor","floor":28.0,"key":"SMITH"},{"floor":32.0,"key":"RECALL"},{"data":"Defend_G","floor":40.0,"key":"SMITH"},{"data":"Endless Agony","floor":44.0,"key":"SMITH"},{"data":"Defend_G","floor":47.0,"key":"SMITH"},{"floor":49.0,"key":"REST"},{"floor":53.0,"key":"REST"}],"neow_cost":"TEN_PERCENT_HP_LOSS","seed_source_timestamp":25462469076616,"circlet_count":0,"master_deck":["AscendersBane","Defend_G+1","Survivor+1","Neutralize+1","Grand Finale+1","Acrobatics+1","Noxious Fumes+1","Expertise+1","Endless Agony+1","Night Terror+1","Calculated Gamble+1","Tactician+1","Adrenaline+1","Well Laid Plans+1","Burst+1","Caltrops+1","Adrenaline+1"],"special_seed":0,"relics":["Ring of the Snake","Golden Idol","Bag of Preparation","Toxic Egg 2","Runic Pyramid","Red Mask","Pen Nib","Smiling Mask","Astrolabe","Membership Card","Meat on the Bone","Incense Burner","TwistedFunnel","Pocketwatch"],"potions_floor_usage":[56],"damage_taken":[{"damage":4.0,"enemies":"Cultist","floor":1.0,"turns":5.0},{"damage":0.0,"enemies":"2 Louse","floor":2.0,"turns":3.0},{"damage":0.0,"enemies":"Jaw Worm","floor":4.0,"turns":4.0},{"damage":32.0,"enemies":"3 Sentries","floor":7.0,"turns":10.0},{"damage":6.0,"enemies":"Exordium Thugs","floor":10.0,"turns":3.0},{"damage":6.0,"enemies":"3 Louse","floor":14.0,"turns":4.0},{"damage":0.0,"enemies":"Hexaghost","floor":16.0,"turns":6.0},{"damage":10.0,"enemies":"Shell Parasite","floor":18.0,"turns":4.0},{"damage":0.0,"enemies":"Masked Bandits","floor":22.0,"turns":2.0},{"damage":0.0,"enemies":"2 Thieves","floor":27.0,"turns":2.0},{"damage":0.0,"enemies":"Centurion and Healer","floor":29.0,"turns":1.0},{"damage":0.0,"enemies":"Chosen and Byrds","floor":30.0,"turns":2.0},{"damage":0.0,"enemies":"Gremlin Leader","floor":31.0,"turns":3.0},{"damage":0.0,"enemies":"Collector","floor":33.0,"turns":3.0},{"damage":0.0,"enemies":"3 Darklings","floor":35.0,"turns":1.0},{"damage":0.0,"enemies":"3 Shapes","floor":36.0,"turns":1.0},{"damage":0.0,"enemies":"3 Darklings","floor":39.0,"turns":2.0},{"damage":0.0,"enemies":"Spire Growth","floor":41.0,"turns":2.0},{"damage":0.0,"enemies":"Sphere and 2 Shapes","floor":42.0,"turns":1.0},{"damage":0.0,"enemies":"3 Darklings","floor":45.0,"turns":1.0},{"damage":0.0,"enemies":"Reptomancer","floor":46.0,"turns":2.0},{"damage":0.0,"enemies":"Writhing Mass","floor":48.0,"turns":1.0},{"damage":0.0,"enemies":"Time Eater","floor":50.0,"turns":4.0},{"damage":0.0,"enemies":"Awakened One","floor":51.0,"turns":2.0},{"damage":0.0,"enemies":"Shield and Spear","floor":55.0,"turns":1.0},{"damage":69,"enemies":"The Heart","floor":56,"turns":6}],"seed_played":"-9040011680203776081","potions_obtained":[{"floor":2.0,"key":"Strength Potion"},{"floor":7.0,"key":"LiquidBronze"},{"floor":22.0,"key":"Explosive Potion"},{"floor":29.0,"key":"PowerPotion"},{"floor":30.0,"key":"Fruit Juice"},{"floor":33.0,"key":"Regen Potion"},{"floor":36.0,"key":"Fruit Juice"},{"floor":42.0,"key":"SpeedPotion"}],"is_trial":false,"path_per_floor":["M","M","$","M","?","R","E","R","T","M","$","R","?","M","R","B",null,"M","?","$","?","?","R","?","T","T","M","R","M","M","E","R","B",null,"M","M","?","$","M","R","M","M","T","R","M","E","R","M","R","B","B",null,"R","$","E","B",null],"character_chosen":"THE_SILENT","items_purchased":["Expertise+1","Membership Card","TwistedFunnel","AttackPotion"],"campfire_rested":2,"item_purchase_floors":[11,38,54,54],"current_hp_per_floor":[55,55,55,55,54,54,22,22,22,16,16,16,16,10,10,10,43,33,33,33,33,33,33,33,33,33,33,33,33,33,38,38,38,54,54,59,59,59,59,59,59,59,59,59,59,59,59,59,64,64,64,64,64,64,64,22],"gold":54,"neow_bonus":"THREE_RARE_CARDS","is_prod":false,"is_daily":false,"chose_seed":false,"campfire_upgraded":9,"win_rate":0,"timestamp":1550660610,"path_taken":["M","?","$","M","?","R","E","R","T","M","$","R","?","M","R","BOSS","M","?","$","?","?","R","?","?","T","?","R","M","M","E","R","BOSS","M","M","?","$","?","R","M","M","T","R","M","E","R","M","R","BOSS","BOSS","R","$","E","BOSS"],"build_version":"2019-01-23","purchased_purges":5,"victory":true,"max_hp_per_floor":[60,60,60,60,54,54,54,54,54,54,54,54,54,54,54,54,54,54,54,54,54,54,54,54,54,54,54,54,54,54,59,59,59,59,59,64,64,64,64,64,64,64,64,64,64,64,64,64,64,64,64,64,64,64,64,64],"card_choices":[{"not_picked":["Tools of the Trade","Phantasmal Killer"],"picked":"Grand Finale","floor":0.0},{"not_picked":["Outmaneuver","Dagger Throw"],"picked":"Acrobatics","floor":1.0},{"not_picked":["Poisoned Stab","Bane","Cloak And Dagger"],"picked":"SKIP","floor":2.0},{"not_picked":["Underhanded Strike","Choke"],"picked":"Predator","floor":4.0},{"not_picked":["Endless Agony","Outmaneuver"],"picked":"Noxious Fumes","floor":7.0},{"not_picked":["Bane","Crippling Poison+1","Heel Hook"],"picked":"SKIP","floor":10.0},{"not_picked":["Deadly Poison+1","Slice"],"picked":"Night Terror+1","floor":14.0},{"not_picked":["Distraction+1","Blade Dance+1"],"picked":"Calculated Gamble+1","floor":18.0},{"not_picked":["All Out Attack","Deadly Poison+1"],"picked":"Tactician+1","floor":22.0},{"not_picked":["PiercingWail+1","Dagger Throw","Flying Knee"],"picked":"SKIP","floor":27.0},{"not_picked":["Distraction+1","Catalyst+1","Eviscerate"],"picked":"SKIP","floor":29.0},{"not_picked":["Tactician+1","Deadly Poison+1","Flying Knee"],"picked":"SKIP","floor":30.0},{"not_picked":["Storm of Steel+1","Malaise+1","Setup+1"],"picked":"SKIP","floor":31.0},{"not_picked":["Burst+1","Venomology+1"],"picked":"Adrenaline+1","floor":33.0},{"not_picked":["Dodge and Roll+1","Quick Slash","Outmaneuver+1"],"picked":"SKIP","floor":35.0},{"not_picked":["Setup+1","Eviscerate","Deflect+1"],"picked":"SKIP","floor":36.0},{"not_picked":["All Out Attack","Outmaneuver+1","Slice+1"],"picked":"SKIP","floor":39.0},{"not_picked":["Bouncing Flask+1","Blade Dance+1","Deflect+1"],"picked":"SKIP","floor":41.0},{"not_picked":["Terror+1","Backstab+1","PiercingWail+1"],"picked":"SKIP","floor":42.0},{"not_picked":["Prepared+1","Blur+1","Bane"],"picked":"SKIP","floor":45.0},{"not_picked":["Expertise+1","Crippling Poison+1"],"picked":"Adrenaline+1","floor":46.0},{"not_picked":["Backstab","Dodge and Roll+1","Calculated Gamble+1"],"picked":"SKIP","floor":48.0},{"not_picked":["Backflip+1","All Out Attack","Dagger Throw"],"picked":"SKIP","floor":55.0}],"player_experience":2998254,"relics_obtained":[{"floor":7.0,"key":"Bag of Preparation"},{"floor":9.0,"key":"Toxic Egg 2"},{"floor":22.0,"key":"Red Mask"},{"floor":26.0,"key":"Pen Nib"},{"floor":31.0,"key":"Smiling Mask"},{"floor":43.0,"key":"Meat on the Bone"},{"floor":46.0,"key":"Incense Burner"},{"floor":55.0,"key":"Pocketwatch"}],"event_choices":[{"damage_healed":0.0,"max_hp_gain":0.0,"max_hp_loss":6.0,"gold_gain":0.0,"event_name":"Golden Idol","player_choice":"Lose Max HP","floor":5.0,"gold_loss":0.0,"damage_taken":0.0,"relics_obtained":["Golden Idol"]},{"damage_healed":0.0,"max_hp_gain":0.0,"max_hp_loss":0.0,"gold_gain":0.0,"cards_transformed":["Strike_G"],"event_name":"Transmorgrifier","player_choice":"Transformed","floor":13.0,"gold_loss":0.0,"damage_taken":0.0,"cards_obtained":["Endless Agony"]},{"cards_removed":["Strike_G"],"damage_healed":0.0,"max_hp_gain":0.0,"max_hp_loss":0.0,"gold_gain":0.0,"event_name":"Back to Basics","player_choice":"Elegance","floor":21.0,"gold_loss":0.0,"damage_taken":0.0},{"damage_healed":0.0,"max_hp_gain":0.0,"max_hp_loss":0.0,"gold_gain":0.0,"event_name":"Masked Bandits","player_choice":"Fought Bandits","floor":22.0,"gold_loss":0.0,"damage_taken":0.0},{"damage_healed":0.0,"max_hp_gain":0.0,"max_hp_loss":0.0,"gold_gain":0.0,"event_name":"The Mausoleum","player_choice":"Ignored","floor":24.0,"gold_loss":0.0,"damage_taken":0.0},{"damage_healed":0.0,"max_hp_gain":0.0,"max_hp_loss":0.0,"gold_gain":50.0,"event_name":"Golden Shrine","player_choice":"Pray","floor":37.0,"gold_loss":0.0,"damage_taken":0.0}],"is_beta":false,"boss_relics":[{"not_picked":["Busted Crown","Snecko Eye"],"picked":"Runic Pyramid"},{"not_picked":["Calling Bell","Runic Dome"],"picked":"Astrolabe"}],"items_purged_floors":[3,11,20,38,54],"is_endless":false,"potions_floor_spawned":[2,7,22,27,29,30,33,35,36,42,45],"ascension_level":20}