{"gold_per_floor":[112,37,53,53,53,80,80,80,80,95,95,115,150,175,175,175],"floor_reached":16,"playtime":398,"items_purged":["Strike_G"],"score":250,"play_id":"11c8594c-c777-4155-aab8-4c134580a2ea","local_time":"20190716233019","is_ascension_mode":true,"campfire_choices":[{"data":"Deadly Poison","floor":8.0,"key":"SMITH"},{"data":"Calculated Gamble","floor":15.0,"key":"SMITH"}],"neow_cost":"NONE","seed_source_timestamp":163079710084500,"circlet_count":0,"master_deck":["AscendersBane","Strike_G","Strike_G","Strike_G","Defend_G","Defend_G","Defend_G","Defend_G","Defend_G","Survivor","Neutralize","Well Laid Plans","Deadly Poison+1","Calculated Gamble+1","Tactician","Prepared","Caltrops"],"special_seed":0,"relics":["Ring of the Snake","NeowsBlessing","Sundial","Golden Idol","Question Card","Pantograph","Odd Mushroom"],"potions_floor_usage":[16],"damage_taken":[{"damage":0.0,"enemies":"Small Slimes","floor":1.0,"turns":1.0},{"damage":0.0,"enemies":"Jaw Worm","floor":3.0,"turns":1.0},{"damage":0.0,"enemies":"3 Sentries","floor":6.0,"turns":2.0},{"damage":2.0,"enemies":"2 Louse","floor":10.0,"turns":3.0},{"damage":13.0,"enemies":"2 Fungi Beasts","floor":12.0,"turns":5.0},{"damage":22.0,"enemies":"The Mushroom Lair","floor":13.0,"turns":7.0},{"damage":5.0,"enemies":"3 Louse","floor":14.0,"turns":5.0},{"damage":41,"enemies":"Hexaghost","floor":16,"turns":9}],"seed_played":"136532667382457508","potions_obtained":[{"floor":10.0,"key":"GamblersBrew"},{"floor":13.0,"key":"Poison Potion"}],"is_trial":false,"path_per_floor":["M","$","M","?","?","E","?","R","T","M","?","M","?","M","R","B"],"character_chosen":"THE_SILENT","items_purchased":[],"campfire_rested":0,"item_purchase_floors":[],"current_hp_per_floor":[59,59,59,52,57,57,57,57,57,55,55,42,20,15,15,0],"gold":175,"neow_bonus":"THREE_ENEMY_KILL","is_prod":false,"is_daily":false,"chose_seed":false,"campfire_upgraded":2,"win_rate":0,"timestamp":1563291019,"path_taken":["M","$","M","?","?","E","?","R","T","M","?","M","?","M","R","BOSS"],"build_version":"2019-07-05","purchased_purges":1,"victory":false,"max_hp_per_floor":[66,66,66,66,71,71,64,64,64,64,64,64,64,64,64,64],"card_choices":[{"not_picked":["Sucker Punch","Acrobatics"],"picked":"Well Laid Plans","floor":1.0},{"not_picked":["Backflip","Slice"],"picked":"Deadly Poison","floor":3.0},{"not_picked":["Reflex","Tactician"],"picked":"Calculated Gamble","floor":6.0},{"not_picked":["Quick Slash","Outmaneuver","Dagger Throw"],"picked":"Tactician","floor":10.0},{"not_picked":["Dagger Spray","Quick Slash","Poisoned Stab","Caltrops"],"picked":"SKIP","floor":12.0},{"not_picked":["Distraction","Heel Hook","Dagger Spray"],"picked":"Prepared","floor":13.0},{"not_picked":["Prepared","Quick Slash","Dagger Throw"],"picked":"Caltrops","floor":14.0}],"player_experience":655325,"relics_obtained":[{"floor":6.0,"key":"Sundial"},{"floor":9.0,"key":"Question Card"},{"floor":13.0,"key":"Odd Mushroom"}],"event_choices":[{"cards_removed":["Strike_G"],"damage_healed":0.0,"max_hp_gain":0.0,"max_hp_loss":0.0,"gold_gain":0.0,"event_name":"Golden Wing","player_choice":"Card Removal","floor":4.0,"gold_loss":0.0,"damage_taken":7.0},{"damage_healed":0.0,"max_hp_gain":5.0,"max_hp_loss":0.0,"gold_gain":0.0,"event_name":"Big Fish","player_choice":"Donut","floor":5.0,"gold_loss":0.0,"damage_taken":0.0},{"damage_healed":0.0,"max_hp_gain":0.0,"max_hp_loss":7.0,"gold_gain":0.0,"event_name":"Golden Idol","player_choice":"Lose Max HP","floor":7.0,"gold_loss":0.0,"damage_taken":0.0,"relics_obtained":["Golden Idol"]},{"damage_healed":0.0,"max_hp_gain":0.0,"max_hp_loss":0.0,"gold_gain":0.0,"event_name":"Dead Adventurer","player_choice":"Searched \u00272\u0027 times","floor":11.0,"gold_loss":0.0,"damage_taken":0.0,"relics_obtained":["Pantograph"]},{"damage_healed":0.0,"max_hp_gain":0.0,"max_hp_loss":0.0,"gold_gain":0.0,"event_name":"Mushrooms","player_choice":"Fought Mushrooms","floor":13.0,"gold_loss":0.0,"damage_taken":0.0}],"is_beta":false,"boss_relics":[],"items_purged_floors":[2],"is_endless":false,"potions_floor_spawned":[10,13],"killed_by":"Hexaghost","ascension_level":20}