{"gold_per_floor":[119,119,135,60,335,335,55,55,130,165,11,46,64,79,79,157,157,173,173,190,209,226,251,251,280,315,358,270,195,195,207,207,278,278,295,295,375,385,395,428,428,86,86,116,136,166,177,192,192,192,192,192,192,54,79,79],"floor_reached":57,"playtime":5165,"items_purged":["Regret","Strike_B","Strike_B"],"score":2970,"play_id":"2ad56629-4af5-41ad-8619-4e75f9c8f420","local_time":"20190319013317","is_ascension_mode":true,"campfire_choices":[{"data":"Reinforced Body","floor":6.0,"key":"SMITH"},{"data":"Apotheosis","floor":8.0,"key":"SMITH"},{"floor":15.0,"key":"REST"},{"floor":24.0,"key":"REST"},{"floor":32.0,"key":"REST"},{"floor":49.0,"key":"RECALL"},{"floor":53.0,"key":"REST"}],"neow_cost":"NONE","seed_source_timestamp":45615388469117,"circlet_count":0,"master_deck":["AscendersBane","Defend_B","Defend_B","Defend_B","Defend_B","Zap","Dualcast","Gash","Reinforced Body+1","Apotheosis+1","Gash","Chill","Defragment","Cold Snap","Cold Snap","Recycle","Skim","Defragment+1","Defragment","Hologram","All For One","Seek","Echo Form","Capacitor","Echo Form","Heatsinks","Turbo+1","Capacitor","Undo+1","White Noise","Discovery","Impatience","Chrysalis","Hologram+1","Creative AI","Compile Driver+1","Go for the Eyes+1"],"special_seed":0,"relics":["Cracked Core","Happy Flower","Pen Nib","Pantograph","Orichalcum","Thread and Needle","Fusion Hammer","Blood Vial","MawBank","Bronze Scales","Blue Candle","Orrery","Bag of Preparation","OrangePellets","Dodecahedron","StoneCalendar","Boot","Gremlin Horn"],"potions_floor_usage":[56],"damage_taken":[{"damage":3.0,"enemies":"2 Louse","floor":1.0,"turns":3.0},{"damage":0.0,"enemies":"Small Slimes","floor":3.0,"turns":2.0},{"damage":14.0,"enemies":"Lagavulin","floor":10.0,"turns":8.0},{"damage":38.0,"enemies":"Gremlin Nob","floor":12.0,"turns":5.0},{"damage":0.0,"enemies":"Cultist","floor":13.0,"turns":3.0},{"damage":0.0,"enemies":"Blue Slaver","floor":14.0,"turns":3.0},{"damage":0.0,"enemies":"Slime Boss","floor":16.0,"turns":11.0},{"damage":0.0,"enemies":"3 Byrds","floor":18.0,"turns":6.0},{"damage":0.0,"enemies":"Spheric Guardian","floor":20.0,"turns":4.0},{"damage":9.0,"enemies":"Snake Plant","floor":21.0,"turns":4.0},{"damage":0.0,"enemies":"Snecko","floor":22.0,"turns":10.0},{"damage":34.0,"enemies":"Slavers","floor":23.0,"turns":8.0},{"damage":25.0,"enemies":"Gremlin Leader","floor":25.0,"turns":7.0},{"damage":5.0,"enemies":"Slavers","floor":27.0,"turns":6.0},{"damage":0.0,"enemies":"3 Cultists","floor":31.0,"turns":5.0},{"damage":8.0,"enemies":"Automaton","floor":33.0,"turns":9.0},{"damage":2.0,"enemies":"Orb Walker","floor":35.0,"turns":5.0},{"damage":21.0,"enemies":"3 Darklings","floor":38.0,"turns":8.0},{"damage":0.0,"enemies":"Maw","floor":39.0,"turns":10.0},{"damage":0.0,"enemies":"Giant Head","floor":40.0,"turns":6.0},{"damage":8.0,"enemies":"Reptomancer","floor":44.0,"turns":5.0},{"damage":0.0,"enemies":"4 Shapes","floor":45.0,"turns":4.0},{"damage":10.0,"enemies":"Nemesis","floor":46.0,"turns":5.0},{"damage":0.0,"enemies":"Sphere and 2 Shapes","floor":47.0,"turns":5.0},{"damage":28.0,"enemies":"Jaw Worm Horde","floor":48.0,"turns":5.0},{"damage":9.0,"enemies":"Donu and Deca","floor":50.0,"turns":6.0},{"damage":45.0,"enemies":"Awakened One","floor":51.0,"turns":7.0},{"damage":3.0,"enemies":"Shield and Spear","floor":55.0,"turns":4.0},{"damage":56,"enemies":"The Heart","floor":56,"turns":8}],"seed_played":"-5737700783022745147","potions_obtained":[{"floor":10.0,"key":"Fruit Juice"},{"floor":12.0,"key":"Poison Potion"},{"floor":14.0,"key":"Dexterity Potion"},{"floor":23.0,"key":"Explosive Potion"},{"floor":27.0,"key":"Weak Potion"},{"floor":33.0,"key":"Block Potion"},{"floor":45.0,"key":"Block Potion"},{"floor":47.0,"key":"LiquidBronze"},{"floor":48.0,"key":"Poison Potion"},{"floor":55.0,"key":"SpeedPotion"}],"is_trial":false,"path_per_floor":["M","?","M","?","?","R","$","R","T","E","$","E","M","M","R","B",null,"M","?","M","M","M","E","R","E","T","E","$","?","?","M","R","B",null,"M","?","T","M","M","E","?","$","T","E","M","E","M","M","R","B","B",null,"R","$","E","B",null],"character_chosen":"DEFECT","items_purchased":["Apotheosis","Chill","Defragment","OrangePellets","GamblersBrew","SpeedPotion"],"campfire_rested":4,"item_purchase_floors":[7,11,11,42,54,54],"current_hp_per_floor":[61,50,50,50,50,50,50,50,50,36,36,3,3,3,25,50,70,70,70,70,61,61,27,49,26,26,23,23,23,1,3,27,46,72,72,62,62,43,45,47,47,47,47,41,43,35,37,11,11,29,11,64,81,81,78,25],"gold":79,"neow_bonus":"RANDOM_COMMON_RELIC","is_prod":false,"is_daily":false,"chose_seed":false,"campfire_upgraded":2,"win_rate":0,"timestamp":1552930397,"path_taken":["M","?","M","?","?","R","$","R","T","E","$","E","M","?","R","BOSS","M","?","M","M","M","E","R","E","T","E","$","?","?","?","R","BOSS","M","?","?","M","M","E","?","$","T","E","M","E","M","M","R","BOSS","BOSS","R","$","E","BOSS"],"build_version":"2019-01-23","purchased_purges":3,"victory":true,"max_hp_per_floor":[71,71,71,71,71,71,71,71,71,71,71,76,76,76,76,76,76,76,76,76,76,76,76,76,76,76,76,76,76,81,81,81,81,81,81,81,81,81,81,81,81,81,81,81,81,81,81,81,81,81,81,81,81,81,81,81],"card_choices":[{"not_picked":["Steam","Loop"],"picked":"Gash","floor":1.0},{"not_picked":["Hello World","Chaos"],"picked":"Reinforced Body","floor":3.0},{"not_picked":["Beam Cell","Steam"],"picked":"Gash","floor":10.0},{"not_picked":["Hello World","Beam Cell"],"picked":"Cold Snap","floor":12.0},{"not_picked":["Redo","Lockon"],"picked":"Cold Snap","floor":13.0},{"not_picked":["Steam","Beam Cell"],"picked":"Recycle","floor":14.0},{"not_picked":["Leap","Beam Cell"],"picked":"Skim","floor":18.0},{"not_picked":["Stack","Streamline"],"picked":"Defragment+1","floor":20.0},{"not_picked":["Rebound","Sweeping Beam"],"picked":"Defragment","floor":21.0},{"not_picked":["Hello World","Conserve Battery"],"picked":"Hologram","floor":22.0},{"not_picked":["Core Surge","Skim"],"picked":"All For One","floor":23.0},{"not_picked":["Aggregate","Chill"],"picked":"Seek","floor":25.0},{"not_picked":["Leap","Blizzard+1"],"picked":"Echo Form","floor":27.0},{"not_picked":["Undo","Go for the Eyes"],"picked":"Capacitor","floor":31.0},{"not_picked":["Buffer","All For One"],"picked":"Echo Form","floor":33.0},{"not_picked":["Beam Cell","Barrage"],"picked":"Heatsinks","floor":34.0},{"not_picked":["Leap","Hologram"],"picked":"Turbo+1","floor":34.0},{"not_picked":["Streamline","Beam Cell"],"picked":"Capacitor","floor":34.0},{"not_picked":["Hologram","Rebound"],"picked":"Undo+1","floor":34.0},{"not_picked":["Steam","Beam Cell"],"picked":"White Noise","floor":34.0},{"not_picked":["Darkness+1","Redo+1","Go for the Eyes"],"picked":"SKIP","floor":35.0},{"not_picked":["Trip","Dark Shackles"],"picked":"Discovery","floor":36.0},{"not_picked":["HandOfGreed","Mind Blast"],"picked":"Impatience","floor":36.0},{"not_picked":["Bandage Up","Mind Blast"],"picked":"Chrysalis","floor":36.0},{"not_picked":["Streamline","Conserve Battery","Cold Snap"],"picked":"SKIP","floor":38.0},{"not_picked":["Compile Driver","Go for the Eyes"],"picked":"Hologram+1","floor":39.0},{"not_picked":["Sweeping Beam","Self Repair+1"],"picked":"Creative AI","floor":40.0},{"not_picked":["Conserve Battery","FTL","Hello World"],"picked":"SKIP","floor":44.0},{"not_picked":["Conserve Battery","Rebound","Hello World"],"picked":"SKIP","floor":45.0},{"not_picked":["Conserve Battery","Rebound","Hello World"],"picked":"SKIP","floor":45.0},{"not_picked":["Redo","Sweeping Beam"],"picked":"Compile Driver+1","floor":46.0},{"not_picked":["Gash","Consume+1","Streamline"],"picked":"SKIP","floor":47.0},{"not_picked":["Cold Snap+1","Meteor Strike","Rebound+1"],"picked":"SKIP","floor":48.0},{"not_picked":["Multi-Cast","Leap"],"picked":"Go for the Eyes+1","floor":55.0}],"player_experience":3703389,"relics_obtained":[{"floor":9.0,"key":"Pantograph"},{"floor":10.0,"key":"Orichalcum"},{"floor":12.0,"key":"Thread and Needle"},{"floor":23.0,"key":"Blood Vial"},{"floor":25.0,"key":"MawBank"},{"floor":26.0,"key":"Bronze Scales"},{"floor":27.0,"key":"Blue Candle"},{"floor":40.0,"key":"Bag of Preparation"},{"floor":43.0,"key":"Dodecahedron"},{"floor":44.0,"key":"StoneCalendar"},{"floor":46.0,"key":"Boot"},{"floor":55.0,"key":"Gremlin Horn"}],"event_choices":[{"damage_healed":0.0,"max_hp_gain":0.0,"max_hp_loss":0.0,"gold_gain":0.0,"event_name":"Scrap Ooze","player_choice":"Success","floor":2.0,"gold_loss":0.0,"damage_taken":11.0,"relics_obtained":["Pen Nib"]},{"cards_removed":["Strike_B"],"damage_healed":0.0,"max_hp_gain":0.0,"max_hp_loss":0.0,"gold_gain":0.0,"event_name":"The Cleric","player_choice":"Card Removal","floor":4.0,"gold_loss":75.0,"damage_taken":0.0},{"damage_healed":0.0,"max_hp_gain":0.0,"max_hp_loss":0.0,"gold_gain":275.0,"event_name":"Golden Shrine","player_choice":"Desecrate","floor":5.0,"gold_loss":0.0,"damage_taken":0.0,"cards_obtained":["Regret"]},{"damage_healed":0.0,"max_hp_gain":0.0,"max_hp_loss":0.0,"gold_gain":0.0,"event_name":"Ghosts","player_choice":"Ignored","floor":19.0,"gold_loss":0.0,"damage_taken":0.0},{"cards_removed":["Strike_B"],"damage_healed":0.0,"max_hp_gain":0.0,"max_hp_loss":0.0,"gold_gain":0.0,"event_name":"Beggar","player_choice":"Gave Gold","floor":29.0,"gold_loss":75.0,"damage_taken":0.0},{"damage_healed":0.0,"max_hp_gain":5.0,"max_hp_loss":0.0,"gold_gain":0.0,"event_name":"Forgotten Altar","player_choice":"Shed Blood","floor":30.0,"gold_loss":0.0,"damage_taken":27.0},{"damage_healed":0.0,"max_hp_gain":0.0,"max_hp_loss":0.0,"gold_gain":0.0,"event_name":"SensoryStone","player_choice":"Memory 3","floor":36.0,"gold_loss":0.0,"damage_taken":10.0},{"damage_healed":0.0,"max_hp_gain":0.0,"max_hp_loss":0.0,"gold_gain":0.0,"event_name":"Tomb of Lord Red Mask","player_choice":"Ignored","floor":41.0,"gold_loss":0.0,"damage_taken":0.0}],"is_beta":false,"boss_relics":[{"not_picked":["Nuclear Battery","Philosopher\u0027s Stone"],"picked":"Fusion Hammer"},{"not_picked":["FrozenCore","Busted Crown"],"picked":"Orrery"}],"items_purged_floors":[7,28,42],"is_endless":false,"potions_floor_spawned":[10,12,14,18,20,23,27,33,39,40,45,47,48,55],"ascension_level":20}