{"gold_per_floor":[119,136,153,171,121,121,140,160,160,6,6,31,31,55,55,179,179,204,204,224,124,148,148,192,192,217,92,110,110,133,186,198,338,350,382,394,178,199,532,532,584,584,584,619,633,633,633,633,633,633],"floor_reached":51,"playtime":1969,"items_purged":["Defend_G","Strike_G","Strike_G","Defend_G"],"score":764,"play_id":"c6ba83b8-07ab-4265-bca1-26be30e37582","local_time":"20181018141313","is_ascension_mode":false,"campfire_choices":[{"data":"Venomology","floor":6.0,"key":"SMITH"},{"data":"Catalyst","floor":13.0,"key":"SMITH"},{"data":"Noxious Fumes","floor":15.0,"key":"SMITH"},{"data":"Malaise","floor":23.0,"key":"SMITH"},{"data":"Bouncing Flask","floor":25.0,"key":"SMITH"},{"data":"Neutralize","floor":29.0,"key":"SMITH"},{"data":"Deadly Poison","floor":32.0,"key":"SMITH"},{"data":"Footwork","floor":40.0,"key":"SMITH"},{"data":"Well Laid Plans","floor":42,"key":"SMITH"},{"data":"Malaise","floor":46,"key":"SMITH"},{"data":"Dash","floor":49,"key":"SMITH"}],"neow_cost":"TEN_PERCENT_HP_LOSS","seed_source_timestamp":18662917253736,"circlet_count":0,"master_deck":["Defend_G","Survivor+1","Neutralize+1","Predator","Venomology+1","Backflip","Deadly Poison+1","Catalyst+1","Noxious Fumes+1","Bouncing Flask+1","Malaise+1","Backflip+1","Well Laid Plans+1","Corpse Explosion","Footwork+1","Well Laid Plans+1","Malaise+1","Dash+1"],"special_seed":0,"relics":["Ring of the Snake","Strawberry","Velvet Choker","Juzu Bracelet","PreservedInsect","MawBank","Coffee Dripper","Prayer Wheel","Frozen Egg 2","War Paint"],"potions_floor_usage":[41,44,44,45,47,50,50,50,50,50,50,50,50,50],"damage_taken":[{"damage":0.0,"enemies":"Small Slimes","floor":1.0,"turns":4.0},{"damage":0.0,"enemies":"2 Louse","floor":2.0,"turns":3.0},{"damage":0.0,"enemies":"Cultist","floor":3.0,"turns":3.0},{"damage":0.0,"enemies":"Blue Slaver","floor":4.0,"turns":3.0},{"damage":0.0,"enemies":"3 Louse","floor":7.0,"turns":4.0},{"damage":5.0,"enemies":"Gremlin Gang","floor":8.0,"turns":3.0},{"damage":9.0,"enemies":"Lots of Slimes","floor":12.0,"turns":5.0},{"damage":0.0,"enemies":"Blue Slaver","floor":14.0,"turns":4.0},{"damage":21.0,"enemies":"Slime Boss","floor":16.0,"turns":8.0},{"damage":0.0,"enemies":"Chosen","floor":18.0,"turns":5.0},{"damage":0.0,"enemies":"3 Byrds","floor":20.0,"turns":5.0},{"damage":1.0,"enemies":"Sentry and Sphere","floor":22.0,"turns":4.0},{"damage":13.0,"enemies":"Gremlin Leader","floor":24.0,"turns":4.0},{"damage":1.0,"enemies":"3 Cultists","floor":28.0,"turns":6.0},{"damage":0.0,"enemies":"Centurion and Healer","floor":30.0,"turns":4.0},{"damage":37.0,"enemies":"Collector","floor":33.0,"turns":7.0},{"damage":0.0,"enemies":"3 Darklings","floor":35.0,"turns":3.0},{"damage":0.0,"enemies":"Orb Walker","floor":38.0,"turns":4.0},{"damage":0,"enemies":"Mysterious Sphere","floor":41,"turns":4},{"damage":0,"enemies":"Nemesis","floor":44,"turns":5},{"damage":0,"enemies":"3 Darklings","floor":45,"turns":3},{"damage":0,"enemies":"Reptomancer","floor":47,"turns":1},{"damage":31,"enemies":"Awakened One","floor":50,"turns":13}],"seed_played":"-1542248001282169163","potions_obtained":[{"floor":2.0,"key":"Energy Potion"},{"floor":3.0,"key":"Weak Potion"},{"floor":22.0,"key":"SteroidPotion"},{"floor":24.0,"key":"Block Potion"},{"floor":38.0,"key":"PowerPotion"},{"floor":44,"key":"SkillPotion"}],"is_trial":false,"path_per_floor":["M","M","M","M","?","R","M","M","T","$","?","M","R","M","R","B",null,"M","?","M","$","M","R","E","R","T","$","M","R","M","T","R","B",null,"M","?","$","M","?","R","?","R","T","E","M","R","M","?","R","B"],"character_chosen":"THE_SILENT","items_purchased":["Noxious Fumes","Footwork"],"campfire_rested":0,"item_purchase_floors":[10,37],"current_hp_per_floor":[63,63,63,63,63,63,63,58,65,65,48,39,39,39,39,18,70,70,70,70,70,69,69,56,56,56,56,55,55,55,55,55,18,70,70,70,70,70,70,70,70,70,70,70,70,70,70,70,70,39],"gold":633,"neow_bonus":"REMOVE_TWO","is_prod":false,"is_daily":false,"chose_seed":false,"campfire_upgraded":11,"win_rate":0,"timestamp":1539843193,"path_taken":["M","M","M","M","?","R","M","M","T","$","?","M","R","?","R","BOSS","M","?","M","$","M","R","E","R","T","$","M","R","M","?","R","BOSS","M","?","$","M","?","R","?","R","T","E","M","R","M","?","R","BOSS"],"build_version":"2018-10-11","purchased_purges":4,"victory":true,"max_hp_per_floor":[63,63,63,63,63,63,63,63,70,70,70,70,70,70,70,70,70,70,70,70,70,70,70,70,70,70,70,70,70,70,70,70,70,70,70,70,70,70,70,70,70,70,70,70,70,70,70,70,70,70],"card_choices":[{"not_picked":["Prepared","Bane"],"picked":"Predator","floor":1.0},{"not_picked":["Riddle With Holes","Outmaneuver","Skewer"],"picked":"SKIP","floor":2.0},{"not_picked":["Sucker Punch","Dagger Throw"],"picked":"Venomology","floor":3.0},{"not_picked":["Dagger Throw","Blade Dance"],"picked":"Backflip","floor":4.0},{"not_picked":["Sucker Punch","Acrobatics"],"picked":"Deadly Poison","floor":7.0},{"not_picked":["Deadly Poison","Blade Dance"],"picked":"Catalyst","floor":8.0},{"not_picked":["Backflip","Blade Dance"],"picked":"Bouncing Flask","floor":12.0},{"not_picked":["Dodge and Roll","Bane","Sucker Punch"],"picked":"SKIP","floor":14.0},{"not_picked":["Doppelganger","Phantasmal Killer"],"picked":"Malaise","floor":16.0},{"not_picked":["Terror","Deflect"],"picked":"Backflip","floor":18.0},{"not_picked":["Bane","Prepared","Acrobatics"],"picked":"SKIP","floor":20.0},{"not_picked":["Eviscerate","Dagger Throw","Quick Slash"],"picked":"SKIP","floor":22.0},{"not_picked":["Blade Dance","Choke"],"picked":"Well Laid Plans+1","floor":24.0},{"not_picked":["Dagger Spray+1","Finisher","Accuracy"],"picked":"SKIP","floor":28.0},{"not_picked":["Dagger Throw+1","Deflect+1","Prepared+1"],"picked":"SKIP","floor":30.0},{"not_picked":["A Thousand Cuts","Phantasmal Killer"],"picked":"Corpse Explosion","floor":33.0},{"not_picked":["Dash+1","Poisoned Stab","Deflect"],"picked":"SKIP","floor":35.0},{"not_picked":["Dagger Throw+1","Deflect","Quick Slash"],"picked":"SKIP","floor":38.0},{"not_picked":["Infinite Blades","Outmaneuver"],"picked":"Well Laid Plans","floor":41},{"not_picked":["Acrobatics","Blade Dance+1"],"picked":"Malaise","floor":44},{"not_picked":["Dagger Throw","Poisoned Stab","Heel Hook"],"picked":"SKIP","floor":45},{"not_picked":["Poisoned Stab","PiercingWail","Bane+1"],"picked":"SKIP","floor":45}],"player_experience":328370,"relics_obtained":[{"floor":9.0,"key":"Strawberry"},{"floor":24.0,"key":"Juzu Bracelet"},{"floor":26.0,"key":"PreservedInsect"},{"floor":31.0,"key":"MawBank"},{"floor":41,"key":"Prayer Wheel"},{"floor":43,"key":"Frozen Egg 2"},{"floor":44,"key":"War Paint"}],"event_choices":[{"event_name":"The Cleric","player_choice":"Card Removal","floor":5.0,"damage_taken":0.0},{"event_name":"Golden Idol","player_choice":"Take Damage","floor":11.0,"damage_taken":0.0},{"event_name":"Bonfire Elementals","player_choice":"BASIC","floor":19.0,"damage_taken":0.0},{"event_name":"SensoryStone","player_choice":"Memory 1","floor":36.0,"damage_taken":0.0},{"event_name":"The Moai Head","player_choice":"Gave Idol","floor":39.0,"damage_taken":0.0},{"event_name":"Mysterious Sphere","player_choice":"Fight","floor":41,"damage_taken":0},{"event_name":"Transmorgrifier","player_choice":"Transform","floor":48,"damage_taken":0}],"is_beta":false,"boss_relics":[{"not_picked":["Calling Bell","Orrery"],"picked":"Velvet Choker"},{"not_picked":["Astrolabe","Philosopher\u0027s Stone"],"picked":"Coffee Dripper"}],"items_purged_floors":[10,21,27,37],"is_endless":false,"potions_floor_spawned":[2,3,14,22,24,30,38,44,45],"ascension_level":0}