{"gold_per_floor":[111,130,130,130,130,141,141,159,159,171,171,205,205,236,236,341,341,353,428,443,462,473,473,490,490,515,515,533,549,560,660,660,756,756,773,773,786,711,727,727,727,727,727,727,313,313,313,332,332,332],"floor_reached":51,"playtime":1470,"items_purged":["Strike_B","Strike_B"],"score":809,"play_id":"52c1267b-671c-4087-9817-783657d4944a","local_time":"20190612160750","is_ascension_mode":false,"campfire_choices":[{"data":"Dualcast","floor":7.0,"key":"SMITH"},{"data":"Rainbow","floor":11.0,"key":"SMITH"},{"data":"Zap","floor":13.0,"key":"SMITH"},{"data":"Machine Learning","floor":15.0,"key":"SMITH"},{"data":"Buffer","floor":23.0,"key":"SMITH"},{"data":"Darkness","floor":25.0,"key":"SMITH"},{"data":"Glacier","floor":27.0,"key":"SMITH"},{"data":"Defend_B","floor":32.0,"key":"SMITH"},{"data":"Multi-Cast","floor":40.0,"key":"SMITH"},{"data":"Defend_B","floor":42,"key":"SMITH"},{"data":"Defend_B","floor":44,"key":"SMITH"},{"data":"Strike_B","floor":46,"key":"SMITH"},{"floor":49,"key":"REST"}],"neow_cost":"NONE","seed_source_timestamp":19429586602796,"circlet_count":0,"master_deck":["Strike_B+1","Defend_B+1","Defend_B+1","Defend_B+1","Defend_B+1","Zap+1","Dualcast+1","Streamline+1","Glacier+1","Rainbow+1","Machine Learning+1","Buffer+1","Darkness+1","Multi-Cast+1","Loop+1"],"special_seed":0,"relics":["Cracked Core","Blood Vial","Bird Faced Urn","Pantograph","Mercury Hourglass","Oddly Smooth Stone","Nuclear Battery","Dream Catcher","WingedGreaves","Question Card","Velvet Choker","Shuriken","Frozen Egg 2","The Courier"],"potions_floor_usage":[50,50],"damage_taken":[{"damage":0.0,"enemies":"Small Slimes","floor":1.0,"turns":3.0},{"damage":1.0,"enemies":"Jaw Worm","floor":2.0,"turns":3.0},{"damage":0.0,"enemies":"Cultist","floor":6.0,"turns":2.0},{"damage":6.0,"enemies":"Gremlin Gang","floor":8.0,"turns":5.0},{"damage":8.0,"enemies":"Looter","floor":10.0,"turns":2.0},{"damage":22.0,"enemies":"Gremlin Nob","floor":12.0,"turns":4.0},{"damage":0.0,"enemies":"Lagavulin","floor":14.0,"turns":6.0},{"damage":9.0,"enemies":"Slime Boss","floor":16.0,"turns":7.0},{"damage":0.0,"enemies":"Chosen","floor":18.0,"turns":4.0},{"damage":10.0,"enemies":"Shell Parasite","floor":20.0,"turns":7.0},{"damage":6.0,"enemies":"Snake Plant","floor":21.0,"turns":4.0},{"damage":0.0,"enemies":"Sentry and Sphere","floor":22.0,"turns":4.0},{"damage":0.0,"enemies":"Centurion and Healer","floor":24.0,"turns":6.0},{"damage":0.0,"enemies":"Snake Plant","floor":28.0,"turns":4.0},{"damage":0.0,"enemies":"Chosen and Byrds","floor":29.0,"turns":4.0},{"damage":0.0,"enemies":"Snecko","floor":30.0,"turns":4.0},{"damage":4.0,"enemies":"Colosseum Slavers","floor":31.0,"turns":3.0},{"damage":17.0,"enemies":"Colosseum Nobs","floor":31.0,"turns":4.0},{"damage":68.0,"enemies":"Champ","floor":33.0,"turns":11.0},{"damage":1.0,"enemies":"3 Shapes","floor":35.0,"turns":4.0},{"damage":0.0,"enemies":"3 Darklings","floor":37.0,"turns":3.0},{"damage":5.0,"enemies":"Spire Growth","floor":39.0,"turns":4.0},{"damage":0,"enemies":"Transient","floor":48,"turns":5},{"damage":45,"enemies":"Awakened One","floor":50,"turns":13}],"seed_played":"3516469114681838012","potions_obtained":[{"floor":2.0,"key":"EssenceOfSteel"},{"floor":6.0,"key":"Block Potion"},{"floor":8.0,"key":"PowerPotion"},{"floor":21.0,"key":"Energy Potion"},{"floor":28.0,"key":"Ancient Potion"},{"floor":30.0,"key":"FocusPotion"}],"is_trial":false,"path_per_floor":["M","M","?","T","?","M","R","M","T","M","R","E","R","E","R","B",null,"M","?","M","M","M","R","M","R","T","R","M","M","M","?","R","B",null,"M","?","M","$","M","R","?","R","T","R","$","R","T","M","R","B",null],"character_chosen":"DEFECT","items_purchased":["Frozen Egg 2","Loop+1"],"campfire_rested":1,"item_purchase_floors":[45,45],"current_hp_per_floor":[75,74,59,59,59,61,61,57,57,51,51,31,31,35,35,55,75,75,68,64,62,68,68,74,74,74,74,75,75,75,60,60,9,75,75,75,75,75,72,72,72,72,72,72,72,72,72,75,75,30],"gold":332,"neow_bonus":"RANDOM_COMMON_RELIC","is_prod":false,"is_daily":false,"chose_seed":false,"campfire_upgraded":12,"win_rate":0,"timestamp":1560326870,"path_taken":["M","M","?","?","?","M","R","M","T","M","R","E","R","E","R","BOSS","M","?","?","M","M","R","?","R","T","R","M","M","M","?","R","BOSS","M","?","M","$","M","R","?","R","T","R","$","R","?","?","R","BOSS"],"build_version":"2019-01-23","purchased_purges":2,"victory":true,"max_hp_per_floor":[75,75,75,75,75,75,75,75,75,75,75,75,75,75,75,75,75,75,75,75,75,75,75,75,75,75,75,75,75,75,75,75,75,75,75,75,75,75,75,75,75,75,75,75,75,75,75,75,75,75],"card_choices":[{"not_picked":["Coolheaded","Lockon"],"picked":"Streamline","floor":1.0},{"not_picked":["Undo","Streamline"],"picked":"Glacier","floor":2.0},{"not_picked":["Sweeping Beam","Leap","Cold Snap"],"picked":"SKIP","floor":6.0},{"not_picked":["Barrage","Stack","Steam Power"],"picked":"SKIP","floor":8.0},{"not_picked":["Steam","Sweeping Beam","Coolheaded"],"picked":"SKIP","floor":10.0},{"not_picked":["Lockon","Glacier"],"picked":"Machine Learning","floor":12.0},{"not_picked":["Barrage","Genetic Algorithm","Turbo"],"picked":"SKIP","floor":14.0},{"not_picked":["All For One","Machine Learning"],"picked":"Buffer","floor":16.0},{"not_picked":["Go for the Eyes+1","Cold Snap","Gash+1"],"picked":"SKIP","floor":18.0},{"not_picked":["Go for the Eyes","Streamline","Steam"],"picked":"SKIP","floor":20.0},{"not_picked":["Stack","Storm","Barrage"],"picked":"SKIP","floor":21.0},{"not_picked":["Beam Cell","Aggregate+1","Leap"],"picked":"SKIP","floor":22.0},{"not_picked":["Coolheaded","Redo"],"picked":"Darkness","floor":24.0},{"not_picked":["Ball Lightning","Amplify","Self Repair"],"picked":"SKIP","floor":28.0},{"not_picked":["Consume","Gash+1","Self Repair"],"picked":"SKIP","floor":29.0},{"not_picked":["Beam Cell","Gash","Static Discharge"],"picked":"SKIP","floor":30.0},{"not_picked":["Electrodynamics","Echo Form","Buffer"],"picked":"Multi-Cast","floor":33.0},{"not_picked":["Capacitor+1","Rebound","Beam Cell","Steam"],"picked":"SKIP","floor":35.0},{"not_picked":["Turbo+1","Beam Cell","Go for the Eyes","Steam"],"picked":"SKIP","floor":37.0},{"not_picked":["Blizzard","Barrage","Conserve Battery+1","Auto Shields+1"],"picked":"SKIP","floor":39.0},{"not_picked":["Go for the Eyes","Conserve Battery+1","Steam","Ball Lightning"],"picked":"SKIP","floor":48}],"player_experience":5104935,"relics_obtained":[{"floor":4.0,"key":"Bird Faced Urn"},{"floor":9.0,"key":"Pantograph"},{"floor":12.0,"key":"Mercury Hourglass"},{"floor":14.0,"key":"Oddly Smooth Stone"},{"floor":26.0,"key":"Dream Catcher"},{"floor":31.0,"key":"WingedGreaves"},{"floor":31.0,"key":"Question Card"},{"floor":43,"key":"Shuriken"},{"floor":47,"key":"The Courier"}],"event_choices":[{"damage_healed":0.0,"max_hp_gain":0.0,"max_hp_loss":0.0,"gold_gain":0.0,"event_name":"Shining Light","player_choice":"Entered Light","floor":3.0,"gold_loss":0.0,"damage_taken":15.0,"cards_upgraded":["Defend_B","Streamline"]},{"damage_healed":0.0,"max_hp_gain":0.0,"max_hp_loss":0.0,"gold_gain":0.0,"cards_transformed":["Strike_B"],"event_name":"Living Wall","player_choice":"Change","floor":5.0,"gold_loss":0.0,"damage_taken":0.0,"cards_obtained":["Rainbow"]},{"damage_healed":0.0,"max_hp_gain":0.0,"max_hp_loss":0.0,"gold_gain":75.0,"event_name":"FaceTrader","player_choice":"Touch","floor":19.0,"gold_loss":0.0,"damage_taken":7.0},{"damage_healed":0.0,"max_hp_gain":0.0,"max_hp_loss":0.0,"gold_gain":0.0,"event_name":"Colosseum","player_choice":"Fight","floor":31.0,"gold_loss":0.0,"damage_taken":0.0},{"damage_healed":0.0,"max_hp_gain":0.0,"max_hp_loss":0.0,"gold_gain":0.0,"event_name":"Colosseum","player_choice":"Fought Nobs","floor":31.0,"gold_loss":0.0,"damage_taken":0.0},{"damage_healed":0.0,"max_hp_gain":0.0,"max_hp_loss":0.0,"gold_gain":0.0,"event_name":"Tomb of Lord Red Mask","player_choice":"Ignored","floor":36.0,"gold_loss":0.0,"damage_taken":0.0},{"damage_healed":0,"gold_gain":0,"player_choice":"Memory 1","damage_taken":0,"max_hp_gain":0,"max_hp_loss":0,"event_name":"SensoryStone","floor":41,"gold_loss":0}],"is_beta":false,"boss_relics":[{"not_picked":["Runic Dome","Empty Cage"],"picked":"Nuclear Battery"},{"not_picked":["Snecko Eye","Philosopher\u0027s Stone"],"picked":"Velvet Choker"}],"items_purged_floors":[38,45],"is_endless":false,"potions_floor_spawned":[2,6,8,21,28,30,31,31,33,39,48],"ascension_level":0}