{"gold_per_floor":[113,124,135,210,226,226,261,261,307,351,381,393,417,429,441,553,565,588,650,680,706,192,192,192,291,291,291,291,43,43,62,62,159,159,175,175,25,43,43,43,53,53,53,53,8,24,24,34,34,34],"floor_reached":51,"playtime":1660,"items_purged":["Strike_B"],"score":680,"play_id":"9b7a4acc-e71f-4893-bbff-00d1c38fe024","local_time":"20190616232832","is_ascension_mode":false,"campfire_choices":[{"data":"Dualcast","floor":6.0,"key":"SMITH"},{"data":"Zap","floor":8.0,"key":"SMITH"},{"data":"Loop","floor":12.0,"key":"SMITH"},{"data":"Coolheaded","floor":15.0,"key":"SMITH"},{"data":"Creative AI","floor":23.0,"key":"SMITH"},{"data":"Fission","floor":27.0,"key":"SMITH"},{"data":"Heatsinks","floor":30.0,"key":"SMITH"},{"floor":32.0,"key":"REST"},{"data":"Amplify","floor":40.0,"key":"SMITH"},{"data":"White Noise","floor":42.0,"key":"SMITH"},{"data":"Coolheaded","floor":47.0,"key":"SMITH"},{"floor":49.0,"key":"REST"}],"neow_cost":"TEN_PERCENT_HP_LOSS","seed_source_timestamp":55564687852557,"circlet_count":0,"master_deck":["Defend_B","Defend_B","Defend_B","Defend_B","Zap+1","Dualcast+1","Ball Lightning","FTL","Glacier+1","Chill","Tempest","Loop+1","Coolheaded+1","White Noise+1","Ball Lightning","Creative AI+1","Heatsinks+1","Fission+1","Recycle+1","Echo Form","Consume+1","Amplify+1","Coolheaded+1"],"special_seed":0,"relics":["Cracked Core","Gremlin Horn","MawBank","Strawberry","Busted Crown","Lantern","Omamori","War Paint","Sundial","Sozu","Regal Pillow","Singing Bowl"],"potions_floor_usage":[50],"damage_taken":[{"damage":1.0,"enemies":"Jaw Worm","floor":1.0,"turns":3.0},{"damage":0.0,"enemies":"Small Slimes","floor":2.0,"turns":2.0},{"damage":0.0,"enemies":"Cultist","floor":3.0,"turns":3.0},{"damage":6.0,"enemies":"3 Louse","floor":5.0,"turns":3.0},{"damage":5.0,"enemies":"3 Sentries","floor":7.0,"turns":10.0},{"damage":14.0,"enemies":"Gremlin Nob","floor":10.0,"turns":4.0},{"damage":3.0,"enemies":"Looter","floor":11.0,"turns":3.0},{"damage":5.0,"enemies":"Lots of Slimes","floor":13.0,"turns":3.0},{"damage":14.0,"enemies":"Hexaghost","floor":16.0,"turns":8.0},{"damage":0.0,"enemies":"3 Byrds","floor":18.0,"turns":4.0},{"damage":1.0,"enemies":"Shell Parasite","floor":20.0,"turns":4.0},{"damage":18.0,"enemies":"Shelled Parasite and Fungi","floor":21.0,"turns":6.0},{"damage":27.0,"enemies":"Snake Plant","floor":31.0,"turns":3.0},{"damage":7.0,"enemies":"Collector","floor":33.0,"turns":6.0},{"damage":5.0,"enemies":"3 Darklings","floor":35.0,"turns":3.0},{"damage":0.0,"enemies":"Orb Walker","floor":38.0,"turns":3.0},{"damage":0.0,"enemies":"3 Darklings","floor":41.0,"turns":4.0},{"damage":0.0,"enemies":"Transient","floor":46.0,"turns":5.0},{"damage":12.0,"enemies":"4 Shapes","floor":48.0,"turns":3.0},{"damage":37,"enemies":"Time Eater","floor":50,"turns":12}],"seed_played":"7009573768666271701","potions_obtained":[{"floor":3.0,"key":"SkillPotion"},{"floor":7.0,"key":"SteroidPotion"},{"floor":10.0,"key":"SteroidPotion"},{"floor":11.0,"key":"SkillPotion"},{"floor":20.0,"key":"Poison Potion"},{"floor":21.0,"key":"Ancient Potion"}],"is_trial":false,"path_per_floor":["M","M","M","?","M","R","E","R","T","E","M","R","M","?","R","B",null,"M","?","M","M","$","R","?","?","T","R","?","$","R","M","R","B",null,"M","?","$","M","?","R","M","R","T","?","$","M","R","M","R","B",null],"character_chosen":"DEFECT","items_purchased":["Heatsinks","Lantern","Fission","Omamori","Sundial","Regal Pillow","Coolheaded"],"campfire_rested":2,"item_purchase_floors":[22,22,22,22,29,37,45],"current_hp_per_floor":[67,67,67,56,50,50,45,45,45,38,35,35,30,30,30,16,75,75,75,74,56,56,56,56,56,56,56,56,56,56,29,51,44,75,70,70,70,70,70,70,70,70,70,70,70,72,72,62,79,42],"gold":34,"neow_bonus":"TRANSFORM_TWO_CARDS","is_prod":false,"is_daily":false,"chose_seed":false,"campfire_upgraded":10,"win_rate":0,"timestamp":1560698912,"path_taken":["M","M","M","?","M","R","E","R","T","E","M","R","M","?","R","BOSS","M","?","?","M","$","R","?","?","T","R","?","$","R","?","R","BOSS","M","?","$","?","?","R","M","R","T","?","?","M","R","M","R","BOSS"],"build_version":"2019-01-23","purchased_purges":1,"victory":true,"max_hp_per_floor":[68,68,68,68,68,68,68,68,68,75,75,75,75,75,75,75,75,75,75,75,75,75,75,75,75,75,75,75,75,75,75,75,75,75,75,75,75,75,75,75,75,75,75,75,75,77,77,79,79,79],"card_choices":[{"not_picked":["Ball Lightning","Fusion"],"picked":"Glacier","floor":1.0},{"not_picked":["Static Discharge","Go for the Eyes"],"picked":"Chill","floor":2.0},{"not_picked":["Heatsinks","Redo"],"picked":"Tempest","floor":3.0},{"not_picked":["Steam","Conserve Battery"],"picked":"Loop","floor":5.0},{"not_picked":["Cold Snap","Barrage"],"picked":"Coolheaded","floor":7.0},{"not_picked":["Fusion","Sweeping Beam"],"picked":"White Noise","floor":10.0},{"not_picked":["Go for the Eyes","Beam Cell"],"picked":"All For One","floor":11.0},{"not_picked":["Melter","Coolheaded"],"picked":"Ball Lightning","floor":13.0},{"not_picked":["Echo Form","Seek"],"picked":"Creative AI","floor":16.0},{"not_picked":["Stack+1"],"picked":"SKIP","floor":18.0},{"not_picked":["Ball Lightning"],"picked":"SKIP","floor":20.0},{"not_picked":["Doom and Gloom"],"picked":"SKIP","floor":21.0},{"not_picked":["Doom and Gloom"],"picked":"SKIP","floor":21.0},{"not_picked":["Rebound"],"picked":"SKIP","floor":31.0},{"not_picked":[],"picked":"Echo Form","floor":33.0},{"not_picked":[],"picked":"Consume+1","floor":35.0},{"not_picked":["Double Energy"],"picked":"SKIP","floor":38.0},{"not_picked":["Darkness"],"picked":"SKIP","floor":41.0},{"not_picked":["Cold Snap"],"picked":"Singing Bowl","floor":46.0},{"not_picked":["Turbo"],"picked":"Singing Bowl","floor":48.0}],"player_experience":5332053,"relics_obtained":[{"floor":7.0,"key":"Gremlin Horn"},{"floor":9.0,"key":"MawBank"},{"floor":10.0,"key":"Strawberry"},{"floor":26.0,"key":"War Paint"},{"floor":43.0,"key":"Singing Bowl"}],"event_choices":[{"damage_healed":0.0,"max_hp_gain":0.0,"max_hp_loss":0.0,"gold_gain":75.0,"event_name":"World of Goop","player_choice":"Gather Gold","floor":4.0,"gold_loss":0.0,"damage_taken":11.0},{"damage_healed":0.0,"max_hp_gain":0.0,"max_hp_loss":0.0,"gold_gain":0.0,"event_name":"Liars Game","player_choice":"Ignored","floor":14.0,"gold_loss":0.0,"damage_taken":0.0},{"damage_healed":0.0,"max_hp_gain":0.0,"max_hp_loss":0.0,"gold_gain":100.0,"event_name":"The Joust","player_choice":"Bet on Murderer","floor":19.0,"gold_loss":50.0,"damage_taken":0.0},{"damage_healed":0.0,"max_hp_gain":0.0,"max_hp_loss":0.0,"gold_gain":0.0,"event_name":"The Library","player_choice":"Read","floor":24.0,"gold_loss":0.0,"damage_taken":0.0,"cards_obtained":["Recycle"]},{"damage_healed":0.0,"max_hp_gain":0.0,"max_hp_loss":0.0,"gold_gain":99.0,"event_name":"Nest","player_choice":"Stole From Cult","floor":25.0,"gold_loss":0.0,"damage_taken":0.0},{"cards_removed":["Strike_B"],"damage_healed":0.0,"max_hp_gain":0.0,"max_hp_loss":0.0,"gold_gain":0.0,"event_name":"Purifier","player_choice":"Purged","floor":28.0,"gold_loss":0.0,"damage_taken":0.0},{"damage_healed":0.0,"max_hp_gain":0.0,"max_hp_loss":0.0,"gold_gain":0.0,"event_name":"Match and Keep!","player_choice":"1 cards matched","floor":36.0,"gold_loss":0.0,"damage_taken":0.0,"cards_obtained":["Amplify"]},{"damage_healed":0.0,"max_hp_gain":0.0,"max_hp_loss":0.0,"gold_gain":0.0,"event_name":"Mysterious Sphere","player_choice":"Ignored","floor":39.0,"gold_loss":0.0,"damage_taken":0.0},{"cards_removed":["All For One"],"damage_healed":0.0,"max_hp_gain":0.0,"max_hp_loss":0.0,"gold_gain":0.0,"event_name":"Falling","player_choice":"Removed Attack","floor":44.0,"gold_loss":0.0,"damage_taken":0.0}],"is_beta":false,"boss_relics":[{"not_picked":["Orrery","White Beast Statue"],"picked":"Busted Crown"},{"not_picked":["FrozenCore","Philosopher\u0027s Stone"],"picked":"Sozu"}],"items_purged_floors":[22],"is_endless":false,"potions_floor_spawned":[3,7,10,11,16,20,21,38,46],"ascension_level":0}