{"gold_per_floor":[117,42,192,192,5,5,39,39,66,66,80,96,131,151,151,223,223,238,113,124,39,39,39,64,74,74,74,74,74,90,109,109,186,186,196,46,46,60,79,79,98,125,149,149,167,167,167,180,180,180,180],"floor_reached":51,"playtime":2889,"items_purged":["Strike_G","Doubt","Strike_G","Defend_G"],"score":1460,"play_id":"eeb95927-8f86-47a2-8d41-75c69954ab60","local_time":"20190122134823","is_ascension_mode":true,"campfire_choices":[{"data":"Well Laid Plans","floor":6.0,"key":"SMITH"},{"data":"Catalyst","floor":10.0,"key":"SMITH"},{"data":"Poisoned Stab","floor":15.0,"key":"SMITH"},{"data":"Wraith Form v2","floor":23.0,"key":"SMITH"},{"data":"Well Laid Plans","floor":28.0,"key":"SMITH"},{"data":"Bouncing Flask","floor":32.0,"key":"SMITH"},{"data":"Burst","floor":40.0,"key":"SMITH"},{"floor":47.0,"key":"RECALL"},{"data":"Neutralize","floor":49.0,"key":"SMITH"}],"neow_cost":"NONE","seed_source_timestamp":8044544524801,"circlet_count":0,"master_deck":["AscendersBane","Defend_G+1","Defend_G","Defend_G+1","Strike_G+1","Strike_G+1","Survivor","Neutralize+1","Well Laid Plans+1","Catalyst+1","Backflip","Poisoned Stab+1","Well Laid Plans+1","Wraith Form v2+1","Footwork","Malaise","Bouncing Flask+1","Burst+1","Acrobatics+1","Noxious Fumes+1","Malaise"],"special_seed":0,"relics":["Ring of the Snake","NeowsBlessing","Whetstone","War Paint","Question Card","Sozu","Pen Nib","The Specimen","Sundial","Eternal Feather","Ninja Scroll"],"potions_floor_usage":[51],"damage_taken":[{"damage":0.0,"enemies":"Small Slimes","floor":1.0,"turns":1.0},{"damage":0.0,"enemies":"Gremlin Nob","floor":7.0,"turns":1.0},{"damage":0.0,"enemies":"Jaw Worm","floor":11.0,"turns":1.0},{"damage":0.0,"enemies":"Cultist","floor":12.0,"turns":4.0},{"damage":13.0,"enemies":"Lagavulin","floor":13.0,"turns":7.0},{"damage":0.0,"enemies":"2 Fungi Beasts","floor":14.0,"turns":3.0},{"damage":35.0,"enemies":"Hexaghost","floor":16.0,"turns":10.0},{"damage":11.0,"enemies":"Spheric Guardian","floor":18.0,"turns":6.0},{"damage":1.0,"enemies":"Chosen","floor":20.0,"turns":5.0},{"damage":26.0,"enemies":"Gremlin Leader","floor":24.0,"turns":8.0},{"damage":0.0,"enemies":"Centurion and Healer","floor":25.0,"turns":7.0},{"damage":0.0,"enemies":"Snake Plant","floor":30.0,"turns":6.0},{"damage":11.0,"enemies":"Chosen and Byrds","floor":31.0,"turns":8.0},{"damage":5.0,"enemies":"Automaton","floor":33.0,"turns":8.0},{"damage":24.0,"enemies":"3 Darklings","floor":35.0,"turns":8.0},{"damage":0.0,"enemies":"3 Shapes","floor":38.0,"turns":7.0},{"damage":15.0,"enemies":"Transient","floor":39.0,"turns":6.0},{"damage":0.0,"enemies":"Maw","floor":41.0,"turns":4.0},{"damage":0.0,"enemies":"Giant Head","floor":42.0,"turns":4.0},{"damage":1.0,"enemies":"Spire Growth","floor":45.0,"turns":3.0},{"damage":3.0,"enemies":"Sphere and 2 Shapes","floor":48.0,"turns":4.0},{"damage":52.0,"enemies":"Awakened One","floor":50.0,"turns":18.0},{"damage":5,"enemies":"Donu and Deca","floor":51,"turns":6}],"seed_played":"-2770363472336532569","potions_obtained":[{"floor":11.0,"key":"SpeedPotion"},{"floor":12.0,"key":"GamblersBrew"}],"is_trial":false,"path_per_floor":["M","$","?","?","$","R","E","?","T","R","M","M","E","M","R","B",null,"M","$","M","?","?","R","E","M","T","?","R","$","M","M","R","B",null,"M","$","?","M","M","R","M","E","T","?","M","?","R","M","R","B","B"],"character_chosen":"THE_SILENT","items_purchased":["Well Laid Plans"],"campfire_rested":0,"item_purchase_floors":[5],"current_hp_per_floor":[59,59,59,64,64,64,64,64,64,64,64,64,51,51,51,16,57,46,46,45,45,45,45,19,19,19,19,19,19,19,8,8,3,54,30,30,30,30,15,27,27,27,27,58,57,57,58,55,58,6,1],"gold":180,"neow_bonus":"THREE_ENEMY_KILL","is_prod":false,"is_daily":false,"chose_seed":false,"campfire_upgraded":8,"win_rate":0,"timestamp":1548136103,"path_taken":["M","$","?","?","$","R","E","?","T","R","M","M","E","M","R","BOSS","M","$","?","?","?","R","E","M","T","?","R","$","M","M","R","BOSS","M","$","?","?","M","R","M","E","T","?","M","?","R","M","R","BOSS","BOSS"],"build_version":"2019-01-17v2","purchased_purges":4,"victory":false,"max_hp_per_floor":[66,66,66,71,71,71,71,71,71,71,71,71,71,71,71,71,71,71,71,71,71,71,71,71,71,71,71,71,71,71,71,71,71,71,71,71,71,71,71,71,71,71,71,58,58,58,58,58,58,58,58],"card_choices":[{"not_picked":["PiercingWail","Skewer","Dagger Spray"],"picked":"SKIP","floor":1.0},{"not_picked":["Poisoned Stab","Slice","Storm of Steel"],"picked":"SKIP","floor":7.0},{"not_picked":["Poisoned Stab","Slice","Storm of Steel"],"picked":"SKIP","floor":7.0},{"not_picked":["Quick Slash","Outmaneuver"],"picked":"Backflip","floor":11.0},{"not_picked":["Calculated Gamble","Deflect"],"picked":"Poisoned Stab","floor":12.0},{"not_picked":["Sucker Punch","Endless Agony"],"picked":"Well Laid Plans","floor":13.0},{"not_picked":["Cloak And Dagger","Backflip","Outmaneuver","Reflex"],"picked":"SKIP","floor":14.0},{"not_picked":["Cloak And Dagger","Backflip","Outmaneuver","Reflex"],"picked":"SKIP","floor":14.0},{"not_picked":["Corpse Explosion","Night Terror","Envenom"],"picked":"Wraith Form v2","floor":16.0},{"not_picked":["Caltrops","Cloak And Dagger","Expertise","Choke"],"picked":"SKIP","floor":18.0},{"not_picked":["Dodge and Roll+1","Deflect+1","Slice"],"picked":"Footwork","floor":20.0},{"not_picked":["Predator+1","Dash","Acrobatics","Accuracy"],"picked":"SKIP","floor":24.0},{"not_picked":["Outmaneuver+1","Underhanded Strike","Prepared","PiercingWail"],"picked":"SKIP","floor":25.0},{"not_picked":["Expertise","Riddle With Holes","Masterful Stab"],"picked":"Malaise","floor":30.0},{"not_picked":["Riddle With Holes","Backflip","Leg Sweep+1"],"picked":"Bouncing Flask","floor":31.0},{"not_picked":["Doppelganger","Venomology","Glass Knife"],"picked":"Burst","floor":33.0},{"not_picked":["Prepared","Infinite Blades","Sucker Punch"],"picked":"Acrobatics+1","floor":35.0},{"not_picked":["All Out Attack","Dagger Throw","Predator"],"picked":"Noxious Fumes+1","floor":38.0},{"not_picked":["Cloak And Dagger","Footwork","Slice","Underhanded Strike"],"picked":"SKIP","floor":39.0},{"not_picked":["Underhanded Strike","Quick Slash","Outmaneuver","Backflip"],"picked":"SKIP","floor":41.0},{"not_picked":["Escape Plan","Backflip+1","Dagger Spray+1"],"picked":"Malaise","floor":42.0},{"not_picked":["Backflip","Outmaneuver","Masterful Stab","All Out Attack+1"],"picked":"SKIP","floor":45.0},{"not_picked":["Acrobatics","Cloak And Dagger","Deadly Poison","PiercingWail"],"picked":"SKIP","floor":48.0}],"player_experience":2129079,"relics_obtained":[{"floor":7.0,"key":"Whetstone"},{"floor":9.0,"key":"War Paint"},{"floor":13.0,"key":"Question Card"},{"floor":24.0,"key":"The Specimen"},{"floor":26.0,"key":"Sundial"},{"floor":42.0,"key":"Ninja Scroll"}],"event_choices":[{"damage_healed":0.0,"max_hp_gain":0.0,"max_hp_loss":0.0,"gold_gain":150.0,"event_name":"Liars Game","player_choice":"AGREE","floor":3.0,"gold_loss":0.0,"damage_taken":0.0,"cards_obtained":["Doubt"]},{"damage_healed":0.0,"max_hp_gain":5.0,"max_hp_loss":0.0,"gold_gain":0.0,"event_name":"Big Fish","player_choice":"Donut","floor":4.0,"gold_loss":0.0,"damage_taken":0.0},{"damage_healed":0.0,"max_hp_gain":0.0,"max_hp_loss":0.0,"gold_gain":0.0,"cards_transformed":["Strike_G"],"event_name":"Transmorgrifier","player_choice":"Transformed","floor":8.0,"gold_loss":0.0,"damage_taken":0.0,"cards_obtained":["Catalyst"]},{"damage_healed":0.0,"max_hp_gain":0.0,"max_hp_loss":0.0,"gold_gain":0.0,"event_name":"Addict","player_choice":"Obtained Relic","floor":21.0,"gold_loss":85.0,"damage_taken":0.0,"relics_obtained":["Pen Nib"]},{"damage_healed":0.0,"max_hp_gain":0.0,"max_hp_loss":0.0,"gold_gain":0.0,"event_name":"The Mausoleum","player_choice":"Ignored","floor":22.0,"gold_loss":0.0,"damage_taken":0.0},{"damage_healed":0.0,"max_hp_gain":0.0,"max_hp_loss":0.0,"gold_gain":0.0,"event_name":"Vampires","player_choice":"Ignored","floor":27.0,"gold_loss":0.0,"damage_taken":0.0},{"cards_removed":["Defend_G"],"damage_healed":0.0,"max_hp_gain":0.0,"max_hp_loss":0.0,"gold_gain":0.0,"event_name":"Bonfire Elementals","player_choice":"Offered Basic","floor":37.0,"gold_loss":0.0,"damage_taken":0.0},{"damage_healed":58.0,"max_hp_gain":0.0,"max_hp_loss":13.0,"gold_gain":0.0,"event_name":"The Moai Head","player_choice":"Heal","floor":44.0,"gold_loss":0.0,"damage_taken":0.0},{"damage_healed":0.0,"max_hp_gain":0.0,"max_hp_loss":0.0,"gold_gain":0.0,"event_name":"Tomb of Lord Red Mask","player_choice":"Ignored","floor":46.0,"gold_loss":0.0,"damage_taken":0.0}],"is_beta":false,"boss_relics":[{"not_picked":["Calling Bell","Fusion Hammer"],"picked":"Sozu"},{"not_picked":["Ring of the Serpent","Velvet Choker"],"picked":"Eternal Feather"}],"items_purged_floors":[2,5,19,36],"is_endless":false,"potions_floor_spawned":[11,12,20,24,33,38,41,45,48],"killed_by":"Donu and Deca","ascension_level":20}