{"gold_per_floor":[116,266,285,285,62,62,91,91,118,130,161,173,193,30,30,107,107,118,118],"floor_reached":19,"playtime":424,"items_purged":["Doubt"],"score":404,"play_id":"d1015b05-1848-40b0-ae3d-384fab508551","local_time":"20190218024720","is_ascension_mode":true,"campfire_choices":[{"data":"Zap","floor":6,"key":"SMITH"},{"data":"Darkness","floor":8,"key":"SMITH"},{"data":"Go for the Eyes","floor":15,"key":"SMITH"}],"neow_cost":"NONE","seed_source_timestamp":24333347969507,"circlet_count":0,"master_deck":["AscendersBane","Strike_B","Strike_B","Strike_B","Defend_B","Defend_B","Defend_B","Defend_B","Zap+1","Dualcast","Ball Lightning","Reboot","Darkness+1","Double Energy","Coolheaded","Go for the Eyes+1","Thunder Strike","Seek","Loop"],"special_seed":0,"relics":["Cracked Core","NeowsBlessing","OrangePellets","Oddly Smooth Stone","Omamori","Anchor","Nuclear Battery"],"potions_floor_usage":[11,11,16],"damage_taken":[{"damage":0.0,"enemies":"Small Slimes","floor":1.0,"turns":1.0},{"damage":0.0,"enemies":"Cultist","floor":3.0,"turns":1.0},{"damage":0,"enemies":"Gremlin Nob","floor":7,"turns":1},{"damage":12,"enemies":"Jaw Worm","floor":10,"turns":3},{"damage":38,"enemies":"3 Sentries","floor":11,"turns":7},{"damage":0,"enemies":"2 Fungi Beasts","floor":12,"turns":2},{"damage":7,"enemies":"Blue Slaver","floor":13,"turns":3},{"damage":19,"enemies":"Hexaghost","floor":16,"turns":9},{"damage":0,"enemies":"Spheric Guardian","floor":18,"turns":3},{"damage":32,"enemies":"Masked Bandits","floor":19,"turns":3}],"seed_played":"6225267546826231509","potions_obtained":[{"floor":1.0,"key":"Regen Potion"},{"floor":7,"key":"SneckoOil"},{"floor":10,"key":"AttackPotion"},{"floor":13,"key":"AttackPotion"}],"is_trial":false,"path_per_floor":["M","?","M","?","$","R","E","R","T","M","E","M","M","$","R","B",null,"M","?"],"character_chosen":"DEFECT","items_purchased":["OrangePellets","Thunder Strike"],"campfire_rested":0,"item_purchase_floors":[5,14],"current_hp_per_floor":[64,64,64,64,64,64,64,64,64,52,29,29,22,22,22,3,54,54,22],"gold":118,"neow_bonus":"THREE_ENEMY_KILL","is_prod":false,"is_daily":false,"chose_seed":false,"campfire_upgraded":3,"win_rate":0,"timestamp":1550429240,"path_taken":["M","?","M","?","$","R","E","R","T","M","E","?","M","$","R","BOSS","M","?"],"build_version":"2019-01-23","purchased_purges":1,"victory":false,"max_hp_per_floor":[71,71,71,71,71,71,71,71,71,71,71,71,71,71,71,71,71,71,71],"card_choices":[{"not_picked":["Lockon","Melter"],"picked":"Ball Lightning","floor":1.0},{"not_picked":["Rip and Tear","Leap","Rebound"],"picked":"SKIP","floor":3.0},{"not_picked":["Conserve Battery","Beam Cell"],"picked":"Darkness","floor":7},{"not_picked":["Beam Cell","Genetic Algorithm"],"picked":"Double Energy","floor":10},{"not_picked":["Tempest","Scrape"],"picked":"Coolheaded","floor":11},{"not_picked":["Streamline","Compile Driver","Doom and Gloom"],"picked":"SKIP","floor":12},{"not_picked":["Doom and Gloom","Coolheaded"],"picked":"Go for the Eyes","floor":13},{"not_picked":["Machine Learning","All For One"],"picked":"Seek","floor":16},{"not_picked":["Beam Cell","Doom and Gloom"],"picked":"Loop","floor":18}],"player_experience":812896,"relics_obtained":[{"floor":7,"key":"Oddly Smooth Stone"},{"floor":9,"key":"Omamori"},{"floor":11,"key":"Anchor"}],"event_choices":[{"damage_healed":0.0,"max_hp_gain":0.0,"max_hp_loss":0.0,"gold_gain":150.0,"event_name":"Liars Game","player_choice":"AGREE","floor":2.0,"gold_loss":0.0,"damage_taken":0.0,"cards_obtained":["Doubt"]},{"damage_healed":0,"gold_gain":0,"cards_transformed":["Strike_B"],"player_choice":"Transformed","damage_taken":0,"max_hp_gain":0,"max_hp_loss":0,"event_name":"Transmorgrifier","floor":4,"gold_loss":0,"cards_obtained":["Reboot"]},{"damage_healed":0,"gold_gain":0,"player_choice":"Fought Bandits","damage_taken":0,"max_hp_gain":0,"max_hp_loss":0,"event_name":"Masked Bandits","floor":19,"gold_loss":0}],"is_beta":false,"boss_relics":[{"not_picked":["Black Star","Eternal Feather"],"picked":"Nuclear Battery"}],"items_purged_floors":[14],"is_endless":false,"potions_floor_spawned":[1,7,10,13],"killed_by":"Masked Bandits","ascension_level":20}