{"path_per_floor":["M","$","?","?","$","E","M","R","T","M","M","R","M","M","R","B",null,"M"],"character_chosen":"DEFECT","items_purchased":["Multi-Cast"],"gold_per_floor":[110,35,35,210,60,91,111,111,111,126,139,139,149,166,166,271,271,281,281],"floor_reached":19,"campfire_rested":2,"playtime":748,"current_hp_per_floor":[73,73,66,66,66,30,30,30,30,28,16,53,34,14,51,15,75,46,0],"items_purged":["Defend_B"],"gold":281,"score":169,"play_id":"54725b56-4b24-4d24-980f-bbe4250ee1ba","local_time":"20180501221400","is_prod":false,"is_daily":false,"chose_seed":false,"is_ascension_mode":false,"campfire_upgraded":1,"timestamp":1525205640,"path_taken":["M","$","?","?","$","E","M","R","T","M","?","R","M","?","R","BOSS","M","M"],"build_version":"2018-04-30","seed_source_timestamp":16256265979304,"purchased_purges":1,"victory":false,"master_deck":["Strike_B","Strike_B","Strike_B","Strike_B","Defend_B","Defend_B","Zap","Dualcast","Thunder Strike","Beam Cell","Doubt","Multi-Cast","Undo+1","Scrape","Tempest","Double Energy","Prime","Sunder"],"max_hp_per_floor":[75,75,75,75,75,75,75,75,75,75,75,75,75,75,75,75,75,75,75],"relics":["Cracked Core","Regal Pillow","Letter Opener","Runic Pyramid"],"card_choices":[{"not_picked":["Sweeping Beam","Scrape"],"picked":"Beam Cell","floor":1},{"not_picked":["Steam Power","Leap"],"picked":"Undo","floor":6},{"not_picked":["Genetic Algorithm","Reinforced Body"],"picked":"Scrape","floor":7},{"not_picked":["Chaos","Stack"],"picked":"Tempest","floor":10},{"not_picked":["Ball Lightning","Glacier"],"picked":"Double Energy","floor":11},{"not_picked":["Nova","Biased Cognition"],"picked":"Prime","floor":16},{"not_picked":["Buffer","Axe Kick"],"picked":"Sunder","floor":18}],"player_experience":42210,"potions_floor_usage":[11,16],"damage_taken":[{"damage":2,"enemies":"Small Slimes","floor":1,"turns":3},{"damage":36,"enemies":"Lagavulin","floor":6,"turns":7},{"damage":6,"enemies":"Jaw Worm","floor":7,"turns":3},{"damage":2,"enemies":"2 Louse","floor":10,"turns":2},{"damage":12,"enemies":"Blue Slaver","floor":11,"turns":2},{"damage":36,"enemies":"Exordium Thugs","floor":13,"turns":4},{"damage":20,"enemies":"Gremlin Gang","floor":14,"turns":3},{"damage":66,"enemies":"Hexaghost","floor":16,"turns":9},{"damage":44,"enemies":"3 Byrds","floor":18,"turns":4},{"damage":59,"enemies":"Shell Parasite","floor":19,"turns":6}],"event_choices":[{"event_name":"Golden Wing","player_choice":"Card Removal","floor":3,"damage_taken":0},{"event_name":"Liars Game","player_choice":"agreed","floor":4,"damage_taken":0}],"boss_relics":[{"not_picked":["Runic Dome","White Beast Statue"],"picked":"Runic Pyramid"}],"potions_floor_spawned":[7,10,13,14],"seed_played":"7490484597429879901","killed_by":"Shell Parasite","ascension_level":0,"is_trial":false}