{"gold_per_floor":[110,110,18,28,42,68,86,86,113,38,38,50,50,76,76,148,148,165,179,79,91,91,91,91],"floor_reached":24,"playtime":838,"items_purged":["Strike_G","Strike_G"],"score":512,"play_id":"06206e71-8200-4bc1-9bb8-2d1ba9719e6d","local_time":"20190408163145","is_ascension_mode":true,"campfire_choices":[{"data":"Bouncing Flask","floor":8.0,"key":"SMITH"},{"data":"Well Laid Plans","floor":11.0,"key":"SMITH"},{"data":"Caltrops","floor":13.0,"key":"SMITH"},{"data":"Deadly Poison","floor":15.0,"key":"SMITH"},{"data":"Concentrate","floor":23,"key":"SMITH"}],"neow_cost":"TEN_PERCENT_HP_LOSS","seed_source_timestamp":16295822397996,"circlet_count":0,"master_deck":["AscendersBane","Defend_G","Defend_G","Defend_G+1","Defend_G+1","Defend_G","Strike_G","Survivor","Neutralize+1","Well Laid Plans+1","Bouncing Flask+1","Caltrops+1","Corpse Explosion","Setup+1","Accuracy+1","Acrobatics+1","Escape Plan","Concentrate+1","Night Terror"],"special_seed":0,"relics":["Ring of the Snake","FossilizedHelix","Snake Skull","War Paint","Dream Catcher","Astrolabe"],"potions_floor_usage":[18],"damage_taken":[{"damage":0.0,"enemies":"Small Slimes","floor":1.0,"turns":4.0},{"damage":0.0,"enemies":"Cultist","floor":4.0,"turns":5.0},{"damage":0.0,"enemies":"Jaw Worm","floor":5.0,"turns":4.0},{"damage":0.0,"enemies":"Lagavulin","floor":6.0,"turns":8.0},{"damage":0.0,"enemies":"Exordium Thugs","floor":7.0,"turns":4.0},{"damage":14.0,"enemies":"Lots of Slimes","floor":12.0,"turns":5.0},{"damage":0.0,"enemies":"Gremlin Nob","floor":14.0,"turns":4.0},{"damage":16.0,"enemies":"Slime Boss","floor":16.0,"turns":9.0},{"damage":10,"enemies":"Shell Parasite","floor":18,"turns":4},{"damage":1,"enemies":"3 Byrds","floor":19,"turns":2},{"damage":12,"enemies":"Snake Plant","floor":21,"turns":3},{"damage":34,"enemies":"Slavers","floor":24,"turns":2}],"seed_played":"-3688747751604849014","potions_obtained":[{"floor":4.0,"key":"PowerPotion"},{"floor":14.0,"key":"Dexterity Potion"},{"floor":21,"key":"Ancient Potion"}],"is_trial":false,"path_per_floor":["M","?","$","M","M","E","M","R","T","$","R","M","R","E","R","B",null,"M","M","$","M","?","R","E"],"character_chosen":"THE_SILENT","items_purchased":["Well Laid Plans","FearPotion"],"campfire_rested":0,"item_purchase_floors":[3,3],"current_hp_per_floor":[59,59,59,59,59,59,59,59,59,59,59,45,45,45,45,29,52,42,41,41,29,29,29,0],"gold":91,"neow_bonus":"ONE_RARE_RELIC","is_prod":false,"is_daily":false,"chose_seed":false,"campfire_upgraded":5,"win_rate":0,"timestamp":1554712305,"path_taken":["M","?","$","?","M","E","M","R","T","$","R","M","R","E","R","BOSS","M","M","$","M","?","R","E"],"build_version":"2019-01-23","purchased_purges":2,"victory":false,"max_hp_per_floor":[60,60,60,60,60,60,60,60,60,60,60,60,60,60,60,60,60,60,60,60,60,60,60,60],"card_choices":[{"not_picked":["PiercingWail","Flying Knee","Quick Slash"],"picked":"SKIP","floor":1.0},{"not_picked":["Prepared","Outmaneuver"],"picked":"Bouncing Flask","floor":4.0},{"not_picked":["Finisher","Flying Knee"],"picked":"Caltrops","floor":5.0},{"not_picked":["Cloak And Dagger","Predator","Endless Agony"],"picked":"SKIP","floor":6.0},{"not_picked":["Outmaneuver","Deflect","Sucker Punch"],"picked":"SKIP","floor":7.0},{"not_picked":["Outmaneuver","Quick Slash","Slice"],"picked":"SKIP","floor":12.0},{"not_picked":["Riddle With Holes","Prepared"],"picked":"Deadly Poison","floor":14.0},{"not_picked":["Die Die Die","Adrenaline"],"picked":"Corpse Explosion","floor":16.0},{"not_picked":["Flying Knee+1","Underhanded Strike","Sucker Punch"],"picked":"SKIP","floor":18},{"not_picked":["Cloak And Dagger","Slice"],"picked":"Escape Plan","floor":19},{"not_picked":["Bouncing Flask","All Out Attack"],"picked":"Concentrate","floor":21}],"player_experience":4156438,"relics_obtained":[{"floor":6.0,"key":"Snake Skull"},{"floor":9.0,"key":"War Paint"},{"floor":14.0,"key":"Dream Catcher"}],"event_choices":[{"damage_healed":0.0,"max_hp_gain":0.0,"max_hp_loss":0.0,"gold_gain":0.0,"event_name":"Upgrade Shrine","player_choice":"Upgraded","floor":2.0,"gold_loss":0.0,"damage_taken":0.0,"cards_upgraded":["Neutralize"]},{"damage_healed":0,"gold_gain":0,"player_choice":"Read","damage_taken":0,"max_hp_gain":0,"max_hp_loss":0,"event_name":"The Library","floor":22,"gold_loss":0,"cards_obtained":["Night Terror"]}],"is_beta":false,"boss_relics":[{"not_picked":["Runic Dome","WristBlade"],"picked":"Astrolabe"}],"items_purged_floors":[10,20],"is_endless":false,"potions_floor_spawned":[4,5,14,16,21],"killed_by":"Slavers","ascension_level":20}