{"gold_per_floor":[12,12,12,22,35,35,52,65,65,65,75,75,92,104,104,201,201,215,140,415,435,107,134,134,234,312,312,326,326,342,342,342,443,443,455,455,455,467,480,480,491,86,86,86,98,118,118,118,118,118],"floor_reached":51,"playtime":1844,"items_purged":["Regret"],"score":661,"play_id":"cd216eda-4baf-4270-bb11-40b07e2e6ad2","local_time":"20190613131206","is_ascension_mode":false,"campfire_choices":[{"data":"Dualcast","floor":6.0,"key":"SMITH"},{"data":"Hologram","floor":10.0,"key":"SMITH"},{"data":"Creative AI","floor":12.0,"key":"SMITH"},{"data":"Recycle","floor":15.0,"key":"SMITH"},{"data":"Consume","floor":24.0,"key":"SMITH"},{"data":"Amplify","floor":27.0,"key":"SMITH"},{"floor":29,"key":"REST"},{"data":"Coolheaded","floor":32,"key":"SMITH"},{"floor":40,"key":"REST"},{"floor":44,"key":"REST"},{"floor":47,"key":"REST"},{"floor":49,"key":"REST"}],"neow_cost":"NO_GOLD","seed_source_timestamp":4660025376151,"circlet_count":0,"master_deck":["Zap","Dualcast+1","Creative AI+1","Turbo","Reinforced Body","Hologram+1","Gash+1","Ball Lightning+1","Recycle+1","Core Surge+1","Melter+1","Amplify+1","Echo Form","Machine Learning","Electrodynamics","Consume+1","Meteor Strike+1","Turbo+1","Glacier+1","Meteor Strike+1","Self Repair+1","Thunder Strike+1","Coolheaded+1","Buffer","Heatsinks","Core Surge+1","Turbo+1"],"special_seed":0,"relics":["Cracked Core","Molten Egg 2","Question Card","Pandora\u0027s Box","Meat on the Bone","WingedGreaves","Ginger","Bottled Tornado","Gremlin Horn","FaceOfCleric","Fusion Hammer","Toxic Egg 2","Blue Candle"],"potions_floor_usage":[28,50,50],"damage_taken":[{"damage":1.0,"enemies":"Jaw Worm","floor":1.0,"turns":3.0},{"damage":1.0,"enemies":"2 Louse","floor":4.0,"turns":3.0},{"damage":8.0,"enemies":"Cultist","floor":5.0,"turns":5.0},{"damage":2.0,"enemies":"Blue Slaver","floor":7.0,"turns":4.0},{"damage":5.0,"enemies":"Looter","floor":8.0,"turns":4.0},{"damage":7.0,"enemies":"Red Slaver","floor":11.0,"turns":4.0},{"damage":0.0,"enemies":"3 Louse","floor":13.0,"turns":1.0},{"damage":0.0,"enemies":"Lots of Slimes","floor":14.0,"turns":2.0},{"damage":35.0,"enemies":"Hexaghost","floor":16.0,"turns":9.0},{"damage":17.0,"enemies":"3 Byrds","floor":18.0,"turns":3.0},{"damage":2.0,"enemies":"Spheric Guardian","floor":21.0,"turns":3.0},{"damage":4.0,"enemies":"Gremlin Leader","floor":23.0,"turns":7.0},{"damage":25.0,"enemies":"Colosseum Slavers","floor":25.0,"turns":2.0},{"damage":25.0,"enemies":"Colosseum Nobs","floor":25.0,"turns":3.0},{"damage":21,"enemies":"Snake Plant","floor":28,"turns":2},{"damage":10,"enemies":"Cultist and Chosen","floor":30,"turns":3},{"damage":24,"enemies":"Champ","floor":33,"turns":8},{"damage":9,"enemies":"3 Darklings","floor":35,"turns":2},{"damage":5,"enemies":"Orb Walker","floor":38,"turns":4},{"damage":40,"enemies":"Transient","floor":39,"turns":5},{"damage":28,"enemies":"Writhing Mass","floor":41,"turns":8},{"damage":17,"enemies":"Sphere and 2 Shapes","floor":45,"turns":3},{"damage":17,"enemies":"Jaw Worm Horde","floor":46,"turns":4},{"damage":53,"enemies":"Time Eater","floor":50,"turns":15}],"seed_played":"-459654160695837727","potions_obtained":[{"floor":7.0,"key":"Explosive Potion"},{"floor":8.0,"key":"Explosive Potion"},{"floor":11.0,"key":"Energy Potion"},{"floor":14.0,"key":"Dexterity Potion"},{"floor":16.0,"key":"FocusPotion"},{"floor":18.0,"key":"LiquidBronze"},{"floor":38,"key":"Explosive Potion"}],"is_trial":false,"path_per_floor":["M","?","?","M","M","R","M","M","T","R","M","R","M","M","R","B",null,"M","?","?","M","$","E","R","?","T","R","M","R","M","?","R","B",null,"M","?","?","M","M","R","M","$","T","R","M","M","R","?","R","B",null],"character_chosen":"DEFECT","items_purchased":["Meat on the Bone","Core Surge+1","Toxic Egg 2"],"campfire_rested":5,"item_purchase_floors":[22,42,42],"current_hp_per_floor":[74,74,62,61,53,53,51,46,46,46,39,39,39,39,39,4,75,58,58,58,56,56,52,52,26,26,26,17,39,51,51,51,50,76,68,68,68,74,57,79,62,62,62,80,64,58,82,82,82,52],"gold":118,"neow_bonus":"THREE_RARE_CARDS","is_prod":false,"is_daily":false,"chose_seed":false,"campfire_upgraded":7,"win_rate":0,"timestamp":1560402726,"path_taken":["M","?","?","M","M","R","M","M","T","R","M","R","M","M","R","BOSS","M","?","?","?","$","E","R","?","T","R","M","R","M","?","R","BOSS","M","?","?","M","M","R","M","$","T","R","?","M","R","?","R","BOSS"],"build_version":"2019-01-23","purchased_purges":1,"victory":true,"max_hp_per_floor":[75,75,75,75,75,75,75,75,75,75,75,75,75,75,75,75,75,75,75,75,75,75,75,75,75,75,75,75,75,75,75,75,76,76,77,77,77,78,79,79,80,80,80,80,81,82,82,82,82,83],"card_choices":[{"not_picked":["Machine Learning","Seek"],"picked":"Creative AI","floor":0.0},{"not_picked":["Stack","Beam Cell","Steam Power"],"picked":"SKIP","floor":1.0},{"not_picked":["Aggregate","Reinforced Body","Beam Cell+1"],"picked":"SKIP","floor":4.0},{"not_picked":["Barrage+1","Conserve Battery"],"picked":"Turbo","floor":5.0},{"not_picked":["Gash+1","Rebound+1"],"picked":"Reinforced Body","floor":7.0},{"not_picked":["Fusion","Gash+1"],"picked":"Hologram","floor":8.0},{"not_picked":["Multi-Cast","Sweeping Beam+1","Compile Driver+1"],"picked":"Gash+1","floor":11.0},{"not_picked":["Chill","Go for the Eyes+1","Stack"],"picked":"Ball Lightning+1","floor":13.0},{"not_picked":["Doom and Gloom+1","Stack","Conserve Battery"],"picked":"Recycle","floor":14.0},{"not_picked":["Rainbow","Machine Learning","Thunder Strike+1"],"picked":"Core Surge+1","floor":16.0},{"not_picked":["Reprogram+1","Sweeping Beam+1","Double Energy"],"picked":"Turbo+1","floor":18.0},{"not_picked":["Compile Driver+1","Stack","Chaos"],"picked":"Glacier+1","floor":21.0},{"not_picked":["Leap","Redo","Rip and Tear+1"],"picked":"Meteor Strike+1","floor":23.0},{"not_picked":["Scrape+1","Leap","Ball Lightning+1"],"picked":"Self Repair+1","floor":25.0},{"not_picked":["Leap+1","Barrage+1","Sunder+1"],"picked":"Thunder Strike+1","floor":28},{"not_picked":["Hello World","Rebound+1","Coolheaded","Beam Cell+1"],"picked":"SKIP","floor":30},{"not_picked":["Hello World","Rebound+1","Beam Cell+1"],"picked":"Coolheaded","floor":30},{"not_picked":["Rainbow","Echo Form","Reboot"],"picked":"Buffer","floor":33},{"not_picked":["Redo+1","Static Discharge","Streamline+1","Compile Driver+1"],"picked":"SKIP","floor":35},{"not_picked":["Gash+1","Reinforced Body","Stack","Go for the Eyes+1"],"picked":"SKIP","floor":38},{"not_picked":["Aggregate","Beam Cell+1","Redo","Darkness"],"picked":"SKIP","floor":39},{"not_picked":["Gash+1","Chaos+1","Doom and Gloom+1"],"picked":"Heatsinks","floor":41},{"not_picked":["Doom and Gloom+1","Beam Cell+1","Self Repair","Gash+1"],"picked":"SKIP","floor":45},{"not_picked":["Redo+1","Barrage+1","Gash+1"],"picked":"Turbo+1","floor":46}],"player_experience":5136841,"relics_obtained":[{"floor":9.0,"key":"Question Card"},{"floor":23.0,"key":"WingedGreaves"},{"floor":25.0,"key":"Ginger"},{"floor":25.0,"key":"Bottled Tornado"},{"floor":26.0,"key":"Gremlin Horn"},{"floor":43,"key":"Blue Candle"}],"event_choices":[{"damage_healed":0.0,"max_hp_gain":0.0,"max_hp_loss":0.0,"gold_gain":0.0,"event_name":"Liars Game","player_choice":"Ignored","floor":2.0,"gold_loss":0.0,"damage_taken":0.0},{"damage_healed":0.0,"max_hp_gain":0.0,"max_hp_loss":0.0,"gold_gain":0.0,"event_name":"Scrap Ooze","player_choice":"Success","floor":3.0,"gold_loss":0.0,"damage_taken":12.0,"relics_obtained":["Molten Egg 2"]},{"cards_removed":["Sweeping Beam"],"damage_healed":0.0,"max_hp_gain":0.0,"max_hp_loss":0.0,"gold_gain":0.0,"event_name":"Beggar","player_choice":"Gave Gold","floor":19.0,"gold_loss":75.0,"damage_taken":0.0},{"damage_healed":0.0,"max_hp_gain":0.0,"max_hp_loss":0.0,"gold_gain":275.0,"event_name":"Golden Shrine","player_choice":"Desecrate","floor":20.0,"gold_loss":0.0,"damage_taken":0.0,"cards_obtained":["Regret"]},{"damage_healed":0.0,"max_hp_gain":0.0,"max_hp_loss":0.0,"gold_gain":0.0,"event_name":"Colosseum","player_choice":"Fight","floor":25.0,"gold_loss":0.0,"damage_taken":0.0},{"damage_healed":0.0,"max_hp_gain":0.0,"max_hp_loss":0.0,"gold_gain":0.0,"event_name":"Colosseum","player_choice":"Fought Nobs","floor":25.0,"gold_loss":0.0,"damage_taken":0.0},{"damage_healed":0,"gold_gain":0,"player_choice":"Trade","damage_taken":0,"relics_obtained":["FaceOfCleric"],"max_hp_gain":0,"max_hp_loss":0,"event_name":"FaceTrader","floor":31,"gold_loss":0},{"damage_healed":0,"gold_gain":0,"player_choice":"Ignored","damage_taken":0,"max_hp_gain":0,"max_hp_loss":0,"event_name":"Tomb of Lord Red Mask","floor":36,"gold_loss":0},{"damage_healed":0,"gold_gain":0,"player_choice":"Ignored","damage_taken":0,"max_hp_gain":0,"max_hp_loss":0,"event_name":"NoteForYourself","floor":37,"gold_loss":0},{"damage_healed":0,"gold_gain":0,"player_choice":"Ignored","damage_taken":0,"max_hp_gain":0,"max_hp_loss":0,"event_name":"Mysterious Sphere","floor":48,"gold_loss":0}],"is_beta":false,"boss_relics":[{"not_picked":["Cursed Key","Coffee Dripper"],"picked":"Pandora\u0027s Box"},{"not_picked":["Orrery","Empty Cage"],"picked":"Fusion Hammer"}],"items_purged_floors":[22],"is_endless":false,"potions_floor_spawned":[7,8,11,14,16,18,25,38,45],"ascension_level":0}