{"gold_per_floor":[117,117,7,7,7,39,39,66,66,97,117,147,147,158,158,234,234,247,297,58,49,60,60,78,78,108,108,108,133,133,149,149,225,225,238,238,238,251,271,305,305,305,387,460,460,183,183,63,63,63,63,63,22,48,48],"floor_reached":56,"playtime":2240,"items_purged":["Strike_G","Strike_G","Defend_G","Defend_G"],"score":2142,"play_id":"2a5e5b50-9f10-4415-b396-82f993d017ab","local_time":"20190219001504","is_ascension_mode":true,"campfire_choices":[{"data":"Noxious Fumes","floor":7,"key":"SMITH"},{"data":"Well Laid Plans","floor":13,"key":"SMITH"},{"data":"Footwork","floor":15,"key":"SMITH"},{"data":"Flechettes","floor":23,"key":"SMITH"},{"floor":28,"key":"REST"},{"data":"Outmaneuver","floor":30,"key":"SMITH"},{"data":"1","floor":32,"key":"LIFT"},{"floor":41,"key":"REST"},{"data":"2","floor":45,"key":"LIFT"},{"floor":49,"key":"RECALL"},{"data":"3","floor":52,"key":"LIFT"}],"neow_cost":"NONE","seed_source_timestamp":100147678469763,"circlet_count":0,"master_deck":["AscendersBane","Defend_G+1","Defend_G","Survivor+1","Neutralize+1","Footwork+1","Well Laid Plans+1","Noxious Fumes+1","Outmaneuver+1","Backflip","Escape Plan","Flechettes+1","Acrobatics+1","Concentrate+1"],"relics":["Ring of the Snake","NeowsBlessing","War Paint","The Courier","Girya","Snake Skull","Regal Pillow","Empty Cage","ClockworkSouvenir","Tiny Chest","Enchiridion","Whetstone","Runic Pyramid","Pantograph","Orichalcum","Kunai","Toxic Egg 2","Medical Kit","Lantern"],"potions_floor_usage":[12,12,12,18,21,55,55],"damage_taken":[{"damage":0,"enemies":"Jaw Worm","floor":1,"turns":1},{"damage":0,"enemies":"Lagavulin","floor":6,"turns":1},{"damage":0,"enemies":"3 Sentries","floor":8,"turns":2},{"damage":0,"enemies":"Lagavulin","floor":10,"turns":9},{"damage":0,"enemies":"Cultist","floor":11,"turns":4},{"damage":5,"enemies":"Gremlin Nob","floor":12,"turns":6},{"damage":0,"enemies":"Small Slimes","floor":14,"turns":4},{"damage":3,"enemies":"The Guardian","floor":16,"turns":11},{"damage":6,"enemies":"3 Byrds","floor":18,"turns":5},{"damage":18,"enemies":"2 Thieves","floor":21,"turns":5},{"damage":0,"enemies":"Snecko","floor":22,"turns":7},{"damage":8,"enemies":"Sentry and Sphere","floor":24,"turns":6},{"damage":3,"enemies":"Gremlin Leader","floor":29,"turns":7},{"damage":1,"enemies":"Centurion and Healer","floor":31,"turns":9},{"damage":25,"enemies":"Collector","floor":33,"turns":7},{"damage":4,"enemies":"3 Darklings","floor":35,"turns":7},{"damage":0,"enemies":"Orb Walker","floor":38,"turns":4},{"damage":11,"enemies":"3 Darklings","floor":39,"turns":4},{"damage":25,"enemies":"Nemesis","floor":40,"turns":11},{"damage":14,"enemies":"Awakened One","floor":50,"turns":11},{"damage":22,"enemies":"Shield and Spear","floor":54,"turns":5},{"damage":42,"enemies":"The Heart","floor":55,"turns":9}],"seed_played":"4808702999718197418","potions_obtained":[{"floor":1,"key":"Energy Potion"},{"floor":5,"key":"SpeedPotion"},{"floor":5,"key":"EntropicBrew"},{"floor":14,"key":"Explosive Potion"},{"floor":18,"key":"Explosive Potion"},{"floor":24,"key":"Strength Potion"}],"is_trial":false,"path_per_floor":["M","?","$","$","?","E","R","E","T","E","M","E","R","M","R","B",null,"M","?","$","M","M","R","M","$","T","?","R","E","R","M","R","B",null,"M","?","T","M","M","E","R","T","T","T","R","$","?","$","R","B",null,"R","$","E","B",null],"character_chosen":"THE_SILENT","items_purchased":["Well Laid Plans","ClockworkSouvenir","Medical Kit","Acrobatics+1","Swift Potion"],"campfire_rested":2,"item_purchase_floors":[3,20,46,46,53],"current_hp_per_floor":[59,59,59,59,59,59,59,59,59,59,59,54,54,54,54,51,62,56,56,56,38,38,38,30,30,30,9,43,40,40,39,39,14,53,49,49,49,49,38,13,47,47,47,47,47,47,47,47,47,52,63,63,63,41,24],"gold":48,"neow_bonus":"THREE_ENEMY_KILL","is_prod":false,"is_daily":false,"chose_seed":false,"campfire_upgraded":5,"win_rate":0,"timestamp":1550506504,"path_taken":["M","?","?","$","?","E","R","E","T","E","M","E","R","M","R","BOSS","M","?","$","M","M","R","M","?","T","?","R","E","R","M","R","BOSS","M","?","?","M","?","E","R","?","T","?","R","$","?","$","R","BOSS","R","$","E","BOSS"],"build_version":"2019-01-23","purchased_purges":4,"victory":true,"max_hp_per_floor":[66,66,66,66,66,66,66,66,66,66,66,66,66,66,66,66,66,66,66,66,66,66,66,66,66,66,66,66,66,66,66,66,66,66,66,66,66,66,66,66,66,66,66,66,66,66,66,66,66,66,66,66,66,66,66],"card_choices":[{"not_picked":["Flechettes","Slice"],"picked":"Footwork","floor":1},{"not_picked":["Sucker Punch","Storm of Steel"],"picked":"Noxious Fumes","floor":6},{"not_picked":["Noxious Fumes","Bane"],"picked":"Masterful Stab","floor":8},{"not_picked":["Well Laid Plans","Reflex","Cloak And Dagger"],"picked":"SKIP","floor":10},{"not_picked":["Expertise","Accuracy"],"picked":"Outmaneuver","floor":11},{"not_picked":["Crippling Poison","Poisoned Stab"],"picked":"Backflip","floor":12},{"not_picked":["Flying Knee","Dagger Throw","Slice"],"picked":"SKIP","floor":14},{"not_picked":["Heel Hook","Backflip"],"picked":"Escape Plan","floor":18},{"not_picked":["Flying Knee","Blur","Prepared"],"picked":"SKIP","floor":21},{"not_picked":["Leg Sweep","Acrobatics"],"picked":"Flechettes","floor":22},{"not_picked":["Flying Knee","Blur","Prepared"],"picked":"SKIP","floor":24},{"not_picked":["Backflip","Wraith Form v2","Cloak And Dagger"],"picked":"SKIP","floor":29},{"not_picked":["Poisoned Stab","Dodge and Roll+1","Outmaneuver+1"],"picked":"SKIP","floor":31},{"not_picked":["All Out Attack+1","Bane","Flechettes"],"picked":"SKIP","floor":35},{"not_picked":["Dodge and Roll","Prepared+1","Cloak And Dagger"],"picked":"SKIP","floor":38},{"not_picked":["Riddle With Holes","Backflip+1","Setup"],"picked":"SKIP","floor":39},{"not_picked":["Dagger Spray","Dash+1","Bouncing Flask"],"picked":"SKIP","floor":40},{"not_picked":["Corpse Explosion+1","Slice+1"],"picked":"Concentrate+1","floor":54}],"player_experience":830938,"relics_obtained":[{"floor":6,"key":"War Paint"},{"floor":8,"key":"The Courier"},{"floor":9,"key":"Girya"},{"floor":10,"key":"Snake Skull"},{"floor":12,"key":"Regal Pillow"},{"floor":26,"key":"Tiny Chest"},{"floor":27,"key":"Enchiridion"},{"floor":29,"key":"Whetstone"},{"floor":37,"key":"Pantograph"},{"floor":40,"key":"Orichalcum"},{"floor":42,"key":"Kunai"},{"floor":43,"key":"Toxic Egg 2"},{"floor":54,"key":"Lantern"}],"event_choices":[{"cards_removed":["Strike_G"],"damage_healed":0,"gold_gain":0,"player_choice":"Purged","damage_taken":0,"max_hp_gain":0,"max_hp_loss":0,"event_name":"Purifier","floor":2,"gold_loss":0},{"damage_healed":0,"gold_gain":0,"player_choice":"Got Potions","damage_taken":0,"max_hp_gain":0,"max_hp_loss":0,"event_name":"Lab","floor":5,"gold_loss":0},{"damage_healed":0,"gold_gain":50,"player_choice":"Stole From Cult","damage_taken":0,"max_hp_gain":0,"max_hp_loss":0,"event_name":"Nest","floor":19,"gold_loss":0},{"damage_healed":0,"gold_gain":0,"player_choice":"Obtained Book","damage_taken":21,"max_hp_gain":0,"max_hp_loss":0,"event_name":"Cursed Tome","floor":27,"gold_loss":0},{"cards_removed":["Defend_G"],"damage_healed":0,"gold_gain":0,"player_choice":"Removed Skill","damage_taken":0,"max_hp_gain":0,"max_hp_loss":0,"event_name":"Falling","floor":36,"gold_loss":0},{"cards_removed":["Masterful Stab"],"damage_healed":0,"gold_gain":0,"player_choice":"Purged","damage_taken":0,"max_hp_gain":0,"max_hp_loss":0,"event_name":"Purifier","floor":47,"gold_loss":0}],"is_beta":false,"boss_relics":[{"not_picked":["Orrery","Ring of the Serpent"],"picked":"Empty Cage"},{"not_picked":["White Beast Statue","Snecko Eye"],"picked":"Runic Pyramid"}],"items_purged_floors":[3,20,46,48],"is_endless":false,"potions_floor_spawned":[1,6,14,18,24,29,33,39,40],"ascension_level":15}