{"gold_per_floor":[111,126,51,201,40,40,74,124,124,143,175,202,231,257,269,357,369,401,413,436,187,197,197,213,239,266,276,58,75,75,86,86,161,161,177,177,177,196,216,216,250,250,250,250,125,136,136,167,167,167,167],"floor_reached":51,"playtime":2467,"items_purged":["Doubt","Sweeping Beam","Compile Driver"],"score":1438,"play_id":"df59598e-c6db-44d7-8099-ec9bc4fce5d4","local_time":"20190117185358","is_ascension_mode":true,"campfire_choices":[{"data":"Streamline","floor":6.0,"key":"SMITH"},{"data":"Consume","floor":15.0,"key":"SMITH"},{"data":"Capacitor","floor":23.0,"key":"SMITH"},{"data":"Capacitor","floor":30.0,"key":"SMITH"},{"data":"Turbo","floor":32.0,"key":"SMITH"},{"data":"Loop","floor":40,"key":"SMITH"},{"data":"Creative AI","floor":42,"key":"SMITH"},{"data":"Skim","floor":47,"key":"SMITH"},{"floor":49,"key":"RECALL"}],"neow_cost":"NONE","seed_source_timestamp":20923380982949,"circlet_count":0,"master_deck":["AscendersBane","Zap","Dualcast","Streamline+1","Glacier+1","Capacitor+1","Gash","Consume+1","Skim+1","Self Repair","Creative AI+1","BootSequence","Loop+1","White Noise","Glacier","Skim+1","Turbo+1","Capacitor+1","Undo","Buffer+1","Core Surge"],"special_seed":0,"relics":["Cracked Core","NeowsBlessing","Turnip","Mercury Hourglass","MawBank","Pandora\u0027s Box","Happy Flower","War Paint","Ancient Tea Set","Medical Kit","Sozu","Bottled Flame","Dream Catcher"],"potions_floor_usage":[38],"damage_taken":[{"damage":0.0,"enemies":"Jaw Worm","floor":1.0,"turns":1.0},{"damage":0.0,"enemies":"2 Louse","floor":2.0,"turns":1.0},{"damage":0.0,"enemies":"3 Sentries","floor":7.0,"turns":1.0},{"damage":0.0,"enemies":"Cultist","floor":10.0,"turns":2.0},{"damage":11.0,"enemies":"Gremlin Nob","floor":11.0,"turns":3.0},{"damage":10.0,"enemies":"Large Slime","floor":12.0,"turns":5.0},{"damage":21.0,"enemies":"Exordium Thugs","floor":13.0,"turns":4.0},{"damage":11.0,"enemies":"Blue Slaver","floor":14.0,"turns":3.0},{"damage":6.0,"enemies":"Hexaghost","floor":16.0,"turns":9.0},{"damage":11.0,"enemies":"3 Byrds","floor":18.0,"turns":2.0},{"damage":8.0,"enemies":"Chosen","floor":20.0,"turns":5.0},{"damage":2.0,"enemies":"Centurion and Healer","floor":22.0,"turns":8.0},{"damage":21.0,"enemies":"Snake Plant","floor":24.0,"turns":4.0},{"damage":0.0,"enemies":"Snecko","floor":27.0,"turns":4.0},{"damage":1.0,"enemies":"Chosen and Byrds","floor":29.0,"turns":7.0},{"damage":13.0,"enemies":"Snake Plant","floor":31.0,"turns":5.0},{"damage":18.0,"enemies":"Collector","floor":33.0,"turns":14.0},{"damage":0.0,"enemies":"Orb Walker","floor":35.0,"turns":5.0},{"damage":0,"enemies":"3 Shapes","floor":38,"turns":4},{"damage":0,"enemies":"Maw","floor":39,"turns":9},{"damage":4,"enemies":"Nemesis","floor":41,"turns":11},{"damage":0,"enemies":"Transient","floor":46,"turns":6},{"damage":60,"enemies":"Reptomancer","floor":48,"turns":11},{"damage":14,"enemies":"Time Eater","floor":50,"turns":14},{"damage":0,"enemies":"Awakened One","floor":51,"turns":2}],"seed_played":"994501107510957952","potions_obtained":[{"floor":2.0,"key":"Poison Potion"},{"floor":10.0,"key":"FearPotion"},{"floor":14.0,"key":"FearPotion"},{"floor":16.0,"key":"LiquidBronze"},{"floor":18.0,"key":"Fire Potion"}],"is_trial":false,"path_per_floor":["M","M","?","?","$","R","E","?","T","M","E","M","M","M","R","B",null,"M","?","M","$","M","R","M","T","T","M","$","M","R","M","R","B",null,"M","?","?","M","M","R","E","R","T","?","$","M","R","E","R","B","B"],"character_chosen":"DEFECT","items_purchased":["Capacitor","Happy Flower","Medical Kit"],"campfire_rested":0,"item_purchase_floors":[5,21,28],"current_hp_per_floor":[64,64,64,64,64,64,64,64,64,64,53,43,22,11,11,12,56,52,52,51,51,56,56,49,49,49,56,56,62,62,63,63,52,66,71,71,71,71,71,71,71,71,71,71,71,71,71,18,18,18,18],"gold":167,"neow_bonus":"THREE_ENEMY_KILL","is_prod":false,"is_daily":false,"chose_seed":false,"campfire_upgraded":8,"win_rate":0,"timestamp":1547722438,"path_taken":["M","M","?","?","$","R","E","?","T","M","E","M","?","M","R","BOSS","M","?","M","$","M","R","M","?","T","M","$","M","R","M","R","BOSS","M","?","?","M","?","R","E","R","T","?","$","M","R","E","R","BOSS","BOSS"],"build_version":"2019-01-10","purchased_purges":3,"victory":false,"max_hp_per_floor":[71,71,71,71,71,71,71,71,71,71,71,71,71,71,71,71,71,71,71,71,71,71,71,71,71,71,71,71,71,71,71,71,71,71,71,71,71,71,71,71,71,71,71,71,71,71,71,71,71,71,71],"card_choices":[{"not_picked":["Storm","Coolheaded"],"picked":"Streamline","floor":1.0},{"not_picked":["Melter","Leap"],"picked":"Glacier","floor":2.0},{"not_picked":["Barrage","Lockon"],"picked":"Gash","floor":7.0},{"not_picked":["Darkness","Gash"],"picked":"Consume","floor":10.0},{"not_picked":["Rebound","Barrage","BootSequence"],"picked":"SKIP","floor":11.0},{"not_picked":["Streamline","Redo"],"picked":"Skim","floor":12.0},{"not_picked":["Stack","Ball Lightning"],"picked":"Gash","floor":13.0},{"not_picked":["Turbo","Coolheaded"],"picked":"Self Repair","floor":14.0},{"not_picked":["Reboot","Amplify"],"picked":"Creative AI","floor":16.0},{"not_picked":["Compile Driver","Fusion","Beam Cell+1"],"picked":"SKIP","floor":18.0},{"not_picked":["Steam","Barrage","Streamline"],"picked":"SKIP","floor":20.0},{"not_picked":["Turbo","Sweeping Beam","Cold Snap"],"picked":"SKIP","floor":22.0},{"not_picked":["Sweeping Beam","Cold Snap"],"picked":"Turbo","floor":22.0},{"not_picked":["Fusion+1","Reprogram"],"picked":"Capacitor","floor":24.0},{"not_picked":["Double Energy","Go for the Eyes"],"picked":"Undo","floor":27.0},{"not_picked":["Scrape+1","Sweeping Beam","Ball Lightning"],"picked":"SKIP","floor":29.0},{"not_picked":["Streamline","Turbo"],"picked":"Buffer","floor":31.0},{"not_picked":["Hyperbeam","Machine Learning"],"picked":"Core Surge","floor":33.0},{"not_picked":["Ball Lightning","Beam Cell+1","Go for the Eyes"],"picked":"SKIP","floor":35.0},{"not_picked":["Streamline+1","Auto Shields","Storm"],"picked":"SKIP","floor":38},{"not_picked":["Thunder Strike","Compile Driver+1","Doom and Gloom"],"picked":"SKIP","floor":39},{"not_picked":["Undo+1","Beam Cell","Rebound"],"picked":"SKIP","floor":41},{"not_picked":["Heatsinks","Stack","Storm+1"],"picked":"SKIP","floor":46},{"not_picked":["Blizzard","Conserve Battery+1","Electrodynamics"],"picked":"SKIP","floor":48}],"player_experience":1980456,"relics_obtained":[{"floor":7.0,"key":"Turnip"},{"floor":9.0,"key":"Mercury Hourglass"},{"floor":11.0,"key":"MawBank"},{"floor":25.0,"key":"War Paint"},{"floor":26.0,"key":"Ancient Tea Set"},{"floor":41,"key":"Bottled Flame"},{"floor":48,"key":"Dream Catcher"}],"event_choices":[{"cards_removed":["Strike_B"],"damage_healed":0.0,"max_hp_gain":0.0,"max_hp_loss":0.0,"gold_gain":0.0,"event_name":"The Cleric","player_choice":"Card Removal","floor":3.0,"gold_loss":75.0,"damage_taken":0.0},{"damage_healed":0.0,"max_hp_gain":0.0,"max_hp_loss":0.0,"gold_gain":150.0,"event_name":"Liars Game","player_choice":"AGREE","floor":4.0,"gold_loss":0.0,"damage_taken":0.0,"cards_obtained":["Doubt"]},{"damage_healed":0.0,"max_hp_gain":0.0,"max_hp_loss":0.0,"gold_gain":50.0,"event_name":"Golden Shrine","player_choice":"Pray","floor":8.0,"gold_loss":0.0,"damage_taken":0.0},{"damage_healed":0.0,"max_hp_gain":0.0,"max_hp_loss":0.0,"gold_gain":0.0,"event_name":"The Mausoleum","player_choice":"Ignored","floor":19.0,"gold_loss":0.0,"damage_taken":0.0},{"damage_healed":0,"gold_gain":0,"player_choice":"Memory 1","damage_taken":0,"max_hp_gain":0,"max_hp_loss":0,"event_name":"SensoryStone","floor":36,"gold_loss":0},{"damage_healed":0,"gold_gain":0,"player_choice":"Forge","damage_taken":0,"max_hp_gain":0,"max_hp_loss":0,"event_name":"Accursed Blacksmith","floor":37,"gold_loss":0,"cards_upgraded":["Buffer"]},{"cards_removed":["Gash"],"damage_healed":0,"gold_gain":0,"player_choice":"Removed Attack","damage_taken":0,"max_hp_gain":0,"max_hp_loss":0,"event_name":"Falling","floor":44,"gold_loss":0}],"is_beta":false,"boss_relics":[{"not_picked":["White Beast Statue","Runic Dome"],"picked":"Pandora\u0027s Box"},{"not_picked":["Tiny House","Snecko Eye"],"picked":"Sozu"}],"items_purged_floors":[5,21,45],"is_endless":false,"potions_floor_spawned":[2,10,14,16,18,24,27,38,39,41],"killed_by":"Awakened One","ascension_level":20}