{"gold_per_floor":[118,136,61,72,72,72,72,72,97,108,108,108,122,133,133,207,207,218,493,505,23,23,49,49,99,124,124,124],"floor_reached":28,"playtime":561,"items_purged":["Regret"],"score":452,"play_id":"35cd90c3-5f3a-40cf-9561-3997587db17a","local_time":"20190228163127","is_ascension_mode":true,"campfire_choices":[{"data":"Acrobatics","floor":6.0,"key":"SMITH"},{"data":"Catalyst","floor":8.0,"key":"SMITH"},{"data":"Neutralize","floor":12.0,"key":"SMITH"},{"data":"Deadly Poison","floor":15.0,"key":"SMITH"},{"data":"Catalyst","floor":24.0,"key":"SMITH"},{"data":"Corpse Explosion","floor":27.0,"key":"SMITH"}],"neow_cost":"NONE","seed_source_timestamp":18129310878179,"circlet_count":0,"master_deck":["AscendersBane","Defend_G","Defend_G","Defend_G+1","Defend_G","Defend_G","Strike_G","Strike_G","Strike_G+1","Survivor","Neutralize+1","Acrobatics+1","Underhanded Strike+1","Catalyst+1","Dagger Throw","Deadly Poison+1","Flechettes","Corpse Explosion+1","Backflip+1","Catalyst+1","Tactician"],"special_seed":0,"relics":["Ring of the Snake","NeowsBlessing","Oddly Smooth Stone","Eternal Feather","War Paint","PreservedInsect","Snake Skull","Happy Flower"],"potions_floor_usage":[],"damage_taken":[{"damage":0.0,"enemies":"2 Louse","floor":1.0,"turns":1.0},{"damage":0.0,"enemies":"Cultist","floor":2.0,"turns":1.0},{"damage":0.0,"enemies":"Jaw Worm","floor":4.0,"turns":1.0},{"damage":5.0,"enemies":"Large Slime","floor":10.0,"turns":7.0},{"damage":0.0,"enemies":"Blue Slaver","floor":13.0,"turns":5.0},{"damage":10.0,"enemies":"Exordium Wildlife","floor":14.0,"turns":4.0},{"damage":8.0,"enemies":"Hexaghost","floor":16.0,"turns":9.0},{"damage":13.0,"enemies":"2 Thieves","floor":18.0,"turns":4.0},{"damage":18.0,"enemies":"Chosen","floor":20.0,"turns":4.0},{"damage":26.0,"enemies":"Slavers","floor":23.0,"turns":7.0},{"damage":24,"enemies":"Shelled Parasite and Fungi","floor":28,"turns":3}],"seed_played":"7079966664187310551","potions_obtained":[{"floor":1.0,"key":"FairyPotion"},{"floor":10.0,"key":"FearPotion"}],"is_trial":false,"path_per_floor":["M","M","?","M","?","R","$","R","T","M","?","R","M","M","R","B",null,"M","?","M","$","?","E","R","?","T","R","M"],"character_chosen":"THE_SILENT","items_purchased":["Tactician","War Paint","PreservedInsect"],"campfire_rested":0,"item_purchase_floors":[21,21,21],"current_hp_per_floor":[59,59,59,59,39,39,39,39,39,34,27,27,27,17,17,9,52,39,39,21,21,21,3,15,15,15,27,3],"gold":124,"neow_bonus":"THREE_ENEMY_KILL","is_prod":false,"is_daily":false,"chose_seed":false,"campfire_upgraded":6,"win_rate":0,"timestamp":1551342687,"path_taken":["M","M","?","M","?","R","$","R","T","M","?","R","M","M","R","BOSS","M","?","?","$","?","E","R","?","T","R","M"],"build_version":"2019-01-23","purchased_purges":1,"victory":false,"max_hp_per_floor":[66,66,66,66,66,66,66,66,66,66,66,66,66,66,66,66,66,66,66,66,66,66,66,66,66,66,66,66],"card_choices":[{"not_picked":["Distraction","Bane"],"picked":"Acrobatics","floor":1.0},{"not_picked":["Outmaneuver","Skewer"],"picked":"Underhanded Strike","floor":2.0},{"not_picked":["Outmaneuver","Accuracy"],"picked":"Catalyst","floor":4.0},{"not_picked":["Cloak And Dagger","Deflect"],"picked":"Dagger Throw","floor":10.0},{"not_picked":["Blade Dance","Deflect"],"picked":"Deadly Poison","floor":13.0},{"not_picked":["Expertise","Predator"],"picked":"Flechettes","floor":14.0},{"not_picked":["Burst","Die Die Die"],"picked":"Corpse Explosion","floor":16.0},{"not_picked":["PiercingWail","Cloak And Dagger"],"picked":"Backflip","floor":18.0},{"not_picked":["Poisoned Stab+1","Wraith Form v2"],"picked":"Catalyst","floor":20.0},{"not_picked":["Slice","Outmaneuver","Flechettes"],"picked":"SKIP","floor":23.0}],"player_experience":3227990,"relics_obtained":[{"floor":9.0,"key":"Oddly Smooth Stone"},{"floor":23.0,"key":"Snake Skull"},{"floor":26.0,"key":"Happy Flower"}],"event_choices":[{"cards_removed":["Strike_G"],"damage_healed":0.0,"max_hp_gain":0.0,"max_hp_loss":0.0,"gold_gain":0.0,"event_name":"The Cleric","player_choice":"Card Removal","floor":3.0,"gold_loss":75.0,"damage_taken":0.0},{"damage_healed":0.0,"max_hp_gain":0.0,"max_hp_loss":0.0,"gold_gain":0.0,"event_name":"Shining Light","player_choice":"Entered Light","floor":5.0,"gold_loss":0.0,"damage_taken":20.0,"cards_upgraded":["Underhanded Strike","Strike_G"]},{"cards_removed":["Strike_G"],"damage_healed":0.0,"max_hp_gain":0.0,"max_hp_loss":0.0,"gold_gain":0.0,"event_name":"Golden Wing","player_choice":"Card Removal","floor":11.0,"gold_loss":0.0,"damage_taken":7.0},{"damage_healed":0.0,"max_hp_gain":0.0,"max_hp_loss":0.0,"gold_gain":275.0,"event_name":"Golden Shrine","player_choice":"Desecrate","floor":19.0,"gold_loss":0.0,"damage_taken":0.0,"cards_obtained":["Regret"]},{"damage_healed":0.0,"max_hp_gain":0.0,"max_hp_loss":0.0,"gold_gain":0.0,"event_name":"Cursed Tome","player_choice":"Ignored","floor":22.0,"gold_loss":0.0,"damage_taken":0.0},{"damage_healed":0.0,"max_hp_gain":0.0,"max_hp_loss":0.0,"gold_gain":50.0,"event_name":"Nest","player_choice":"Stole From Cult","floor":25.0,"gold_loss":0.0,"damage_taken":0.0}],"is_beta":false,"boss_relics":[{"not_picked":["Ectoplasm","Velvet Choker"],"picked":"Eternal Feather"}],"items_purged_floors":[21],"is_endless":false,"potions_floor_spawned":[1,10,20],"killed_by":"Shelled Parasite and Fungi","ascension_level":20}