{"gold_per_floor":[211,211,15,15,25,55,55,80,80,80,141,158,158,183,183,262,262,273,473,36,49,49,49,49,49,126,144,144,158,14,24,24,101,101,118,218,218,236,236,236,246,246,270,296,296,86,102,137,137,137,137,137,137,53,81,81],"floor_reached":57,"playtime":3495,"items_purged":["Strike_B","Strike_B"],"score":3253,"play_id":"e666b48b-fd5a-4a68-8a81-4333e462e2fd","local_time":"20190228134855","is_ascension_mode":true,"campfire_choices":[{"data":"Chaos","floor":7.0,"key":"SMITH"},{"data":"Chaos","floor":10.0,"key":"SMITH"},{"data":"Capacitor","floor":13.0,"key":"SMITH"},{"data":"Dualcast","floor":15.0,"key":"SMITH"},{"data":"Biased Cognition","floor":23,"key":"SMITH"},{"data":"Chaos","floor":25,"key":"SMITH"},{"data":"Capacitor","floor":28,"key":"SMITH"},{"data":"Defragment","floor":32,"key":"SMITH"},{"data":"Defragment","floor":40,"key":"SMITH"},{"floor":42,"key":"RECALL"},{"data":"Defragment","floor":45,"key":"SMITH"},{"data":"Hologram","floor":49,"key":"SMITH"},{"data":"Thunder Strike","floor":53,"key":"SMITH"}],"neow_cost":"NONE","seed_source_timestamp":5392465312994,"circlet_count":0,"master_deck":["AscendersBane","Zap","Dualcast+1","Glacier","Capacitor+1","Chaos+1","Hologram+1","Streamline","Chaos+1","Undo","Biased Cognition+1","Chaos+1","Rainbow","Capacitor+1","Ghostly","Ghostly","Ghostly","Ghostly","Coolheaded+1","Defragment+1","Chill","Core Surge","Defragment+1","Beam Cell","Thunder Strike+1","Stack","Chaos+1","White Noise+1","Undo+1","Chill","Defragment+1","Parasite","Glacier","Meteor Strike","Reboot","Creative AI"],"special_seed":0,"relics":["Cracked Core","Shuriken","DataDisk","Lantern","Oddly Smooth Stone","Coffee Dripper","Cables","Question Card","Pandora\u0027s Box","Pocketwatch","Pen Nib","Medical Kit","Mercury Hourglass","Mummified Hand"],"potions_floor_usage":[50,56],"damage_taken":[{"damage":0.0,"enemies":"Small Slimes","floor":1.0,"turns":3.0},{"damage":1.0,"enemies":"Jaw Worm","floor":5.0,"turns":5.0},{"damage":32.0,"enemies":"Lagavulin","floor":6.0,"turns":17.0},{"damage":8.0,"enemies":"Gremlin Nob","floor":8.0,"turns":3.0},{"damage":5.0,"enemies":"3 Sentries","floor":11.0,"turns":9.0},{"damage":0.0,"enemies":"2 Louse","floor":12.0,"turns":3.0},{"damage":3.0,"enemies":"Hexaghost","floor":16.0,"turns":9.0},{"damage":0.0,"enemies":"Shell Parasite","floor":18.0,"turns":7.0},{"damage":0,"enemies":"3 Byrds","floor":21,"turns":6},{"damage":0,"enemies":"Snake Plant","floor":27,"turns":5},{"damage":0,"enemies":"Sentry and Sphere","floor":29,"turns":3},{"damage":2,"enemies":"Chosen and Byrds","floor":31,"turns":5},{"damage":12,"enemies":"Collector","floor":33,"turns":12},{"damage":0,"enemies":"3 Darklings","floor":35,"turns":6},{"damage":0,"enemies":"Mind Bloom Boss Battle","floor":36,"turns":6},{"damage":0,"enemies":"Orb Walker","floor":38,"turns":5},{"damage":0,"enemies":"Maw","floor":41,"turns":6},{"damage":0,"enemies":"Giant Head","floor":44,"turns":9},{"damage":0,"enemies":"Writhing Mass","floor":47,"turns":6},{"damage":0,"enemies":"Nemesis","floor":48,"turns":11},{"damage":0,"enemies":"Donu and Deca","floor":50,"turns":10},{"damage":0,"enemies":"Time Eater","floor":51,"turns":10},{"damage":0,"enemies":"Shield and Spear","floor":55,"turns":11},{"damage":0,"enemies":"The Heart","floor":56,"turns":12}],"seed_played":"-7335269987912786016","potions_obtained":[{"floor":6.0,"key":"Dexterity Potion"},{"floor":8.0,"key":"SkillPotion"},{"floor":16.0,"key":"GamblersBrew"},{"floor":33,"key":"AttackPotion"},{"floor":38,"key":"Block Potion"}],"is_trial":false,"path_per_floor":["M","?","$","?","M","E","R","E","T","R","?","M","R","T","R","B",null,"M","?","$","M","?","R","?","R","T","M","R","M","$","M","R","B",null,"M","?","?","M","?","R","M","R","T","E","R","$","M","E","R","B","B",null,"R","$","E","B",null],"character_chosen":"DEFECT","items_purchased":["Capacitor","Chaos","Rainbow","Cables","Defragment","Medical Kit","Reboot"],"campfire_rested":0,"item_purchase_floors":[3,3,20,20,30,46,54],"current_hp_per_floor":[64,57,57,57,56,24,24,16,16,16,11,11,11,11,11,8,55,55,55,55,55,35,35,35,35,35,35,35,35,35,33,33,21,32,35,35,35,35,33,33,33,33,33,33,33,33,33,33,33,33,33,33,33,33,33,33],"gold":81,"neow_bonus":"HUNDRED_GOLD","is_prod":false,"is_daily":false,"chose_seed":false,"campfire_upgraded":12,"win_rate":0,"timestamp":1551332935,"path_taken":["M","?","$","?","M","E","R","E","T","R","?","M","R","?","R","BOSS","M","?","$","?","?","R","?","R","T","M","R","?","$","M","R","BOSS","M","?","?","M","?","R","M","R","T","E","R","$","M","E","R","BOSS","BOSS","R","$","E","BOSS"],"build_version":"2019-01-23","purchased_purges":2,"victory":true,"max_hp_per_floor":[71,71,71,71,71,71,71,71,71,71,71,71,71,71,71,71,71,71,71,71,71,35,35,35,35,35,35,35,35,35,35,35,35,35,35,35,35,35,33,33,33,33,33,33,33,33,33,33,33,33,33,33,33,33,33,33],"card_choices":[{"not_picked":["Go for the Eyes","Stack"],"picked":"Glacier","floor":1.0},{"not_picked":["Steam","Rebound"],"picked":"Hologram","floor":5.0},{"not_picked":["Reinforced Body","Steam"],"picked":"Streamline","floor":6.0},{"not_picked":["Rip and Tear","Tempest"],"picked":"Chaos","floor":8.0},{"not_picked":["Leap","Conserve Battery"],"picked":"Undo","floor":12.0},{"not_picked":["Rainbow","Creative AI"],"picked":"Biased Cognition","floor":16.0},{"not_picked":["Redo","Barrage"],"picked":"Chaos","floor":18.0},{"not_picked":["Redo","Darkness"],"picked":"Capacitor","floor":21},{"not_picked":["Loop","Stack","Go for the Eyes","Heatsinks"],"picked":"SKIP","floor":27},{"not_picked":["Amplify","Lockon+1","Gash"],"picked":"Coolheaded+1","floor":29},{"not_picked":["Fusion","Ball Lightning","Hologram"],"picked":"Chill","floor":31},{"not_picked":["Seek","Electrodynamics","Thunder Strike"],"picked":"Core Surge","floor":33},{"not_picked":["Go for the Eyes","Fusion+1","Redo"],"picked":"Chaos+1","floor":35},{"not_picked":["Beam Cell","Leap+1","Redo+1"],"picked":"White Noise+1","floor":36},{"not_picked":["Go for the Eyes+1","Sweeping Beam","FTL"],"picked":"Undo+1","floor":38},{"not_picked":["Sunder","Turbo","Reprogram"],"picked":"Chill","floor":41},{"not_picked":["Self Repair","Blizzard","Chill"],"picked":"Defragment","floor":44},{"not_picked":["Cold Snap+1","Turbo","Fusion"],"picked":"Glacier","floor":47},{"not_picked":["Sunder","Gash","Coolheaded"],"picked":"Meteor Strike","floor":48},{"not_picked":["Darkness","Streamline","Gash+1"],"picked":"Creative AI","floor":55}],"player_experience":3219286,"relics_obtained":[{"floor":6.0,"key":"Shuriken"},{"floor":9.0,"key":"DataDisk"},{"floor":11.0,"key":"Lantern"},{"floor":14.0,"key":"Oddly Smooth Stone"},{"floor":26,"key":"Question Card"},{"floor":36,"key":"Pocketwatch"},{"floor":44,"key":"Pen Nib"},{"floor":48,"key":"Mercury Hourglass"},{"floor":55,"key":"Mummified Hand"}],"event_choices":[{"cards_removed":["Strike_B"],"damage_healed":0.0,"max_hp_gain":0.0,"max_hp_loss":0.0,"gold_gain":0.0,"event_name":"Golden Wing","player_choice":"Card Removal","floor":2.0,"gold_loss":0.0,"damage_taken":7.0},{"damage_healed":0.0,"max_hp_gain":0.0,"max_hp_loss":0.0,"gold_gain":0.0,"event_name":"Scrap Ooze","player_choice":"Fled","floor":4.0,"gold_loss":0.0,"damage_taken":0.0},{"damage_healed":0.0,"max_hp_gain":0.0,"max_hp_loss":0.0,"gold_gain":0.0,"event_name":"Dead Adventurer","player_choice":"Searched \u00272\u0027 times","floor":11.0,"gold_loss":0.0,"damage_taken":0.0},{"damage_healed":0,"gold_gain":250,"player_choice":"Bet on Owner","damage_taken":0,"max_hp_gain":0,"max_hp_loss":0,"event_name":"The Joust","floor":19,"gold_loss":50},{"damage_healed":0,"gold_gain":0,"player_choice":"Became a Ghost","damage_taken":0,"max_hp_gain":0,"max_hp_loss":36,"event_name":"Ghosts","floor":22,"gold_loss":0,"cards_obtained":["Ghostly","Ghostly","Ghostly"]},{"damage_healed":0,"gold_gain":0,"player_choice":"Copied","damage_taken":0,"max_hp_gain":0,"max_hp_loss":0,"event_name":"Duplicator","floor":24,"gold_loss":0,"cards_obtained":["Ghostly"]},{"damage_healed":0,"gold_gain":0,"player_choice":"Fight","damage_taken":0,"max_hp_gain":0,"max_hp_loss":0,"event_name":"MindBloom","floor":36,"gold_loss":0},{"cards_removed":["Self Repair"],"damage_healed":0,"gold_gain":0,"player_choice":"Removed Power","damage_taken":0,"max_hp_gain":0,"max_hp_loss":0,"event_name":"Falling","floor":37,"gold_loss":0},{"damage_healed":0,"gold_gain":0,"player_choice":"Max HP","damage_taken":0,"max_hp_gain":0,"max_hp_loss":2,"event_name":"Winding Halls","floor":39,"gold_loss":0}],"is_beta":false,"boss_relics":[{"not_picked":["Astrolabe","Fusion Hammer"],"picked":"Coffee Dripper"},{"not_picked":["Empty Cage","FrozenCore"],"picked":"Pandora\u0027s Box"}],"items_purged_floors":[3,30],"is_endless":false,"potions_floor_spawned":[6,8,16,27,31,33,35,38,41,47],"ascension_level":20}