{"gold_per_floor":[117,132,149,149,169,169,198,198,198,214,214,214,247,247,247,323,323,335,63,75,0,17,17,42,42,42,42,42,56,56,88,88,160,160,177,177,229,29,48,48,81,12,12,62,62,91,108,141,141,141,141,141,41,74,74],"floor_reached":56,"playtime":1782,"items_purged":["Defend_B","Parasite"],"score":2607,"play_id":"76bd4252-dfc8-436e-b8cb-f151c5027963","local_time":"20190212113803","is_ascension_mode":true,"campfire_choices":[{"data":"Defragment","floor":6,"key":"SMITH"},{"data":"Defragment","floor":8,"key":"SMITH"},{"data":"Defragment","floor":15,"key":"SMITH"},{"data":"Creative AI","floor":23,"key":"SMITH"},{"data":"Zap","floor":25,"key":"SMITH"},{"data":"Dualcast","floor":27,"key":"SMITH"},{"data":"Glacier","floor":30,"key":"SMITH"},{"floor":32,"key":"RECALL"},{"data":"Buffer","floor":40,"key":"SMITH"},{"data":"Blizzard","floor":45,"key":"SMITH"},{"data":"Defend_B+1","floor":49,"key":"PURGE"},{"data":"Defend_B+1","floor":52,"key":"PURGE"}],"neow_cost":"NONE","seed_source_timestamp":1275501756121625,"circlet_count":0,"master_deck":["AscendersBane","Zap+1","Dualcast+1","Glacier+1","Defragment+1","Coolheaded+1","Ball Lightning","Defragment+1","Seek+1","Defragment+1","Creative AI+1","Reinforced Body+1","Amplify+1","Electrodynamics","Buffer+1","Defragment+1","Blizzard+1","Defragment+1"],"relics":["FrozenCore","Lantern","Toxic Egg 2","Anchor","War Paint","Mummified Hand","Gambling Chip","Empty Cage","Medical Kit","Peace Pipe","Meat on the Bone","Shuriken","Ice Cream","DollysMirror","Strawberry","Frozen Egg 2","FossilizedHelix","Happy Flower"],"potions_floor_usage":[55,55],"damage_taken":[{"damage":0,"enemies":"Small Slimes","floor":1,"turns":3},{"damage":0,"enemies":"Cultist","floor":2,"turns":3},{"damage":3,"enemies":"2 Louse","floor":3,"turns":4},{"damage":0,"enemies":"Blue Slaver","floor":5,"turns":3},{"damage":10,"enemies":"Lagavulin","floor":7,"turns":5},{"damage":0,"enemies":"Looter","floor":10,"turns":2},{"damage":5,"enemies":"Gremlin Nob","floor":13,"turns":5},{"damage":0,"enemies":"Hexaghost","floor":16,"turns":8},{"damage":0,"enemies":"Chosen","floor":18,"turns":4},{"damage":0,"enemies":"Shell Parasite","floor":20,"turns":5},{"damage":14,"enemies":"3 Cultists","floor":22,"turns":5},{"damage":0,"enemies":"Slavers","floor":24,"turns":5},{"damage":0,"enemies":"Cultist and Chosen","floor":29,"turns":5},{"damage":0,"enemies":"Book of Stabbing","floor":31,"turns":3},{"damage":0,"enemies":"Automaton","floor":33,"turns":7},{"damage":0,"enemies":"Orb Walker","floor":35,"turns":4},{"damage":0,"enemies":"2 Orb Walkers","floor":37,"turns":4},{"damage":11,"enemies":"3 Shapes","floor":39,"turns":3},{"damage":0,"enemies":"Reptomancer","floor":41,"turns":5},{"damage":0,"enemies":"Giant Head","floor":46,"turns":8},{"damage":0,"enemies":"Writhing Mass","floor":47,"turns":5},{"damage":0,"enemies":"Reptomancer","floor":48,"turns":5},{"damage":0,"enemies":"Donu and Deca","floor":50,"turns":8},{"damage":0,"enemies":"Shield and Spear","floor":54,"turns":6},{"damage":0,"enemies":"The Heart","floor":55,"turns":10}],"seed_played":"8450505858440701814","potions_obtained":[{"floor":3,"key":"FairyPotion"},{"floor":5,"key":"Energy Potion"},{"floor":29,"key":"Block Potion"},{"floor":54,"key":"Ancient Potion"}],"is_trial":false,"path_per_floor":["M","M","M","?","M","R","E","R","T","M","?","?","E","T","R","B",null,"M","$","M","?","M","R","E","R","T","R","?","M","R","E","R","B",null,"M","?","?","$","M","R","E","$","T","?","R","E","M","E","R","B",null,"R","$","E","B",null],"character_chosen":"DEFECT","items_purchased":["Medical Kit","DollysMirror","Blizzard"],"campfire_rested":0,"item_purchase_floors":[19,38,42],"current_hp_per_floor":[64,64,61,61,61,61,51,51,51,51,44,26,21,21,21,21,59,59,59,59,59,45,45,45,45,45,45,45,45,45,45,45,45,65,65,65,65,65,54,54,61,61,61,61,61,61,61,61,61,61,74,74,74,74,74],"gold":74,"neow_bonus":"TRANSFORM_CARD","is_prod":false,"is_daily":false,"chose_seed":false,"campfire_upgraded":9,"win_rate":0,"timestamp":1549942683,"path_taken":["M","M","M","?","?","R","E","R","T","M","?","?","E","?","R","BOSS","M","$","M","?","M","R","E","R","T","R","?","?","R","E","R","BOSS","M","?","?","$","M","R","E","$","T","?","R","E","M","E","R","BOSS","R","$","E","BOSS"],"build_version":"2019-01-23","purchased_purges":2,"victory":true,"max_hp_per_floor":[71,71,71,71,71,71,71,71,71,71,71,71,71,71,71,71,71,71,71,71,71,71,71,71,71,71,71,71,71,71,71,71,71,71,71,71,71,71,71,71,78,78,78,78,78,78,78,78,78,78,78,78,75,75,75],"card_choices":[{"not_picked":["Gash","Beam Cell"],"picked":"Defragment","floor":1},{"not_picked":["Scrape","Cold Snap"],"picked":"Coolheaded","floor":2},{"not_picked":["White Noise","Steam"],"picked":"Genetic Algorithm","floor":3},{"not_picked":["Rebound","Scrape"],"picked":"Ball Lightning","floor":5},{"not_picked":["Conserve Battery","Coolheaded"],"picked":"Defragment","floor":7},{"not_picked":["Darkness+1","Sweeping Beam"],"picked":"Seek+1","floor":10},{"not_picked":["Go for the Eyes","Stack+1"],"picked":"Defragment","floor":13},{"not_picked":["Echo Form","Machine Learning"],"picked":"Creative AI","floor":16},{"not_picked":["Steam+1","Redo+1","Self Repair"],"picked":"SKIP","floor":18},{"not_picked":["Cold Snap","Seek+1"],"picked":"Reinforced Body+1","floor":20},{"not_picked":["Barrage","Ball Lightning","Sweeping Beam"],"picked":"SKIP","floor":22},{"not_picked":["Redo+1","Steam Power+1"],"picked":"Amplify+1","floor":24},{"not_picked":["FTL","Leap+1","Steam+1"],"picked":"SKIP","floor":29},{"not_picked":["Turbo+1","Steam+1"],"picked":"Electrodynamics","floor":31},{"not_picked":["Core Surge","Seek+1"],"picked":"Buffer","floor":33},{"not_picked":["Reprogram+1","Cold Snap","Leap+1"],"picked":"SKIP","floor":35},{"not_picked":["Steam+1","Rip and Tear","Reprogram+1"],"picked":"SKIP","floor":39},{"not_picked":["Stack+1","Aggregate+1","Double Energy+1"],"picked":"SKIP","floor":41},{"not_picked":["Genetic Algorithm+1","Streamline+1","Reprogram+1"],"picked":"SKIP","floor":46},{"not_picked":["Sunder","Beam Cell"],"picked":"Defragment+1","floor":47},{"not_picked":["Steam Power+1","Darkness+1","Creative AI+1"],"picked":"SKIP","floor":48},{"not_picked":["Gash","Cold Snap","Barrage"],"picked":"SKIP","floor":54}],"player_experience":731177,"relics_obtained":[{"floor":7,"key":"Toxic Egg 2"},{"floor":9,"key":"Anchor"},{"floor":13,"key":"Mummified Hand"},{"floor":14,"key":"Gambling Chip"},{"floor":24,"key":"Peace Pipe"},{"floor":26,"key":"Meat on the Bone"},{"floor":31,"key":"Shuriken"},{"floor":37,"key":"Ice Cream"},{"floor":41,"key":"Strawberry"},{"floor":46,"key":"Frozen Egg 2"},{"floor":48,"key":"FossilizedHelix"},{"floor":54,"key":"Happy Flower"}],"event_choices":[{"cards_removed":["Genetic Algorithm"],"damage_healed":0,"gold_gain":0,"player_choice":"Gave Card","damage_taken":0,"relics_obtained":["Lantern"],"max_hp_gain":0,"max_hp_loss":0,"event_name":"WeMeetAgain","floor":4,"gold_loss":0},{"cards_removed":["Strike_B"],"damage_healed":0,"gold_gain":0,"player_choice":"Card Removal","damage_taken":7,"max_hp_gain":0,"max_hp_loss":0,"event_name":"Golden Wing","floor":11,"gold_loss":0},{"damage_healed":0,"gold_gain":0,"player_choice":"Success","damage_taken":18,"relics_obtained":["War Paint"],"max_hp_gain":0,"max_hp_loss":0,"event_name":"Scrap Ooze","floor":12,"gold_loss":0},{"cards_removed":["Defend_B"],"damage_healed":0,"gold_gain":0,"player_choice":"Gave Gold","damage_taken":0,"max_hp_gain":0,"max_hp_loss":0,"event_name":"Beggar","floor":21,"gold_loss":75},{"damage_healed":0,"gold_gain":0,"player_choice":"Forge","damage_taken":0,"max_hp_gain":0,"max_hp_loss":0,"event_name":"Accursed Blacksmith","floor":28,"gold_loss":0,"cards_upgraded":["Coolheaded"]},{"damage_healed":0,"gold_gain":0,"player_choice":"Memory 1","damage_taken":0,"max_hp_gain":0,"max_hp_loss":0,"event_name":"SensoryStone","floor":36,"gold_loss":0},{"damage_healed":0,"gold_gain":0,"player_choice":"Fight","damage_taken":0,"max_hp_gain":0,"max_hp_loss":0,"event_name":"Mysterious Sphere","floor":37,"gold_loss":0},{"damage_healed":0,"gold_gain":50,"player_choice":"Pray","damage_taken":0,"max_hp_gain":0,"max_hp_loss":0,"event_name":"Golden Shrine","floor":44,"gold_loss":0}],"is_beta":false,"boss_relics":[{"not_picked":["Calling Bell","Runic Dome"],"picked":"Empty Cage"},{"not_picked":["Astrolabe","Eternal Feather"],"picked":"FrozenCore"}],"items_purged_floors":[19,53],"is_endless":false,"potions_floor_spawned":[3,5,7,18,29,31,35,37,39,54],"ascension_level":15}