{"gold_per_floor":[118,135,145,145,70,70,87,87,87,87,104,121,141,159,159,233,233,210,135,135,152,52,52,63,82,156,167,167,217,229,154,154,228,228,248,268,103,203,216,216,216,226,272,272,291,341,375,389,389,389,389,389,389,18,46,46],"floor_reached":57,"playtime":3289,"items_purged":["Strike_G","Strike_G","All Out Attack","Defend_G"],"score":2785,"play_id":"93c0a99d-7b24-44d8-927f-a01a953d72f1","local_time":"20190728224238","is_ascension_mode":true,"campfire_choices":[{"data":"Noxious Fumes","floor":8.0,"key":"SMITH"},{"data":"Catalyst","floor":10.0,"key":"SMITH"},{"data":"Deadly Poison","floor":15.0,"key":"SMITH"},{"data":"Calculated Gamble","floor":23.0,"key":"SMITH"},{"data":"Tactician","floor":28.0,"key":"SMITH"},{"data":"Acrobatics","floor":32.0,"key":"SMITH"},{"data":"Calculated Gamble","floor":40.0,"key":"SMITH"},{"floor":49.0,"key":"RECALL"},{"data":"Purity","floor":53.0,"key":"SMITH"}],"neow_cost":"NONE","seed_source_timestamp":0,"circlet_count":0,"master_deck":["AscendersBane","Defend_G","Defend_G","Defend_G","Defend_G","Survivor","Neutralize","Crippling Poison","Noxious Fumes+1","Tactician+1","Well Laid Plans","Catalyst+1","Neutralize","Backflip","Deadly Poison+1","After Image","Calculated Gamble+1","Neutralize","Acrobatics+1","Acrobatics+1","After Image","Grand Finale","Calculated Gamble+1","Purity+1"],"special_seed":0,"relics":["Ring of the Snake","Sundial","Calling Bell","Anchor","Paper Crane","Turnip","Bottled Lightning","Coffee Dripper","Calipers","Shovel","Mercury Hourglass","OrangePellets","Oddly Smooth Stone"],"potions_floor_usage":[56,56],"damage_taken":[{"damage":12.0,"enemies":"Small Slimes","floor":1.0,"turns":5.0},{"damage":4.0,"enemies":"2 Louse","floor":2.0,"turns":4.0},{"damage":6.0,"enemies":"Cultist","floor":3.0,"turns":5.0},{"damage":6.0,"enemies":"Looter","floor":7.0,"turns":4.0},{"damage":17.0,"enemies":"Lots of Slimes","floor":11.0,"turns":3.0},{"damage":5.0,"enemies":"Large Slime","floor":12.0,"turns":6.0},{"damage":0.0,"enemies":"Blue Slaver","floor":13.0,"turns":5.0},{"damage":0.0,"enemies":"2 Fungi Beasts","floor":14.0,"turns":4.0},{"damage":6.0,"enemies":"The Guardian","floor":16.0,"turns":7.0},{"damage":16.0,"enemies":"2 Thieves","floor":18.0,"turns":4.0},{"damage":4.0,"enemies":"3 Byrds","floor":21.0,"turns":3.0},{"damage":9.0,"enemies":"Centurion and Healer","floor":24.0,"turns":7.0},{"damage":8.0,"enemies":"Snecko","floor":25.0,"turns":6.0},{"damage":0.0,"enemies":"Snake Plant","floor":27.0,"turns":5.0},{"damage":0.0,"enemies":"3 Cultists","floor":30.0,"turns":4.0},{"damage":0.0,"enemies":"Champ","floor":33.0,"turns":8.0},{"damage":4.0,"enemies":"3 Darklings","floor":35.0,"turns":4.0},{"damage":0.0,"enemies":"Orb Walker","floor":36.0,"turns":3.0},{"damage":0.0,"enemies":"Mind Bloom Boss Battle","floor":38.0,"turns":4.0},{"damage":0.0,"enemies":"Spire Growth","floor":39.0,"turns":3.0},{"damage":0.0,"enemies":"Transient","floor":42.0,"turns":6.0},{"damage":0.0,"enemies":"Maw","floor":45.0,"turns":2.0},{"damage":0.0,"enemies":"2 Orb Walkers","floor":46.0,"turns":3.0},{"damage":1.0,"enemies":"Nemesis","floor":47.0,"turns":7.0},{"damage":0.0,"enemies":"Jaw Worm Horde","floor":48.0,"turns":4.0},{"damage":0.0,"enemies":"Donu and Deca","floor":50.0,"turns":4.0},{"damage":19.0,"enemies":"Time Eater","floor":51.0,"turns":10.0},{"damage":6.0,"enemies":"Shield and Spear","floor":55.0,"turns":3.0},{"damage":7,"enemies":"The Heart","floor":56,"turns":6}],"seed_played":"-3014191210750249839","potions_obtained":[{"floor":2.0,"key":"FearPotion"},{"floor":3.0,"key":"LiquidBronze"},{"floor":13.0,"key":"PowerPotion"},{"floor":24.0,"key":"SkillPotion"},{"floor":30.0,"key":"GhostInAJar"}],"is_trial":false,"path_per_floor":["M","M","M","?","$","?","M","R","T","R","M","M","M","M","R","B",null,"M","$","?","M","$","R","M","M","T","M","R","?","M","?","R","B",null,"M","M","$","?","M","R","?","M","T","?","M","?","E","M","R","B","B",null,"R","$","E","B",null],"character_chosen":"THE_SILENT","items_purchased":["Well Laid Plans","Calculated Gamble","OrangePellets"],"campfire_rested":0,"item_purchase_floors":[5,37,54],"current_hp_per_floor":[47,43,37,37,37,37,31,31,31,31,14,9,9,9,9,3,50,34,34,34,30,30,30,21,13,13,13,13,13,13,13,13,13,53,49,49,49,49,49,49,39,39,39,39,39,39,38,38,38,38,19,54,54,54,48,41],"gold":46,"neow_bonus":"TRANSFORM_CARD","is_prod":false,"is_daily":false,"chose_seed":false,"campfire_upgraded":8,"win_rate":0,"timestamp":1564324958,"path_taken":["M","M","M","?","$","?","M","R","T","R","?","M","M","M","R","BOSS","M","$","?","?","$","R","M","M","T","M","R","?","M","?","R","BOSS","M","M","$","?","M","R","?","M","T","?","M","?","E","M","R","BOSS","BOSS","R","$","E","BOSS"],"build_version":"2019-07-17","purchased_purges":4,"victory":true,"max_hp_per_floor":[66,66,66,66,66,66,66,66,66,66,66,66,66,66,66,66,66,66,66,66,66,66,66,66,66,66,66,66,66,66,66,66,66,66,66,66,66,66,66,66,66,66,66,66,66,66,66,66,66,66,66,66,66,66,66,66],"card_choices":[{"not_picked":["Prepared","Footwork"],"picked":"Noxious Fumes","floor":1.0},{"not_picked":["Prepared","Leg Sweep","Predator"],"picked":"SKIP","floor":2.0},{"not_picked":["Predator","Quick Slash"],"picked":"Tactician","floor":3.0},{"not_picked":["Tactician","Reflex","Prepared"],"picked":"SKIP","floor":7.0},{"not_picked":["Quick Slash","Outmaneuver"],"picked":"Backflip","floor":11.0},{"not_picked":["Night Terror","Underhanded Strike","Blur"],"picked":"SKIP","floor":12.0},{"not_picked":["Dagger Spray","Bane"],"picked":"Deadly Poison","floor":13.0},{"not_picked":["Outmaneuver","Bouncing Flask","Bane"],"picked":"SKIP","floor":14.0},{"not_picked":["Bullet Time","Adrenaline"],"picked":"After Image","floor":16.0},{"not_picked":["Dagger Throw","Backflip+1"],"picked":"Calculated Gamble","floor":18.0},{"not_picked":["Quick Slash","Slice","Deadly Poison+1"],"picked":"SKIP","floor":21.0},{"not_picked":["Dodge and Roll","Blade Dance+1"],"picked":"Acrobatics","floor":24.0},{"not_picked":["Dash","Concentrate","Underhanded Strike"],"picked":"SKIP","floor":25.0},{"not_picked":["Skewer","Dagger Spray"],"picked":"Acrobatics+1","floor":27.0},{"not_picked":["Deflect","Dagger Spray"],"picked":"After Image","floor":30.0},{"not_picked":["Unload","Venomology"],"picked":"Grand Finale","floor":33.0},{"not_picked":["Blur","Bane","Sucker Punch"],"picked":"SKIP","floor":35.0},{"not_picked":["Deflect","Outmaneuver+1","Blade Dance"],"picked":"SKIP","floor":36.0},{"not_picked":["Flying Knee","Die Die Die","Underhanded Strike"],"picked":"SKIP","floor":39.0},{"not_picked":["Finesse","Mayhem"],"picked":"Purity","floor":41.0},{"not_picked":["Dagger Throw","Cloak And Dagger","Dagger Spray+1"],"picked":"SKIP","floor":42.0},{"not_picked":["Skewer","Dash","Choke"],"picked":"SKIP","floor":45.0},{"not_picked":["Crippling Poison","Expertise+1","Backflip+1"],"picked":"SKIP","floor":47.0},{"not_picked":["Quick Slash","Calculated Gamble","Blur"],"picked":"SKIP","floor":48.0},{"not_picked":["Quick Slash","Dodge and Roll","Reflex"],"picked":"SKIP","floor":55.0}],"player_experience":693082,"relics_obtained":[{"floor":9.0,"key":"Sundial"},{"floor":17.0,"key":"Anchor"},{"floor":17.0,"key":"Paper Crane"},{"floor":17.0,"key":"Turnip"},{"floor":26.0,"key":"Bottled Lightning"},{"floor":38.0,"key":"Calipers"},{"floor":46.0,"key":"Shovel"},{"floor":47.0,"key":"Mercury Hourglass"},{"floor":55.0,"key":"Oddly Smooth Stone"}],"event_choices":[{"damage_healed":0.0,"max_hp_gain":0.0,"max_hp_loss":0.0,"gold_gain":0.0,"cards_transformed":["Strike_G"],"event_name":"Living Wall","player_choice":"Change","floor":4.0,"gold_loss":0.0,"damage_taken":0.0,"cards_obtained":["All Out Attack"]},{"damage_healed":0.0,"max_hp_gain":0.0,"max_hp_loss":0.0,"gold_gain":0.0,"event_name":"Match and Keep!","player_choice":"2 cards matched","floor":6.0,"gold_loss":0.0,"damage_taken":0.0,"cards_obtained":["Catalyst","Neutralize"]},{"damage_healed":0.0,"max_hp_gain":0.0,"max_hp_loss":0.0,"gold_gain":0.0,"event_name":"Match and Keep!","player_choice":"1 cards matched","floor":20.0,"gold_loss":0.0,"damage_taken":0.0,"cards_obtained":["Neutralize"]},{"damage_healed":0.0,"max_hp_gain":0.0,"max_hp_loss":0.0,"gold_gain":50.0,"event_name":"Nest","player_choice":"Stole From Cult","floor":29.0,"gold_loss":0.0,"damage_taken":0.0},{"cards_removed":["Strike_G"],"damage_healed":0.0,"max_hp_gain":0.0,"max_hp_loss":0.0,"gold_gain":0.0,"event_name":"Beggar","player_choice":"Gave Gold","floor":31.0,"gold_loss":75.0,"damage_taken":0.0},{"damage_healed":0.0,"max_hp_gain":0.0,"max_hp_loss":0.0,"gold_gain":0.0,"event_name":"MindBloom","player_choice":"Fight","floor":38.0,"gold_loss":0.0,"damage_taken":0.0},{"damage_healed":0.0,"max_hp_gain":0.0,"max_hp_loss":0.0,"gold_gain":0.0,"event_name":"SensoryStone","player_choice":"Memory 3","floor":41.0,"gold_loss":0.0,"damage_taken":10.0},{"damage_healed":0.0,"max_hp_gain":0.0,"max_hp_loss":0.0,"gold_gain":0.0,"event_name":"Tomb of Lord Red Mask","player_choice":"Ignored","floor":44.0,"gold_loss":0.0,"damage_taken":0.0},{"damage_healed":0.0,"max_hp_gain":0.0,"max_hp_loss":0.0,"gold_gain":0.0,"event_name":"Mysterious Sphere","player_choice":"Fight","floor":46.0,"gold_loss":0.0,"damage_taken":0.0}],"is_beta":false,"boss_relics":[{"not_picked":["Tiny House","Runic Pyramid"],"picked":"Calling Bell"},{"not_picked":["Velvet Choker","Sozu"],"picked":"Coffee Dripper"}],"items_purged_floors":[19,22,37,54],"is_endless":false,"potions_floor_spawned":[2,3,11,13,24,25,27,30,35,46,47,48],"ascension_level":20}