{"gold_per_floor":[217,217,10,24,37,65,65,82,106,106,118,130,142,174,186,198],"floor_reached":16,"playtime":530,"items_purged":[],"score":100,"play_id":"1eb7e38f-40de-4da0-a3dd-9cc94947fa67","local_time":"20181123190357","is_ascension_mode":false,"campfire_choices":[{"data":"Metallicize","floor":7.0,"key":"SMITH"},{"data":"Bash","floor":12,"key":"SMITH"},{"data":"Evolve","floor":15,"key":"SMITH"}],"neow_cost":"NONE","seed_source_timestamp":10572007885202,"circlet_count":0,"master_deck":["Strike_R","Strike_R","Strike_R","Strike_R","Strike_R","Defend_R","Defend_R","Defend_R","Defend_R+1","Bash+1","Shrug It Off+1","Headbutt","Metallicize+1","Evolve+1","Shrug It Off"],"special_seed":0,"relics":["Burning Blood","Membership Card","Happy Flower","War Paint","MawBank"],"potions_floor_usage":[16],"damage_taken":[{"damage":3.0,"enemies":"Jaw Worm","floor":1.0,"turns":4.0},{"damage":0.0,"enemies":"Small Slimes","floor":4.0,"turns":3.0},{"damage":0.0,"enemies":"Cultist","floor":5.0,"turns":3.0},{"damage":39.0,"enemies":"Lagavulin","floor":6.0,"turns":7.0},{"damage":12.0,"enemies":"Exordium Thugs","floor":8.0,"turns":6.0},{"damage":0,"enemies":"Large Slime","floor":14,"turns":6},{"damage":62,"enemies":"Hexaghost","floor":16,"turns":14}],"seed_played":"-5414689256824632993","potions_obtained":[{"floor":4.0,"key":"Swift Potion"},{"floor":5.0,"key":"FairyPotion"},{"floor":14,"key":"EntropicBrew"}],"is_trial":false,"path_per_floor":["M","?","$","M","M","E","R","M","T","?","$","R","$","M","R","B"],"character_chosen":"IRONCLAD","items_purchased":["Membership Card"],"campfire_rested":0,"item_purchase_floors":[3],"current_hp_per_floor":[80,85,85,85,85,52,52,46,46,46,46,46,46,52,52,0],"gold":198,"neow_bonus":"HUNDRED_GOLD","is_prod":false,"is_daily":false,"chose_seed":false,"campfire_upgraded":3,"win_rate":0,"timestamp":1542971037,"path_taken":["M","?","$","M","M","E","R","M","T","?","$","R","?","?","R","BOSS"],"build_version":"2018-11-15","purchased_purges":0,"victory":false,"max_hp_per_floor":[80,85,85,85,85,85,85,85,85,85,85,85,85,85,85,85],"card_choices":[{"not_picked":["Sword Boomerang","Flame Barrier"],"picked":"Shrug It Off","floor":1.0},{"not_picked":["Warcry","Blood for Blood"],"picked":"Headbutt","floor":4.0},{"not_picked":["Cleave","Seeing Red","Wild Strike"],"picked":"SKIP","floor":5.0},{"not_picked":["Wild Strike","Dual Wield"],"picked":"Metallicize","floor":6.0},{"not_picked":["Heavy Blade","Infernal Blade"],"picked":"Evolve","floor":8.0},{"not_picked":["Iron Wave","Perfected Strike"],"picked":"Shrug It Off","floor":14}],"player_experience":1117096,"relics_obtained":[{"floor":6.0,"key":"Happy Flower"},{"floor":9.0,"key":"War Paint"}],"event_choices":[{"damage_healed":0.0,"max_hp_gain":5.0,"max_hp_loss":0.0,"gold_gain":0.0,"event_name":"Big Fish","player_choice":"Donut","floor":2.0,"gold_loss":0.0,"damage_taken":0.0},{"damage_healed":0,"gold_gain":0,"player_choice":"Searched \u00271\u0027 times","damage_taken":0,"relics_obtained":["MawBank"],"max_hp_gain":0,"max_hp_loss":0,"event_name":"Dead Adventurer","floor":10,"gold_loss":0}],"is_beta":false,"boss_relics":[],"items_purged_floors":[],"is_endless":false,"potions_floor_spawned":[4,5,14],"killed_by":"Hexaghost","ascension_level":0}