{"gold_per_floor":[118,128,143,162,31,65,76,76,100,100,114,114,133,133,133,207,207,217,217,236,46,60,60,60,60,132,152,2,2,20,20,20,97,97,111,166,41,41,41,41,61,61,84,113,125,152,152,164,164,164,164,164,164,14,47,47],"floor_reached":57,"playtime":3401,"items_purged":["Strike_G","Strike_G","Defend_G","Defend_G"],"score":2799,"play_id":"5a3fe2df-f16a-494f-b60f-f749c7ca236a","local_time":"20190104223355","is_ascension_mode":true,"campfire_choices":[{"data":"Catalyst","floor":8.0,"key":"SMITH"},{"data":"Deadly Poison","floor":12.0,"key":"SMITH"},{"data":"Deadly Poison","floor":15.0,"key":"SMITH"},{"data":"Adrenaline","floor":23.0,"key":"SMITH"},{"data":"Well Laid Plans","floor":25.0,"key":"SMITH"},{"data":"Tools of the Trade","floor":29.0,"key":"SMITH"},{"data":"Ghostly","floor":32.0,"key":"SMITH"},{"data":"Ghostly","floor":40.0,"key":"SMITH"},{"data":"Ghostly","floor":42.0,"key":"SMITH"},{"floor":49.0,"key":"RECALL"},{"data":"Tools of the Trade","floor":53,"key":"SMITH"}],"neow_cost":"NONE","seed_source_timestamp":6043428740354,"circlet_count":0,"master_deck":["AscendersBane","Defend_G","Survivor","Dash","Tools of the Trade+1","Deadly Poison+1","Calculated Gamble","Catalyst+1","Deadly Poison+1","Adrenaline+1","Deadly Poison+1","Well Laid Plans+1","Backflip","Footwork","Ghostly+1","Ghostly+1","Ghostly+1","Night Terror+1","Catalyst+1","Tools of the Trade+1","Doppelganger+1","Adrenaline+1","Dodge and Roll+1","Concentrate+1","Catalyst+1"],"special_seed":0,"relics":["Ring of the Snake","NeowsBlessing","PreservedInsect","Bag of Preparation","Empty Cage","Toxic Egg 2","Astrolabe","Unceasing Top","FaceOfCleric","Dream Catcher","Juzu Bracelet","Orichalcum"],"potions_floor_usage":[50,56],"damage_taken":[{"damage":0.0,"enemies":"Cultist","floor":1.0,"turns":1.0},{"damage":0.0,"enemies":"2 Louse","floor":2.0,"turns":1.0},{"damage":0.0,"enemies":"Jaw Worm","floor":3.0,"turns":1.0},{"damage":1.0,"enemies":"Blue Slaver","floor":4.0,"turns":7.0},{"damage":25.0,"enemies":"3 Sentries","floor":6.0,"turns":11.0},{"damage":7.0,"enemies":"Exordium Wildlife","floor":7.0,"turns":8.0},{"damage":12.0,"enemies":"Large Slime","floor":11.0,"turns":8.0},{"damage":7.0,"enemies":"Gremlin Gang","floor":13.0,"turns":6.0},{"damage":13.0,"enemies":"Hexaghost","floor":16.0,"turns":7.0},{"damage":0.0,"enemies":"Spheric Guardian","floor":18.0,"turns":2.0},{"damage":0.0,"enemies":"Shell Parasite","floor":20.0,"turns":1.0},{"damage":0.0,"enemies":"Snake Plant","floor":22.0,"turns":2.0},{"damage":2.0,"enemies":"Chosen and Byrds","floor":27.0,"turns":7.0},{"damage":0.0,"enemies":"Shelled Parasite and Fungi","floor":30.0,"turns":4.0},{"damage":0.0,"enemies":"Champ","floor":33.0,"turns":5.0},{"damage":0.0,"enemies":"Orb Walker","floor":35.0,"turns":3.0},{"damage":1.0,"enemies":"2 Orb Walkers","floor":36.0,"turns":4.0},{"damage":2.0,"enemies":"3 Shapes","floor":41.0,"turns":5.0},{"damage":0.0,"enemies":"Giant Head","floor":44.0,"turns":5.0},{"damage":1.0,"enemies":"Transient","floor":45.0,"turns":3.0},{"damage":0.0,"enemies":"Nemesis","floor":46.0,"turns":3.0},{"damage":0.0,"enemies":"Sphere and 2 Shapes","floor":48.0,"turns":5.0},{"damage":24,"enemies":"Donu and Deca","floor":50,"turns":10},{"damage":6,"enemies":"Awakened One","floor":51,"turns":5},{"damage":4,"enemies":"Shield and Spear","floor":55,"turns":8},{"damage":10,"enemies":"The Heart","floor":56,"turns":7}],"seed_played":"8358351567374098738","potions_obtained":[{"floor":1.0,"key":"Fruit Juice"},{"floor":3.0,"key":"Fire Potion"},{"floor":4.0,"key":"Ancient Potion"},{"floor":6.0,"key":"Fire Potion"},{"floor":7.0,"key":"Regen Potion"},{"floor":13.0,"key":"Poison Potion"},{"floor":22.0,"key":"Fruit Juice"},{"floor":33.0,"key":"PowerPotion"},{"floor":55,"key":"SkillPotion"}],"is_trial":false,"path_per_floor":["M","M","M","M","$","E","M","R","T","?","M","R","M","?","R","B",null,"M","?","M","$","M","R","?","R","T","M","$","R","M","$","R","B",null,"M","?","$","?","?","R","M","R","T","E","M","E","?","M","R","B","B",null,"R","$","E","B",null],"character_chosen":"THE_SILENT","items_purchased":["Deadly Poison","Footwork","Night Terror+1"],"campfire_rested":0,"item_purchase_floors":[5,21,28],"current_hp_per_floor":[59,59,59,63,63,38,31,31,31,20,23,23,16,16,16,3,54,54,54,54,54,59,59,38,38,38,36,36,36,36,36,36,36,38,38,37,37,37,37,37,36,36,36,37,37,38,38,39,39,16,11,37,37,37,34,25],"gold":47,"neow_bonus":"THREE_ENEMY_KILL","is_prod":false,"is_daily":false,"chose_seed":false,"campfire_upgraded":10,"win_rate":0,"timestamp":1546612435,"path_taken":["M","?","M","?","$","E","M","R","T","?","M","R","M","?","R","BOSS","M","?","M","$","M","R","?","R","T","M","$","R","M","?","R","BOSS","M","?","$","?","?","R","M","R","T","E","M","E","?","M","R","BOSS","BOSS","R","$","E","BOSS"],"build_version":"2019-01-03v3","purchased_purges":4,"victory":true,"max_hp_per_floor":[66,66,66,71,71,71,71,71,71,71,71,71,71,71,71,71,71,71,71,71,71,76,76,38,38,38,38,38,38,38,38,38,38,38,38,38,38,38,38,38,39,39,39,40,41,42,42,43,43,44,45,45,45,45,46,47],"card_choices":[{"not_picked":["Deflect","Sucker Punch"],"picked":"Dash","floor":1.0},{"not_picked":["Underhanded Strike","Deflect","Outmaneuver"],"picked":"SKIP","floor":2.0},{"not_picked":["Flying Knee","Masterful Stab","Poisoned Stab"],"picked":"SKIP","floor":3.0},{"not_picked":["Underhanded Strike","Sucker Punch"],"picked":"Tools of the Trade","floor":4.0},{"not_picked":["Bane","Dodge and Roll"],"picked":"Calculated Gamble","floor":6.0},{"not_picked":["Reflex","Quick Slash"],"picked":"Catalyst","floor":7.0},{"not_picked":["Masterful Stab","Prepared"],"picked":"Deadly Poison","floor":11.0},{"not_picked":["Prepared","Choke","Dodge and Roll"],"picked":"SKIP","floor":13.0},{"not_picked":["Venomology","Grand Finale"],"picked":"Adrenaline","floor":16.0},{"not_picked":["Endless Agony","Slice"],"picked":"Deadly Poison+1","floor":18.0},{"not_picked":["Quick Slash","Flying Knee"],"picked":"Backflip","floor":20.0},{"not_picked":["Acrobatics","Dagger Spray","All Out Attack"],"picked":"SKIP","floor":22.0},{"not_picked":["Terror+1","Dagger Throw","Distraction+1"],"picked":"SKIP","floor":27.0},{"not_picked":["Crippling Poison+1","Dodge and Roll+1"],"picked":"Catalyst+1","floor":30.0},{"not_picked":["Unload","Doppelganger+1"],"picked":"Tools of the Trade","floor":33.0},{"not_picked":["Poisoned Stab+1","Cloak And Dagger+1","Flying Knee+1"],"picked":"SKIP","floor":35.0},{"not_picked":["PiercingWail+1","Dagger Throw"],"picked":"Concentrate+1","floor":36.0},{"not_picked":["Slice","Calculated Gamble+1","Heel Hook"],"picked":"SKIP","floor":41.0},{"not_picked":["Underhanded Strike","Dagger Throw+1","Tools of the Trade"],"picked":"SKIP","floor":44.0},{"not_picked":["Flying Knee","Poisoned Stab+1","Acrobatics+1"],"picked":"SKIP","floor":45.0},{"not_picked":["Deadly Poison+1","Cloak And Dagger+1","Distraction+1"],"picked":"SKIP","floor":46.0},{"not_picked":["Outmaneuver+1","Caltrops","Prepared+1"],"picked":"SKIP","floor":48.0},{"not_picked":["Choke","Finisher+1"],"picked":"Catalyst+1","floor":55}],"player_experience":1730157,"relics_obtained":[{"floor":6.0,"key":"PreservedInsect"},{"floor":26.0,"key":"Toxic Egg 2"},{"floor":36.0,"key":"Unceasing Top"},{"floor":43.0,"key":"Dream Catcher"},{"floor":44.0,"key":"Juzu Bracelet"},{"floor":46.0,"key":"Orichalcum"}],"event_choices":[{"damage_healed":0.0,"max_hp_gain":0.0,"max_hp_loss":0.0,"gold_gain":0.0,"event_name":"Scrap Ooze","player_choice":"Success","floor":10.0,"gold_loss":0.0,"damage_taken":11.0,"relics_obtained":["Bag of Preparation"]},{"damage_healed":0.0,"max_hp_gain":0.0,"max_hp_loss":0.0,"gold_gain":0.0,"event_name":"Liars Game","player_choice":"Ignored","floor":14.0,"gold_loss":0.0,"damage_taken":0.0},{"damage_healed":0.0,"max_hp_gain":0.0,"max_hp_loss":0.0,"gold_gain":0.0,"event_name":"The Library","player_choice":"Read","floor":19.0,"gold_loss":0.0,"damage_taken":0.0,"cards_obtained":["Well Laid Plans"]},{"damage_healed":0.0,"max_hp_gain":0.0,"max_hp_loss":38.0,"gold_gain":0.0,"event_name":"Ghosts","player_choice":"Became a Ghost","floor":24.0,"gold_loss":0.0,"damage_taken":0.0,"cards_obtained":["Ghostly","Ghostly","Ghostly"]},{"damage_healed":0.0,"max_hp_gain":0.0,"max_hp_loss":0.0,"gold_gain":0.0,"event_name":"Mysterious Sphere","player_choice":"Fight","floor":36.0,"gold_loss":0.0,"damage_taken":0.0},{"cards_removed":["Neutralize"],"damage_healed":0.0,"max_hp_gain":0.0,"max_hp_loss":0.0,"gold_gain":0.0,"event_name":"Falling","player_choice":"Removed Attack","floor":38.0,"gold_loss":0.0,"damage_taken":0.0},{"damage_healed":0.0,"max_hp_gain":0.0,"max_hp_loss":0.0,"gold_gain":0.0,"event_name":"FaceTrader","player_choice":"Trade","floor":39.0,"gold_loss":0.0,"damage_taken":0.0,"relics_obtained":["FaceOfCleric"]},{"damage_healed":0.0,"max_hp_gain":0.0,"max_hp_loss":0.0,"gold_gain":0.0,"event_name":"Tomb of Lord Red Mask","player_choice":"Ignored","floor":47.0,"gold_loss":0.0,"damage_taken":0.0}],"is_beta":false,"boss_relics":[{"not_picked":["Fusion Hammer","Philosopher\u0027s Stone"],"picked":"Empty Cage"},{"not_picked":["Ring of the Serpent","Sozu"],"picked":"Astrolabe"}],"items_purged_floors":[5,21,37,54],"is_endless":false,"potions_floor_spawned":[1,3,4,6,7,13,18,22,33,35,41,44,46,48,55],"ascension_level":20}