{"gold_per_floor":[119,44,54,73,89,123,200,200,200,200,40,40,52,68,68,145,145,161,161,173,185,197,214,214,264,310,310,321,334,334,11,11,88,88,108,108,123,135,51,51,66,85,154,154,154,170,70,101,101,101],"floor_reached":51,"playtime":2494,"items_purged":["Strike_G","Defend_G"],"score":1360,"play_id":"7e7ab8bb-5882-41a2-b2bc-7118e747708f","local_time":"20181113235037","is_ascension_mode":true,"campfire_choices":[{"data":"Neutralize","floor":10,"key":"SMITH"},{"floor":12,"key":"REST"},{"data":"Calculated Gamble","floor":15,"key":"SMITH"},{"data":"Glass Knife","floor":24,"key":"SMITH"},{"data":"Prepared","floor":27,"key":"SMITH"},{"floor":30,"key":"REST"},{"data":"Survivor","floor":32,"key":"SMITH"},{"data":"Reflex","floor":40,"key":"SMITH"},{"floor":49,"key":"REST"}],"neow_cost":"NONE","seed_source_timestamp":10284023839453,"circlet_count":0,"master_deck":["AscendersBane","Defend_G","Defend_G","Survivor+1","Neutralize+1","Prepared+1","Riddle With Holes+1","Eviscerate+1","Calculated Gamble+1","Prepared+1","Glass Knife+1","PiercingWail+1","Terror+1","Underhanded Strike+1","Blur+1","Escape Plan","Reflex+1","Parasite"],"relics":["Astrolabe","WingedGreaves","Paper Crane","Ninja Scroll","Regal Pillow","Runic Pyramid","Strawberry","Tough Bandages","Empty Cage","Gremlin Horn","Vajra"],"potions_floor_usage":[6,6,21,22,22,29,50],"damage_taken":[{"damage":0,"enemies":"Cultist","floor":1,"turns":3},{"damage":4,"enemies":"Small Slimes","floor":3,"turns":4},{"damage":7,"enemies":"Jaw Worm","floor":4,"turns":2},{"damage":11,"enemies":"Lots of Slimes","floor":5,"turns":6},{"damage":44,"enemies":"Gremlin Nob","floor":6,"turns":5},{"damage":13,"enemies":"Large Slime","floor":13,"turns":6},{"damage":4,"enemies":"2 Fungi Beasts","floor":14,"turns":3},{"damage":18,"enemies":"The Guardian","floor":16,"turns":15},{"damage":0,"enemies":"Chosen","floor":18,"turns":4},{"damage":7,"enemies":"3 Byrds","floor":20,"turns":6},{"damage":22,"enemies":"Sentry and Sphere","floor":21,"turns":6},{"damage":20,"enemies":"Centurion and Healer","floor":22,"turns":10},{"damage":10,"enemies":"Snecko","floor":23,"turns":4},{"damage":14,"enemies":"Shelled Parasite and Fungi","floor":28,"turns":4},{"damage":32,"enemies":"Sentry and Sphere","floor":29,"turns":6},{"damage":37,"enemies":"Collector","floor":33,"turns":10},{"damage":0,"enemies":"3 Shapes","floor":35,"turns":3},{"damage":0,"enemies":"3 Darklings","floor":37,"turns":5},{"damage":7,"enemies":"Spire Growth","floor":38,"turns":4},{"damage":0,"enemies":"Writhing Mass","floor":41,"turns":5},{"damage":3,"enemies":"4 Shapes","floor":42,"turns":8},{"damage":4,"enemies":"Transient","floor":46,"turns":6},{"damage":0,"enemies":"Giant Head","floor":48,"turns":6},{"damage":0,"enemies":"Awakened One","floor":50,"turns":12}],"seed_played":"2042686185422226519","potions_obtained":[{"floor":3,"key":"SkillPotion"},{"floor":4,"key":"Regen Potion"},{"floor":13,"key":"Regen Potion"},{"floor":16,"key":"Weak Potion"},{"floor":21,"key":"Regen Potion"},{"floor":22,"key":"Ancient Potion"},{"floor":28,"key":"SpeedPotion"},{"floor":33,"key":"Fire Potion"},{"floor":35,"key":"GamblersBrew"}],"is_trial":false,"path_per_floor":["M","$","M","M","M","E","T","?","T","R","$","R","M","M","R","B",null,"M","?","M","M","M","M","R","?","T","R","M","M","R","$","R","B",null,"M","?","M","M","$","R","M","M","T","?","?","M","$","E","R","B",null],"character_chosen":"THE_SILENT","items_purchased":["Regal Pillow","Tough Bandages","Reflex"],"campfire_rested":3,"item_purchase_floors":[11,31,39],"current_hp_per_floor":[59,59,55,48,37,5,5,5,5,5,5,39,26,22,22,4,51,51,51,44,22,56,46,46,46,53,53,39,7,43,43,43,6,56,56,56,56,49,49,49,49,46,46,46,46,42,42,42,69,69],"gold":101,"neow_bonus":"BOSS_RELIC","is_prod":false,"is_daily":false,"chose_seed":false,"campfire_upgraded":6,"win_rate":0,"timestamp":1542124237,"path_taken":["M","$","M","M","M","E","?","?","T","R","$","R","M","M","R","BOSS","M","?","M","M","M","?","R","?","T","R","M","M","R","$","R","BOSS","M","?","?","M","$","R","M","M","T","?","?","?","$","E","R","BOSS"],"build_version":"2018-11-12","purchased_purges":2,"victory":true,"max_hp_per_floor":[66,66,66,66,66,66,66,66,66,66,66,66,66,66,66,66,66,66,66,66,66,66,66,66,66,73,73,73,73,73,73,73,73,73,73,73,73,73,73,73,73,73,73,73,69,69,69,69,69,69],"card_choices":[{"not_picked":["Outmaneuver","Bane","Poisoned Stab"],"picked":"SKIP","floor":1},{"not_picked":["Cloak And Dagger","Bouncing Flask","All Out Attack"],"picked":"SKIP","floor":3},{"not_picked":["Cloak And Dagger","Flying Knee","Blade Dance"],"picked":"SKIP","floor":4},{"not_picked":["Dagger Throw","Dodge and Roll","All Out Attack"],"picked":"SKIP","floor":5},{"not_picked":["Dagger Throw","Skewer","Catalyst"],"picked":"SKIP","floor":6},{"not_picked":["Blade Dance","Backflip"],"picked":"Calculated Gamble","floor":13},{"not_picked":["A Thousand Cuts","Cloak And Dagger"],"picked":"Prepared","floor":14},{"not_picked":["Envenom","Storm of Steel"],"picked":"Glass Knife","floor":16},{"not_picked":["Outmaneuver","Concentrate"],"picked":"PiercingWail+1","floor":18},{"not_picked":["Deflect","Cloak And Dagger"],"picked":"Terror+1","floor":20},{"not_picked":["Deflect","Bouncing Flask","Prepared+1"],"picked":"SKIP","floor":21},{"not_picked":["Catalyst","Deadly Poison","Malaise"],"picked":"SKIP","floor":22},{"not_picked":["Deadly Poison","Poisoned Stab"],"picked":"Underhanded Strike+1","floor":23},{"not_picked":["Well Laid Plans","PiercingWail","Infinite Blades"],"picked":"SKIP","floor":28},{"not_picked":["Cloak And Dagger","Masterful Stab","Blade Dance"],"picked":"SKIP","floor":29},{"not_picked":["Dodge and Roll","Dagger Throw"],"picked":"Blur+1","floor":35},{"not_picked":["Distraction","Deadly Poison","Crippling Poison"],"picked":"SKIP","floor":37},{"not_picked":["Outmaneuver","Footwork"],"picked":"Escape Plan","floor":38},{"not_picked":["Dodge and Roll+1","Underhanded Strike","Dagger Spray"],"picked":"SKIP","floor":41},{"not_picked":["Calculated Gamble","Backstab","Bane"],"picked":"SKIP","floor":42},{"not_picked":["Distraction","Poisoned Stab","Concentrate"],"picked":"SKIP","floor":46},{"not_picked":["Distraction","PiercingWail","Blur"],"picked":"SKIP","floor":48}],"player_experience":1048444,"relics_obtained":[{"floor":6,"key":"WingedGreaves"},{"floor":7,"key":"Paper Crane"},{"floor":9,"key":"Ninja Scroll"},{"floor":26,"key":"Strawberry"},{"floor":43,"key":"Gremlin Horn"},{"floor":48,"key":"Vajra"}],"event_choices":[{"damage_healed":0,"gold_gain":0,"player_choice":"Ignored","damage_taken":0,"max_hp_gain":0,"max_hp_loss":0,"event_name":"Liars Game","floor":8,"gold_loss":0},{"damage_healed":0,"gold_gain":0,"player_choice":"0 cards matched","damage_taken":0,"max_hp_gain":0,"max_hp_loss":0,"event_name":"Match and Keep!","floor":19,"gold_loss":0,"cards_obtained":[]},{"damage_healed":0,"gold_gain":50,"player_choice":"Stole From Cult","damage_taken":0,"max_hp_gain":0,"max_hp_loss":0,"event_name":"Nest","floor":25,"gold_loss":0},{"cards_removed":["Defend_G"],"damage_healed":0,"gold_gain":0,"player_choice":"Offered Basic","damage_taken":0,"max_hp_gain":0,"max_hp_loss":0,"event_name":"Bonfire Elementals","floor":36,"gold_loss":0},{"damage_healed":0,"gold_gain":0,"player_choice":"Ignored","damage_taken":0,"max_hp_gain":0,"max_hp_loss":0,"event_name":"Tomb of Lord Red Mask","floor":44,"gold_loss":0},{"damage_healed":0,"gold_gain":0,"player_choice":"Max HP","damage_taken":0,"max_hp_gain":0,"max_hp_loss":4,"event_name":"Winding Halls","floor":45,"gold_loss":0}],"is_beta":true,"boss_relics":[{"not_picked":["Cursed Key","White Beast Statue"],"picked":"Runic Pyramid"},{"not_picked":["Calling Bell","Lizard Tail"],"picked":"Empty Cage"}],"items_purged_floors":[2,47],"is_endless":false,"potions_floor_spawned":[3,4,5,13,16,21,22,28,33,35,38,41],"ascension_level":17}