{"gold_per_floor":[110,110,130,8,8,23,23,23,23,23,64,64,82,182,182,306,306,325,343,268,268,292,292,89,103,103,103,119,143,143,168,168,292,292,307,307,34,34,34,34,48,48,48,48,69,82,82,82,82,82],"floor_reached":51,"playtime":1442,"items_purged":["Strike_B","Defend_B","Rip and Tear+1"],"score":770,"play_id":"f84eedac-da4d-435f-8816-1a8089767639","local_time":"20190616151607","is_ascension_mode":false,"campfire_choices":[{"data":"Zap","floor":8.0,"key":"SMITH"},{"data":"Dualcast","floor":10.0,"key":"SMITH"},{"data":"Hologram","floor":12.0,"key":"SMITH"},{"data":"Reprogram","floor":15.0,"key":"SMITH"},{"data":"Scrape","floor":23.0,"key":"SMITH"},{"data":"Beam Cell","floor":27.0,"key":"SMITH"},{"data":"Reboot","floor":30.0,"key":"SMITH"},{"data":"Steam Power","floor":32.0,"key":"SMITH"},{"data":"Reboot","floor":40,"key":"SMITH"},{"data":"Storm","floor":42,"key":"SMITH"},{"data":"Storm","floor":44,"key":"SMITH"},{"floor":49,"key":"RECALL"}],"neow_cost":"NONE","seed_source_timestamp":26424102698916,"circlet_count":0,"master_deck":["Zap+1","Dualcast+1","All For One+1","Storm+1","Gash+1","Gash+1","Reprogram+1","Hologram+1","Reboot+1","Storm+1","Fission+1","Beam Cell+1","Storm+1","Gash+1","Storm+1","Steam Power+1","Reboot+1","Skim+1"],"special_seed":0,"relics":["Cracked Core","Golden Idol","Symbiotic Virus","WingedGreaves","Astrolabe","Sundial","Runic Pyramid","Bag of Preparation","Toxic Egg 2","Mark of the Bloom"],"potions_floor_usage":[50,50,50],"damage_taken":[{"damage":0.0,"enemies":"2 Louse","floor":1.0,"turns":1.0},{"damage":1.0,"enemies":"Cultist","floor":3.0,"turns":4.0},{"damage":0.0,"enemies":"Small Slimes","floor":6.0,"turns":3.0},{"damage":30.0,"enemies":"3 Sentries","floor":11.0,"turns":6.0},{"damage":7.0,"enemies":"Blue Slaver","floor":13.0,"turns":2.0},{"damage":8.0,"enemies":"Hexaghost","floor":16.0,"turns":6.0},{"damage":0.0,"enemies":"Spheric Guardian","floor":18.0,"turns":2.0},{"damage":10.0,"enemies":"2 Thieves","floor":19.0,"turns":2.0},{"damage":7.0,"enemies":"3 Cultists","floor":22.0,"turns":3.0},{"damage":13.0,"enemies":"Shelled Parasite and Fungi","floor":25.0,"turns":2.0},{"damage":0.0,"enemies":"Centurion and Healer","floor":28.0,"turns":1.0},{"damage":16.0,"enemies":"Snake Plant","floor":29.0,"turns":2.0},{"damage":10.0,"enemies":"Chosen and Byrds","floor":31.0,"turns":2.0},{"damage":16.0,"enemies":"Automaton","floor":33.0,"turns":3.0},{"damage":0.0,"enemies":"Orb Walker","floor":35.0,"turns":1.0},{"damage":0,"enemies":"3 Shapes","floor":41,"turns":1},{"damage":2,"enemies":"Transient","floor":45,"turns":3},{"damage":0,"enemies":"3 Darklings","floor":46,"turns":1},{"damage":0,"enemies":"Awakened One","floor":50,"turns":2}],"seed_played":"-2629286259432677228","potions_obtained":[{"floor":1.0,"key":"Swift Potion"},{"floor":13.0,"key":"FocusPotion"},{"floor":18.0,"key":"SpeedPotion"},{"floor":33.0,"key":"AttackPotion"},{"floor":39,"key":"PowerPotion"}],"is_trial":false,"path_per_floor":["M","?","M","$","?","M","?","R","T","R","E","R","M","?","R","B",null,"M","M","?","?","M","R","$","M","T","R","M","M","R","M","R","B",null,"M","?","$","?","?","R","M","R","T","R","M","M","?","?","R","B",null],"character_chosen":"DEFECT","items_purchased":["Gash","Storm","Gash","Bag of Preparation"],"campfire_rested":0,"item_purchase_floors":[4,24,24,37],"current_hp_per_floor":[75,75,74,74,79,79,59,59,59,59,29,29,22,22,22,14,80,80,70,70,70,63,63,63,50,50,50,50,34,34,24,24,8,80,80,80,80,76,76,76,76,76,76,76,74,74,74,74,74,74],"gold":82,"neow_bonus":"TRANSFORM_CARD","is_prod":false,"is_daily":false,"chose_seed":false,"campfire_upgraded":11,"win_rate":0,"timestamp":1560669367,"path_taken":["M","?","M","?","?","M","?","R","T","R","E","R","?","?","R","BOSS","M","?","?","?","M","R","$","M","T","R","?","M","R","M","R","BOSS","M","?","$","?","?","R","M","R","T","R","?","M","?","?","R","BOSS"],"build_version":"2019-01-23","purchased_purges":3,"victory":true,"max_hp_per_floor":[75,75,75,75,80,80,80,80,80,80,80,80,80,80,80,80,80,80,80,80,80,80,80,80,80,80,80,80,80,80,80,80,80,80,80,80,80,76,76,76,76,76,76,76,76,76,76,76,76,76],"card_choices":[{"not_picked":["Beam Cell","Compile Driver"],"picked":"Storm","floor":1.0},{"not_picked":["Leap","Sweeping Beam"],"picked":"Gash","floor":3.0},{"not_picked":["Redo","Conserve Battery"],"picked":"Reprogram","floor":6.0},{"not_picked":["Tempest","Fusion"],"picked":"Hologram","floor":11.0},{"not_picked":["Loop","Ball Lightning","Rip and Tear"],"picked":"SKIP","floor":13.0},{"not_picked":["Echo Form","Rainbow"],"picked":"Reboot","floor":16.0},{"not_picked":["Leap","Go for the Eyes","Force Field+1"],"picked":"SKIP","floor":18.0},{"not_picked":["Compile Driver","Rebound"],"picked":"Beam Cell","floor":19.0},{"not_picked":["Compile Driver","Steam"],"picked":"Scrape","floor":22.0},{"not_picked":["Steam+1","Reprogram"],"picked":"Storm","floor":25.0},{"not_picked":["Cold Snap","Steam","Tempest"],"picked":"SKIP","floor":28.0},{"not_picked":["Conserve Battery","Glacier","Lockon"],"picked":"SKIP","floor":29.0},{"not_picked":["Coolheaded","Beam Cell"],"picked":"Steam Power","floor":31.0},{"not_picked":["Machine Learning","Seek"],"picked":"Reboot","floor":33.0},{"not_picked":["Streamline+1","Leap+1","Conserve Battery"],"picked":"SKIP","floor":35.0},{"not_picked":["Defragment","Consume","Genetic Algorithm"],"picked":"SKIP","floor":41},{"not_picked":["Leap+1","Loop+1"],"picked":"Skim+1","floor":45},{"not_picked":["Tempest+1","Cold Snap","Lockon+1"],"picked":"SKIP","floor":46}],"player_experience":5305534,"relics_obtained":[{"floor":9.0,"key":"Symbiotic Virus"},{"floor":11.0,"key":"WingedGreaves"},{"floor":26.0,"key":"Sundial"},{"floor":43,"key":"Toxic Egg 2"}],"event_choices":[{"cards_removed":["Defend_B"],"damage_healed":0.0,"max_hp_gain":0.0,"max_hp_loss":0.0,"gold_gain":0.0,"event_name":"Bonfire Elementals","player_choice":"Offered Basic","floor":2.0,"gold_loss":0.0,"damage_taken":0.0},{"damage_healed":0.0,"max_hp_gain":5.0,"max_hp_loss":0.0,"gold_gain":0.0,"event_name":"Big Fish","player_choice":"Donut","floor":5.0,"gold_loss":0.0,"damage_taken":0.0},{"damage_healed":0.0,"max_hp_gain":0.0,"max_hp_loss":0.0,"gold_gain":0.0,"event_name":"Golden Idol","player_choice":"Take Damage","floor":7.0,"gold_loss":0.0,"damage_taken":20.0,"relics_obtained":["Golden Idol"]},{"damage_healed":0.0,"max_hp_gain":0.0,"max_hp_loss":0.0,"gold_gain":100.0,"event_name":"Golden Shrine","player_choice":"Pray","floor":14.0,"gold_loss":0.0,"damage_taken":0.0},{"cards_removed":["Defend_B"],"damage_healed":0.0,"max_hp_gain":0.0,"max_hp_loss":0.0,"gold_gain":0.0,"event_name":"Beggar","player_choice":"Gave Gold","floor":20.0,"gold_loss":75.0,"damage_taken":0.0},{"damage_healed":0.0,"max_hp_gain":0.0,"max_hp_loss":0.0,"gold_gain":0.0,"event_name":"Vampires","player_choice":"Ignored","floor":21.0,"gold_loss":0.0,"damage_taken":0.0},{"damage_healed":0,"gold_gain":0,"player_choice":"Memory 1","damage_taken":0,"max_hp_gain":0,"max_hp_loss":0,"event_name":"SensoryStone","floor":36,"gold_loss":0},{"damage_healed":0,"gold_gain":0,"player_choice":"Max HP","damage_taken":0,"max_hp_gain":0,"max_hp_loss":4,"event_name":"Winding Halls","floor":38,"gold_loss":0},{"damage_healed":0,"gold_gain":0,"player_choice":"Got Potions","damage_taken":0,"max_hp_gain":0,"max_hp_loss":0,"event_name":"Lab","floor":39,"gold_loss":0},{"cards_removed":["Scrape"],"damage_healed":0,"gold_gain":0,"player_choice":"Removed Attack","damage_taken":0,"max_hp_gain":0,"max_hp_loss":0,"event_name":"Falling","floor":47,"gold_loss":0},{"damage_healed":0,"gold_gain":0,"player_choice":"Upgrade","damage_taken":0,"relics_obtained":["Mark of the Bloom"],"max_hp_gain":0,"max_hp_loss":0,"event_name":"MindBloom","floor":48,"gold_loss":0,"cards_upgraded":["All For One","Gash","Gash","Storm","Gash"]}],"is_beta":false,"boss_relics":[{"not_picked":["Sozu","Cursed Key"],"picked":"Astrolabe"},{"not_picked":["Snecko Eye","Busted Crown"],"picked":"Runic Pyramid"}],"items_purged_floors":[4,24,37],"is_endless":false,"potions_floor_spawned":[1,13,18,22,29,33,35,45],"ascension_level":0}