{"gold_per_floor":[111,31,31,31,31,31,64,74,97,97,114,132,132,157,157,231,231,249,272,272,282,9,9,42,42,90,106,156,181,210,226,226,297,347,357,373,202,255,255,255,287,387,468,487,499,527,299,316,316,316,316,316,21,48,48],"floor_reached":56,"playtime":1491,"items_purged":["Strike_G","Strike_G","Strike_G+1","Strike_G+1"],"score":2314,"play_id":"3a6f468d-d840-4a65-8280-4c1f52bc2163","local_time":"20190406212951","is_ascension_mode":true,"campfire_choices":[{"data":"Glass Knife","floor":6.0,"key":"SMITH"},{"data":"Noxious Fumes","floor":10.0,"key":"SMITH"},{"data":"Neutralize","floor":13.0,"key":"SMITH"},{"data":"Dash","floor":15.0,"key":"SMITH"},{"data":"Backflip","floor":23,"key":"SMITH"},{"floor":25,"key":"RECALL"},{"data":"Enlightenment","floor":32,"key":"SMITH"},{"data":"Buffer","floor":40,"key":"SMITH"},{"data":"1","floor":49,"key":"LIFT"},{"data":"2","floor":52,"key":"LIFT"}],"neow_cost":"CURSE","seed_source_timestamp":22930358121498,"circlet_count":0,"master_deck":["AscendersBane","Defend_G","Defend_G","Defend_G","Defend_G","Defend_G","Survivor","Neutralize+1","Enlightenment+1","Good Instincts","Backflip+1","Noxious Fumes+1","Glass Knife+1","Distraction+1","Dash+1","Bouncing Flask+1","Terror+1","Catalyst+1","Malaise+1","Acrobatics+1","Corpse Explosion+1","Catalyst+1","Buffer+1","Warcry+1","Conserve Battery+1","Master of Strategy+1","Discovery+1","Chill+1"],"special_seed":0,"relics":["Ring of the Snake","Toxic Egg 2","Gambling Chip","Pen Nib","Snake Skull","Runic Dome","Lantern","Membership Card","Bronze Scales","Bag of Preparation","Red Mask","Smiling Mask","Tiny House","PrismaticShard","Girya","Mummified Hand","PreservedInsect","Nunchaku","Whetstone","Happy Flower","Lee\u0027s Waffle","Centennial Puzzle","Torii"],"potions_floor_usage":[24,30,30,48,55,55],"damage_taken":[{"damage":7.0,"enemies":"2 Louse","floor":1.0,"turns":3.0},{"damage":17.0,"enemies":"3 Sentries","floor":7.0,"turns":8.0},{"damage":0.0,"enemies":"Jaw Worm","floor":8.0,"turns":4.0},{"damage":0.0,"enemies":"Small Slimes","floor":11.0,"turns":2.0},{"damage":0.0,"enemies":"Red Slaver","floor":12.0,"turns":2.0},{"damage":0.0,"enemies":"Gremlin Nob","floor":14.0,"turns":3.0},{"damage":0.0,"enemies":"Hexaghost","floor":16.0,"turns":6.0},{"damage":0,"enemies":"Shell Parasite","floor":18,"turns":3},{"damage":0,"enemies":"Chosen","floor":21,"turns":3},{"damage":0,"enemies":"Gremlin Leader","floor":24,"turns":4},{"damage":0,"enemies":"Sentry and Sphere","floor":27,"turns":3},{"damage":0,"enemies":"Masked Bandits","floor":29,"turns":3},{"damage":2,"enemies":"Slavers","floor":30,"turns":5},{"damage":0,"enemies":"Snecko","floor":31,"turns":2},{"damage":0,"enemies":"Champ","floor":33,"turns":5},{"damage":0,"enemies":"3 Darklings","floor":35,"turns":1},{"damage":0,"enemies":"3 Shapes","floor":36,"turns":2},{"damage":0,"enemies":"2 Orb Walkers","floor":38,"turns":1},{"damage":0,"enemies":"Reptomancer","floor":41,"turns":2},{"damage":0,"enemies":"Mind Bloom Boss Battle","floor":42,"turns":4},{"damage":0,"enemies":"Jaw Worm Horde","floor":44,"turns":1},{"damage":0,"enemies":"Maw","floor":45,"turns":3},{"damage":0,"enemies":"Nemesis","floor":46,"turns":3},{"damage":0,"enemies":"4 Shapes","floor":48,"turns":1},{"damage":3,"enemies":"Time Eater","floor":50,"turns":3},{"damage":19,"enemies":"Shield and Spear","floor":54,"turns":2},{"damage":4,"enemies":"The Heart","floor":55,"turns":6}],"seed_played":"8862032108907936499","potions_obtained":[{"floor":7.0,"key":"Dexterity Potion"},{"floor":8.0,"key":"Explosive Potion"},{"floor":16.0,"key":"FairyPotion"},{"floor":18,"key":"Strength Potion"},{"floor":24,"key":"SneckoOil"},{"floor":27,"key":"FearPotion"},{"floor":34,"key":"SmokeBomb"},{"floor":35,"key":"Regen Potion"},{"floor":36,"key":"Poison Potion"},{"floor":44,"key":"Swift Potion"},{"floor":48,"key":"Fruit Juice"}],"is_trial":false,"path_per_floor":["M","$","?","?","?","R","E","M","T","R","M","M","R","E","R","B",null,"M","T","?","M","$","R","E","R","T","M","?","?","E","M","R","B",null,"M","M","$","?","T","R","E","?","T","M","M","E","$","M","R","B",null,"R","$","E","B",null],"character_chosen":"THE_SILENT","items_purchased":["Noxious Fumes","Membership Card","Catalyst+1","PrismaticShard","Catalyst+1","Happy Flower","Lee\u0027s Waffle","Master of Strategy+1","Discovery+1","EssenceOfSteel","Centennial Puzzle"],"campfire_rested":0,"item_purchase_floors":[2,22,22,37,37,47,47,53,53,53,53],"current_hp_per_floor":[52,52,45,34,34,34,17,17,17,17,17,17,17,17,17,17,52,52,52,52,52,52,52,52,52,52,52,52,52,50,50,50,50,65,65,65,65,65,65,65,65,65,65,65,65,65,75,80,80,77,79,79,79,60,56],"gold":48,"neow_bonus":"RANDOM_COLORLESS_2","is_prod":false,"is_daily":false,"chose_seed":true,"campfire_upgraded":7,"win_rate":0,"timestamp":1554557391,"path_taken":["M","$","?","?","?","R","E","M","T","R","M","M","R","E","R","BOSS","M","?","?","M","$","R","E","R","T","?","?","?","E","M","R","BOSS","M","M","$","?","?","R","E","?","T","M","M","E","?","M","R","BOSS","R","$","E","BOSS"],"build_version":"2019-01-23","purchased_purges":4,"victory":true,"max_hp_per_floor":[66,66,63,63,63,63,63,63,63,63,63,63,63,63,63,63,63,63,63,63,63,63,63,63,63,63,63,63,63,63,63,63,63,68,68,68,68,68,68,68,68,68,68,68,68,68,75,80,80,80,80,80,80,80,80],"card_choices":[{"not_picked":["Crippling Poison","Setup"],"picked":"Backflip","floor":1.0},{"not_picked":["Blade Dance+1","Eviscerate"],"picked":"Distraction+1","floor":7.0},{"not_picked":["Slice","Accuracy"],"picked":"Dash","floor":8.0},{"not_picked":["Deflect+1","Acrobatics+1"],"picked":"Bouncing Flask+1","floor":11.0},{"not_picked":["Dagger Spray","Underhanded Strike"],"picked":"Terror+1","floor":12.0},{"not_picked":["Choke","Dodge and Roll+1","Terror+1"],"picked":"SKIP","floor":14.0},{"not_picked":["Underhanded Strike","Poisoned Stab","Dagger Throw"],"picked":"SKIP","floor":18},{"not_picked":["Caltrops","Outmaneuver+1","Bane"],"picked":"SKIP","floor":21},{"not_picked":["Terror+1","Envenom","Outmaneuver+1"],"picked":"SKIP","floor":24},{"not_picked":["Reflex+1","Expertise+1","Dagger Spray"],"picked":"SKIP","floor":27},{"not_picked":["Tools of the Trade","Deflect+1"],"picked":"Malaise+1","floor":30},{"not_picked":["Sucker Punch","Concentrate+1"],"picked":"Acrobatics+1","floor":31},{"not_picked":["Doppelganger+1","Glass Knife"],"picked":"Corpse Explosion+1","floor":33},{"not_picked":["Underhanded Strike","Bane+1","Cloak And Dagger+1"],"picked":"SKIP","floor":35},{"not_picked":["Dagger Throw","Blade Dance+1","Flechettes"],"picked":"SKIP","floor":36},{"not_picked":["Thunderclap+1","Flying Knee"],"picked":"Buffer","floor":38},{"not_picked":["Sweeping Beam","Cold Snap+1"],"picked":"Warcry+1","floor":41},{"not_picked":["Consume+1","Sucker Punch+1"],"picked":"Conserve Battery+1","floor":44},{"not_picked":["Reckless Charge+1","Sweeping Beam","Dagger Spray"],"picked":"SKIP","floor":45},{"not_picked":["Poisoned Stab","HandOfGreed","Clash"],"picked":"SKIP","floor":46},{"not_picked":["Predator+1","Backstab","Conserve Battery+1"],"picked":"SKIP","floor":48},{"not_picked":["Reflex+1","Beam Cell+1"],"picked":"Chill+1","floor":54}],"player_experience":4094972,"relics_obtained":[{"floor":7.0,"key":"Gambling Chip"},{"floor":9.0,"key":"Pen Nib"},{"floor":14.0,"key":"Snake Skull"},{"floor":19,"key":"Lantern"},{"floor":24,"key":"Bronze Scales"},{"floor":26,"key":"Bag of Preparation"},{"floor":29,"key":"Red Mask"},{"floor":30,"key":"Smiling Mask"},{"floor":38,"key":"Girya"},{"floor":39,"key":"Mummified Hand"},{"floor":41,"key":"PreservedInsect"},{"floor":42,"key":"Nunchaku"},{"floor":46,"key":"Whetstone"},{"floor":54,"key":"Torii"}],"event_choices":[{"cards_removed":["Parasite"],"damage_healed":0.0,"max_hp_gain":0.0,"max_hp_loss":0.0,"gold_gain":0.0,"event_name":"Golden Wing","player_choice":"Card Removal","floor":3.0,"gold_loss":0.0,"damage_taken":7.0},{"damage_healed":0.0,"max_hp_gain":0.0,"max_hp_loss":0.0,"gold_gain":0.0,"event_name":"Scrap Ooze","player_choice":"Success","floor":4.0,"gold_loss":0.0,"damage_taken":11.0,"relics_obtained":["Toxic Egg 2"]},{"damage_healed":0.0,"max_hp_gain":0.0,"max_hp_loss":0.0,"gold_gain":0.0,"event_name":"Match and Keep!","player_choice":"1 cards matched","floor":5.0,"gold_loss":0.0,"damage_taken":0.0,"cards_obtained":["Glass Knife"]},{"cards_removed":["Strike_G"],"damage_healed":0,"gold_gain":0,"player_choice":"Purged","damage_taken":0,"max_hp_gain":0,"max_hp_loss":0,"event_name":"Purifier","floor":20,"gold_loss":0},{"damage_healed":0,"gold_gain":50,"player_choice":"Stole From Cult","damage_taken":0,"max_hp_gain":0,"max_hp_loss":0,"event_name":"Nest","floor":28,"gold_loss":0},{"damage_healed":0,"gold_gain":0,"player_choice":"Fought Bandits","damage_taken":0,"max_hp_gain":0,"max_hp_loss":0,"event_name":"Masked Bandits","floor":29,"gold_loss":0},{"damage_healed":0,"gold_gain":0,"player_choice":"Fight","damage_taken":0,"max_hp_gain":0,"max_hp_loss":0,"event_name":"Mysterious Sphere","floor":38,"gold_loss":0},{"damage_healed":0,"gold_gain":0,"player_choice":"Fight","damage_taken":0,"max_hp_gain":0,"max_hp_loss":0,"event_name":"MindBloom","floor":42,"gold_loss":0}],"is_beta":false,"boss_relics":[{"not_picked":["Calling Bell","Philosopher\u0027s Stone"],"picked":"Runic Dome"},{"not_picked":["Fusion Hammer","Velvet Choker"],"picked":"Tiny House"}],"items_purged_floors":[22,37,47,53],"is_endless":false,"potions_floor_spawned":[7,8,11,16,18,24,27,35,36,44,48,54],"ascension_level":15}