{"gold_per_floor":[111,123,123,45,56,56,56,56,56,75,75,89,89,120,120,218,218,228,98,23,43,43,43,103,115,115,132,132,157,31,42,42,147,147,157,157,172,188,205,235,235,267,267,298,313,21,21,21,21,21],"floor_reached":51,"playtime":2097,"items_purged":["Strike_B","Strike_B","Strike_B"],"score":1350,"play_id":"0f936f5e-79f5-4cc7-aeca-343e50cef203","local_time":"20181009211244","is_ascension_mode":true,"campfire_choices":[{"data":"Creative AI","floor":6.0,"key":"SMITH"},{"floor":8.0,"key":"REST"},{"data":"Zap","floor":11.0,"key":"SMITH"},{"data":"White Noise","floor":13.0,"key":"SMITH"},{"data":"Go for the Eyes","floor":15.0,"key":"SMITH"},{"data":"Loop","floor":23,"key":"SMITH"},{"data":"Electrodynamics","floor":28,"key":"SMITH"},{"data":"Defragment","floor":32,"key":"SMITH"},{"data":"Storm","floor":41,"key":"SMITH"},{"data":"Thunder Strike","floor":47,"key":"SMITH"},{"data":"Dualcast","floor":49,"key":"SMITH"}],"neow_cost":"PERCENT_DAMAGE","seed_source_timestamp":629077470734158,"circlet_count":0,"master_deck":["Defend_B","Defend_B","Zap+1","Dualcast+1","AscendersBane","Ball Lightning","Go for the Eyes+1","Creative AI+1","Self Repair","Glacier","White Noise+1","Reboot","Electrodynamics+1","Loop+1","Conserve Battery","Static Discharge","Force Field+1","Defragment+1","Storm+1","Thunder Strike+1","Tempest","Heatsinks","Seek"],"special_seed":0,"relics":["Cracked Core","Bird Faced Urn","Centennial Puzzle","Bronze Scales","Smiling Mask","Coffee Dripper","Tiny Chest","Bag of Preparation","Ornamental Fan","Sozu","Anchor","Turnip","Dodecahedron","Dead Branch","Calipers"],"potions_floor_usage":[16,24,24,33,50],"damage_taken":[{"damage":1.0,"enemies":"Cultist","floor":1.0,"turns":3.0},{"damage":1.0,"enemies":"2 Louse","floor":2.0,"turns":3.0},{"damage":0.0,"enemies":"Small Slimes","floor":5.0,"turns":3.0},{"damage":10.0,"enemies":"Exordium Thugs","floor":10.0,"turns":5.0},{"damage":2.0,"enemies":"Blue Slaver","floor":12.0,"turns":4.0},{"damage":0.0,"enemies":"Lagavulin","floor":14.0,"turns":5.0},{"damage":15,"enemies":"Hexaghost","floor":16,"turns":9},{"damage":15,"enemies":"Spheric Guardian","floor":18,"turns":5},{"damage":8,"enemies":"3 Byrds","floor":21,"turns":3},{"damage":27,"enemies":"Slavers","floor":24,"turns":3},{"damage":10,"enemies":"Snecko","floor":25,"turns":7},{"damage":0,"enemies":"Chosen and Byrds","floor":27,"turns":8},{"damage":11,"enemies":"Gremlin Leader","floor":29,"turns":4},{"damage":7,"enemies":"Snake Plant","floor":31,"turns":3},{"damage":27,"enemies":"Automaton","floor":33,"turns":7},{"damage":17,"enemies":"Orb Walker","floor":35,"turns":3},{"damage":5,"enemies":"3 Shapes","floor":37,"turns":2},{"damage":11,"enemies":"Sphere and 2 Shapes","floor":38,"turns":3},{"damage":16,"enemies":"Spire Growth","floor":39,"turns":3},{"damage":26,"enemies":"2 Orb Walkers","floor":40,"turns":3},{"damage":3,"enemies":"Giant Head","floor":42,"turns":5},{"damage":29,"enemies":"Nemesis","floor":44,"turns":7},{"damage":2,"enemies":"Transient","floor":45,"turns":5},{"damage":26,"enemies":"Donu and Deca","floor":50,"turns":6}],"seed_played":"5825247975056427619","potions_obtained":[{"floor":2.0,"key":"SpeedPotion"},{"floor":10.0,"key":"Regen Potion"},{"floor":18,"key":"Regen Potion"},{"floor":24,"key":"FocusPotion"},{"floor":27,"key":"GamblersBrew"},{"floor":33,"key":"AttackPotion"}],"is_trial":false,"path_per_floor":["M","M","?","$","M","R","?","R","T","M","R","M","R","E","R","B",null,"M","$","$","M","?","R","E","M","T","M","R","E","$","M","R","B",null,"M","?","M","M","M","E","R","E","T","E","M","$","R","?","R","B"],"character_chosen":"DEFECT","items_purchased":["Creative AI","Loop","Conserve Battery","Defragment","Calipers"],"campfire_rested":1,"item_purchase_floors":[4,19,20,30,46],"current_hp_per_floor":[49,48,48,48,52,52,27,49,49,54,54,65,65,75,75,75,75,75,75,75,75,75,75,75,75,75,75,75,75,75,75,75,66,73,75,75,75,70,72,60,60,75,75,73,75,75,75,75,75,70],"gold":21,"neow_bonus":"ONE_RARE_RELIC","is_prod":false,"is_daily":false,"chose_seed":false,"campfire_upgraded":10,"win_rate":0,"timestamp":1539090764,"path_taken":["M","M","?","$","M","R","?","R","T","M","R","?","R","E","R","BOSS","M","?","$","M","?","R","E","M","T","M","R","E","$","M","R","BOSS","M","?","M","M","M","E","R","E","T","E","M","$","R","?","R","BOSS"],"build_version":"2018-10-04v2","purchased_purges":3,"victory":true,"max_hp_per_floor":[75,75,75,75,75,75,75,75,75,75,75,75,75,75,75,75,75,75,75,75,75,75,75,75,75,75,75,75,75,75,75,75,75,75,75,75,75,75,75,75,75,75,75,75,75,75,75,75,75,75],"card_choices":[{"not_picked":["Streamline","Redo"],"picked":"Ball Lightning","floor":1.0},{"not_picked":["Recycle","Hello World"],"picked":"Go for the Eyes","floor":2.0},{"not_picked":["Rebound","Redo"],"picked":"Self Repair","floor":5.0},{"not_picked":["FTL","Chaos"],"picked":"Glacier","floor":10.0},{"not_picked":["Compile Driver","Hello World"],"picked":"White Noise","floor":12.0},{"not_picked":["Streamline","Compile Driver"],"picked":"Reboot","floor":14.0},{"not_picked":["Machine Learning","Creative AI"],"picked":"Electrodynamics","floor":16},{"not_picked":["Self Repair","Auto Shields+1","Sweeping Beam"],"picked":"SKIP","floor":18},{"not_picked":["FTL","Go for the Eyes","Hologram"],"picked":"SKIP","floor":21},{"not_picked":["Hello World","Coolheaded"],"picked":"Force Field+1","floor":24},{"not_picked":["Turbo","Leap","Go for the Eyes"],"picked":"SKIP","floor":25},{"not_picked":["Leap","Reprogram","Streamline+1"],"picked":"SKIP","floor":27},{"not_picked":["Static Discharge","Barrage","Chill"],"picked":"SKIP","floor":29},{"not_picked":["Blizzard","Barrage+1"],"picked":"Storm","floor":31},{"not_picked":["Biased Cognition","Multi-Cast"],"picked":"Thunder Strike","floor":33},{"not_picked":["Chill","Genetic Algorithm"],"picked":"Tempest","floor":35},{"not_picked":["Steam Power","Leap","Darkness"],"picked":"SKIP","floor":37},{"not_picked":["Redo+1","Sweeping Beam","Fusion"],"picked":"SKIP","floor":38},{"not_picked":["Redo","Darkness"],"picked":"Heatsinks","floor":39},{"not_picked":["Multi-Cast","Barrage+1"],"picked":"Seek","floor":40},{"not_picked":["Streamline","Hologram","Conserve Battery"],"picked":"SKIP","floor":42},{"not_picked":["Go for the Eyes","Thunder Strike","White Noise"],"picked":"SKIP","floor":44},{"not_picked":["Streamline","Ball Lightning","Loop"],"picked":"SKIP","floor":45}],"player_experience":261599,"relics_obtained":[{"floor":9.0,"key":"Bronze Scales"},{"floor":14.0,"key":"Smiling Mask"},{"floor":24,"key":"Tiny Chest"},{"floor":26,"key":"Bag of Preparation"},{"floor":29,"key":"Ornamental Fan"},{"floor":40,"key":"Anchor"},{"floor":42,"key":"Turnip"},{"floor":43,"key":"Dodecahedron"},{"floor":44,"key":"Dead Branch"}],"event_choices":[{"event_name":"Bonfire Elementals","player_choice":"BASIC","floor":3.0,"damage_taken":0.0},{"event_name":"Scrap Ooze","player_choice":"success","floor":7.0,"damage_taken":25.0},{"event_name":"Transmorgrifier","player_choice":"Transform","floor":22,"damage_taken":0},{"event_name":"Falling","player_choice":"Removed Skill","floor":36,"damage_taken":0},{"event_name":"The Lab","player_choice":"Got Potions","floor":48,"damage_taken":0}],"is_beta":false,"boss_relics":[{"not_picked":["FrozenCore","Astrolabe"],"picked":"Coffee Dripper"},{"not_picked":["White Beast Statue","Calling Bell"],"picked":"Sozu"}],"items_purged_floors":[19,20,30],"is_endless":false,"potions_floor_spawned":[2,10,18,24,27,29,33,35,39,42,44],"ascension_level":12}