{"gold_per_floor":[109,121,53,53,3,38,38,56,56,56,56,56,8,23,23,118,118,130,144,144,244,258,258,289,289,362,373,373,40,74,88,88,183,183,195,209,223,278,97,131,131,157,157,157,174,174,204,104,104,104],"floor_reached":51,"playtime":1110,"items_purged":["Strike_R","Defend_R"],"score":1337,"play_id":"c274ce0f-9a5e-4b5a-bfed-f11d08807709","local_time":"20180920172144","is_ascension_mode":true,"campfire_choices":[{"data":"Body Slam","floor":7,"key":"SMITH"},{"data":"Body Slam","floor":10,"key":"SMITH"},{"data":"1","floor":12,"key":"LIFT"},{"data":"2","floor":15,"key":"LIFT"},{"data":"3","floor":23,"key":"LIFT"},{"data":"Inflame","floor":25,"key":"SMITH"},{"data":"Flex","floor":32,"key":"SMITH"},{"data":"Strike_R","floor":41,"key":"PURGE"},{"data":"Defend_R","floor":44,"key":"PURGE"},{"data":"Strike_R","floor":46,"key":"PURGE"},{"data":"Strike_R","floor":49,"key":"PURGE"}],"neow_cost":"NONE","seed_source_timestamp":15963037719051,"circlet_count":0,"master_deck":["Defend_R","Defend_R","Bash","Body Slam+1","Offering+1","Offering+1","Body Slam+1","Shrug It Off","Impervious","Feed","Heavy Blade+1","Flex+1","Shrug It Off","Inflame+1","Impervious+1","Double Tap+1","Seeing Red+1","Battle Trance+1","Impervious+1","Whirlwind+1"],"relics":["Burning Blood","NeowsBlessing","Girya","Thread and Needle","Mummified Hand","Runic Dome","Peace Pipe","Ornamental Fan","Bottled Lightning","Darkstone Periapt","MutagenicStrength","Toxic Egg 2","Mercury Hourglass","Coffee Dripper","Du-Vu Doll","War Paint","Molten Egg 2","Question Card","Dodecahedron","Prayer Wheel"],"potions_floor_usage":[16,21,33,33,50],"damage_taken":[{"damage":0,"enemies":"Cultist","floor":1,"turns":1},{"damage":0,"enemies":"Jaw Worm","floor":2,"turns":1},{"damage":0,"enemies":"3 Sentries","floor":6,"turns":2},{"damage":6,"enemies":"2 Louse","floor":8,"turns":2},{"damage":6,"enemies":"Lots of Slimes","floor":14,"turns":3},{"damage":12,"enemies":"Slime Boss","floor":16,"turns":5},{"damage":12,"enemies":"Shell Parasite","floor":18,"turns":4},{"damage":12,"enemies":"Chosen","floor":19,"turns":2},{"damage":11,"enemies":"Colosseum Slavers","floor":21,"turns":3},{"damage":12,"enemies":"Colosseum Nobs","floor":21,"turns":3},{"damage":9,"enemies":"Shelled Parasite and Fungi","floor":22,"turns":2},{"damage":22,"enemies":"Gremlin Leader","floor":24,"turns":4},{"damage":6,"enemies":"Centurion and Healer","floor":27,"turns":1},{"damage":12,"enemies":"Book of Stabbing","floor":30,"turns":2},{"damage":6,"enemies":"Snake Plant","floor":31,"turns":1},{"damage":33,"enemies":"Champ","floor":33,"turns":5},{"damage":0,"enemies":"Orb Walker","floor":35,"turns":1},{"damage":12,"enemies":"3 Darklings","floor":36,"turns":1},{"damage":12,"enemies":"Maw","floor":37,"turns":3},{"damage":6,"enemies":"Mysterious Sphere","floor":38,"turns":2},{"damage":6,"enemies":"Giant Head","floor":40,"turns":3},{"damage":6,"enemies":"Nemesis","floor":42,"turns":1},{"damage":6,"enemies":"Spire Growth","floor":45,"turns":2},{"damage":6,"enemies":"Giant Head","floor":47,"turns":1},{"damage":12,"enemies":"Awakened One","floor":50,"turns":3}],"seed_played":"-6130994705423036400","potions_obtained":[{"floor":14,"key":"Swift Potion"},{"floor":19,"key":"Regen Potion"},{"floor":22,"key":"Poison Potion"},{"floor":24,"key":"Regen Potion"},{"floor":30,"key":"Explosive Potion"},{"floor":31,"key":"Regen Potion"},{"floor":33,"key":"Swift Potion"},{"floor":37,"key":"Strength Potion"},{"floor":42,"key":"FairyPotion"}],"is_trial":false,"path_per_floor":["M","M","$","?","?","E","R","M","T","R","$","R","$","M","R","B",null,"M","M","?","?","M","R","E","R","T","M","?","$","E","M","R","B",null,"M","M","M","?","$","E","R","E","T","R","M","R","E","$","R","B"],"character_chosen":"IRONCLAD","items_purchased":["Offering","Shrug It Off","Toxic Egg 2","Battle Trance+1","War Paint"],"campfire_rested":0,"item_purchase_floors":[3,13,29,39,39],"current_hp_per_floor":[78,80,80,77,77,80,80,80,80,80,80,80,80,80,80,74,79,76,70,54,55,55,55,39,39,39,42,42,42,36,36,36,43,84,90,84,78,78,78,78,78,78,78,78,78,78,78,78,78,72],"gold":104,"neow_bonus":"THREE_ENEMY_KILL","is_prod":false,"is_daily":false,"chose_seed":false,"campfire_upgraded":4,"win_rate":0,"timestamp":1537435304,"path_taken":["M","?","$","?","?","E","R","?","T","R","$","R","?","M","R","BOSS","M","M","?","?","?","R","E","R","T","M","?","$","E","M","R","BOSS","M","M","M","?","$","E","R","E","T","R","M","R","E","$","R","BOSS"],"build_version":"2018-09-06","purchased_purges":2,"victory":true,"max_hp_per_floor":[80,80,80,80,80,80,80,80,80,80,80,80,80,80,80,80,80,83,83,88,91,94,94,94,94,94,97,97,97,97,97,97,97,97,97,97,97,97,97,97,97,97,97,97,97,97,97,97,97,97],"card_choices":[{"not_picked":["Armaments","Uppercut","Iron Wave"],"picked":"SKIP","floor":1},{"not_picked":["Thunderclap","Sever Soul"],"picked":"Body Slam","floor":2},{"not_picked":["Iron Wave","Pommel Strike"],"picked":"Offering","floor":6},{"not_picked":["Pommel Strike","Wild Strike"],"picked":"Body Slam","floor":8},{"not_picked":["Twin Strike","Armaments"],"picked":"Impervious","floor":14},{"not_picked":["Bludgeon","Reaper"],"picked":"Feed","floor":16},{"not_picked":["Wild Strike","Warcry"],"picked":"Heavy Blade+1","floor":18},{"not_picked":["Perfected Strike","Sword Boomerang"],"picked":"Flex","floor":19},{"not_picked":["Pommel Strike","Disarm"],"picked":"Shrug It Off","floor":22},{"not_picked":["Heavy Blade+1","Twin Strike"],"picked":"Inflame","floor":24},{"not_picked":["Anger","Shockwave+1","Sword Boomerang"],"picked":"SKIP","floor":27},{"not_picked":["Sever Soul","Body Slam","Havoc+1"],"picked":"SKIP","floor":30},{"not_picked":["Clash","Sword Boomerang"],"picked":"Impervious+1","floor":31},{"not_picked":["Offering+1","Immolate"],"picked":"Double Tap+1","floor":33},{"not_picked":["Sentinel+1","Heavy Blade+1","Armaments+1"],"picked":"SKIP","floor":35},{"not_picked":["Clash","Havoc+1","Flex+1"],"picked":"SKIP","floor":36},{"not_picked":["Headbutt","Armaments+1","Shrug It Off+1"],"picked":"SKIP","floor":37},{"not_picked":["Pommel Strike+1","Headbutt+1"],"picked":"Seeing Red+1","floor":38},{"not_picked":["Shrug It Off+1","Armaments+1"],"picked":"Impervious+1","floor":40},{"not_picked":["Burning Pact+1","Wild Strike+1","Dropkick+1"],"picked":"SKIP","floor":42},{"not_picked":["Flex+1","Anger+1","Clash+1"],"picked":"Whirlwind+1","floor":45},{"not_picked":["Reckless Charge+1","True Grit+1","Dropkick+1","Burning Pact+1"],"picked":"SKIP","floor":47}],"player_experience":47950,"relics_obtained":[{"floor":6,"key":"Thread and Needle"},{"floor":9,"key":"Mummified Hand"},{"floor":21,"key":"Peace Pipe"},{"floor":21,"key":"Ornamental Fan"},{"floor":24,"key":"Bottled Lightning"},{"floor":26,"key":"Darkstone Periapt"},{"floor":30,"key":"Mercury Hourglass"},{"floor":38,"key":"Du-Vu Doll"},{"floor":40,"key":"Molten Egg 2"},{"floor":42,"key":"Question Card"},{"floor":43,"key":"Dodecahedron"},{"floor":47,"key":"Prayer Wheel"}],"event_choices":[{"event_name":"Scrap Ooze","player_choice":"success","floor":4,"damage_taken":3},{"event_name":"The Cleric","player_choice":"Card Removal","floor":5,"damage_taken":0},{"event_name":"Forgotten Altar","player_choice":"Shed Blood","floor":20,"damage_taken":0},{"event_name":"Colosseum","player_choice":"Fight","floor":21,"damage_taken":0},{"event_name":"Colosseum","player_choice":"Fought Nobs","floor":21,"damage_taken":0},{"event_name":"Drug Dealer","player_choice":"Inject Mutagens","floor":28,"damage_taken":0},{"event_name":"Mysterious Sphere","player_choice":"Fight","floor":38,"damage_taken":0}],"is_beta":false,"boss_relics":[{"not_picked":["Philosopher\u0027s Stone","Eternal Feather"],"picked":"Runic Dome"},{"not_picked":["Velvet Choker","Mark of Pain"],"picked":"Coffee Dripper"}],"items_purged_floors":[29,48],"is_endless":false,"potions_floor_spawned":[14,19,22,24,30,31,33,37,40,42,47],"ascension_level":6}