{"gold_per_floor":[116,130,145,145,145,145,155,155,179,193,211,211,231,249,249,344,344,363,16,16,16,31,31,58,74,144,144,44,64,64,79,79,179,179,198,214,229,246,265,265,280,74,74,104,104,124,124,124,124,124],"floor_reached":51,"playtime":5246,"items_purged":["Strike_B","Strike_B","Strike_B"],"score":670,"play_id":"be0060fc-46d9-4545-96c0-0405eae60b0f","local_time":"20190718214809","is_ascension_mode":false,"campfire_choices":[{"data":"Streamline","floor":6.0,"key":"SMITH"},{"data":"Static Discharge","floor":8.0,"key":"SMITH"},{"data":"Zap","floor":12.0,"key":"SMITH"},{"data":"Defragment","floor":15.0,"key":"SMITH"},{"data":"Darkness","floor":23.0,"key":"SMITH"},{"data":"Fission","floor":27.0,"key":"SMITH"},{"floor":32.0,"key":"REST"},{"data":"Biased Cognition","floor":40,"key":"SMITH"},{"data":"Heatsinks","floor":45,"key":"SMITH"},{"data":"Purity","floor":47,"key":"SMITH"},{"floor":49,"key":"REST"}],"neow_cost":"NONE","seed_source_timestamp":7655252349022,"circlet_count":0,"master_deck":["Defend_B","Defend_B","Defend_B","Zap+1","Dualcast+1","Static Discharge+1","Streamline+1","Chill","Gash","Heatsinks+1","Defragment+1","Fission+1","Blizzard+1","Darkness+1","Undo","Coolheaded+1","Conserve Battery+1","All For One","Biased Cognition+1","Self Repair+1","Coolheaded+1","Turbo+1","Lockon+1","Purity+1","Chill","Darkness+1"],"special_seed":0,"relics":["Cracked Core","Vajra","Boot","Runic Pyramid","ClockworkSouvenir","Strawberry","Shuriken","Sozu","Gremlin Horn","Frozen Egg 2"],"potions_floor_usage":[41],"damage_taken":[{"damage":0.0,"enemies":"Cultist","floor":1.0,"turns":3.0},{"damage":0.0,"enemies":"Small Slimes","floor":2.0,"turns":3.0},{"damage":1.0,"enemies":"Jaw Worm","floor":3.0,"turns":3.0},{"damage":0.0,"enemies":"Exordium Wildlife","floor":7.0,"turns":3.0},{"damage":8.0,"enemies":"Lots of Slimes","floor":10.0,"turns":3.0},{"damage":0.0,"enemies":"Large Slime","floor":11.0,"turns":5.0},{"damage":7.0,"enemies":"Red Slaver","floor":13.0,"turns":3.0},{"damage":0.0,"enemies":"2 Fungi Beasts","floor":14.0,"turns":2.0},{"damage":12.0,"enemies":"Slime Boss","floor":16.0,"turns":7.0},{"damage":21.0,"enemies":"2 Thieves","floor":18.0,"turns":2.0},{"damage":10.0,"enemies":"Chosen","floor":22.0,"turns":4.0},{"damage":6.0,"enemies":"Book of Stabbing","floor":24.0,"turns":5.0},{"damage":15.0,"enemies":"3 Cultists","floor":25.0,"turns":5.0},{"damage":0.0,"enemies":"Chosen and Byrds","floor":29.0,"turns":5.0},{"damage":11.0,"enemies":"Shelled Parasite and Fungi","floor":31.0,"turns":4.0},{"damage":16.0,"enemies":"Collector","floor":33.0,"turns":9.0},{"damage":0,"enemies":"Orb Walker","floor":35,"turns":2},{"damage":12,"enemies":"3 Darklings","floor":36,"turns":4},{"damage":6,"enemies":"Writhing Mass","floor":37,"turns":6},{"damage":9,"enemies":"Jaw Worm Horde","floor":38,"turns":4},{"damage":6,"enemies":"Spire Growth","floor":39,"turns":6},{"damage":11,"enemies":"Transient","floor":41,"turns":5},{"damage":0,"enemies":"Reptomancer","floor":44,"turns":4},{"damage":19,"enemies":"Jaw Worm Horde","floor":46,"turns":3},{"damage":8,"enemies":"Awakened One","floor":50,"turns":6}],"seed_played":"-8628121017299005194","potions_obtained":[{"floor":2.0,"key":"SneckoOil"},{"floor":7.0,"key":"GamblersBrew"},{"floor":13.0,"key":"Weak Potion"},{"floor":14.0,"key":"Poison Potion"},{"floor":18.0,"key":"Regen Potion"},{"floor":33.0,"key":"Weak Potion"}],"is_trial":false,"path_per_floor":["M","M","M","?","?","R","M","R","T","M","M","R","M","M","R","B",null,"M","$","?","?","M","R","E","M","T","R","$","M","$","M","R","B",null,"M","M","M","M","M","R","M","$","T","E","R","M","R","?","R","B",null],"character_chosen":"DEFECT","items_purchased":["Darkness","ClockworkSouvenir","Purity"],"campfire_rested":2,"item_purchase_floors":[19,19,42],"current_hp_per_floor":[75,75,74,62,62,62,62,62,62,54,54,54,47,47,47,35,75,54,54,54,40,42,42,43,28,28,28,28,28,28,17,43,27,87,87,85,87,87,87,87,86,86,86,87,87,68,68,68,87,87],"gold":124,"neow_bonus":"UPGRADE_CARD","is_prod":false,"is_daily":false,"chose_seed":false,"campfire_upgraded":9,"win_rate":0,"timestamp":1563457689,"path_taken":["M","M","M","?","?","R","M","R","T","?","M","R","M","M","R","BOSS","M","$","?","?","M","R","E","M","T","R","?","M","$","?","R","BOSS","M","M","?","M","M","R","M","$","T","E","R","M","R","?","R","BOSS"],"build_version":"2019-07-17","purchased_purges":3,"victory":true,"max_hp_per_floor":[75,75,75,75,75,75,75,75,75,75,75,75,75,75,75,75,75,75,75,75,80,80,80,87,87,87,87,87,87,87,87,87,87,87,87,87,87,87,87,87,87,87,87,87,87,87,87,87,87,87],"card_choices":[{"not_picked":["Go for the Eyes","Rebound","Stack"],"picked":"SKIP","floor":1.0},{"not_picked":["Gash","Compile Driver"],"picked":"Static Discharge","floor":2.0},{"not_picked":["Rebound","Redo"],"picked":"Streamline","floor":3.0},{"not_picked":["Turbo","Aggregate","Compile Driver"],"picked":"SKIP","floor":7.0},{"not_picked":["Redo","Gash"],"picked":"Chill","floor":10.0},{"not_picked":["Streamline","Cold Snap"],"picked":"Gash","floor":11.0},{"not_picked":["FTL","Reinforced Body"],"picked":"Heatsinks","floor":13.0},{"not_picked":["Machine Learning","Auto Shields"],"picked":"Defragment","floor":14.0},{"not_picked":["Machine Learning","Multi-Cast"],"picked":"Fission","floor":16.0},{"not_picked":["Beam Cell","Compile Driver"],"picked":"Blizzard+1","floor":18.0},{"not_picked":["Compile Driver","Sweeping Beam"],"picked":"Undo","floor":22.0},{"not_picked":["Sunder","Static Discharge+1"],"picked":"Coolheaded+1","floor":24.0},{"not_picked":["Double Energy","Streamline"],"picked":"Conserve Battery+1","floor":25.0},{"not_picked":["Static Discharge","Reinforced Body"],"picked":"All For One","floor":29.0},{"not_picked":["Leap+1","Streamline","Beam Cell"],"picked":"SKIP","floor":31.0},{"not_picked":["Rainbow","Hyperbeam"],"picked":"Biased Cognition","floor":33.0},{"not_picked":["BootSequence+1","Undo"],"picked":"Self Repair+1","floor":35},{"not_picked":["Beam Cell+1","Conserve Battery","Cold Snap+1"],"picked":"SKIP","floor":36},{"not_picked":["Streamline+1","Fusion","Go for the Eyes"],"picked":"SKIP","floor":37},{"not_picked":["Gash","Conserve Battery"],"picked":"Coolheaded+1","floor":38},{"not_picked":["Reprogram+1","Fusion"],"picked":"Turbo+1","floor":39},{"not_picked":["Lockon+1","Streamline+1","Compile Driver+1"],"picked":"SKIP","floor":41},{"not_picked":["Streamline+1","Compile Driver+1"],"picked":"Lockon+1","floor":41},{"not_picked":["Fission","Coolheaded"],"picked":"Chill","floor":44},{"not_picked":["Compile Driver","Chaos"],"picked":"Darkness+1","floor":46}],"player_experience":5781540,"relics_obtained":[{"floor":9.0,"key":"Boot"},{"floor":24.0,"key":"Strawberry"},{"floor":26.0,"key":"Shuriken"},{"floor":43,"key":"Gremlin Horn"},{"floor":44,"key":"Frozen Egg 2"}],"event_choices":[{"damage_healed":0.0,"max_hp_gain":0.0,"max_hp_loss":0.0,"gold_gain":0.0,"event_name":"Scrap Ooze","player_choice":"Success","floor":4.0,"gold_loss":0.0,"damage_taken":12.0,"relics_obtained":["Vajra"]},{"cards_removed":["Strike_B"],"damage_healed":0.0,"max_hp_gain":0.0,"max_hp_loss":0.0,"gold_gain":0.0,"event_name":"Purifier","player_choice":"Purged","floor":5.0,"gold_loss":0.0,"damage_taken":0.0},{"damage_healed":0.0,"max_hp_gain":0.0,"max_hp_loss":0.0,"gold_gain":0.0,"event_name":"Cursed Tome","player_choice":"Ignored","floor":20.0,"gold_loss":0.0,"damage_taken":0.0},{"damage_healed":0.0,"max_hp_gain":5.0,"max_hp_loss":0.0,"gold_gain":0.0,"event_name":"Forgotten Altar","player_choice":"Shed Blood","floor":21.0,"gold_loss":0.0,"damage_taken":19.0},{"cards_removed":["Defend_B"],"damage_healed":0,"gold_gain":0,"player_choice":"Purged","damage_taken":0,"max_hp_gain":0,"max_hp_loss":0,"event_name":"Purifier","floor":48,"gold_loss":0}],"is_beta":false,"boss_relics":[{"not_picked":["Snecko Eye","Astrolabe"],"picked":"Runic Pyramid"},{"not_picked":["Inserter","White Beast Statue"],"picked":"Sozu"}],"items_purged_floors":[19,28,42],"is_endless":false,"potions_floor_spawned":[2,7,13,14,18,33,36,38,39,44],"ascension_level":0}