{"gold_per_floor":[368,16,33,45,45,45,56,75,102,102,102,132,132,143,143,245,245,261,274,34,34,45,45,144,144,144,144,164,183,9,23,23,125,125,138,138,148,248,324,234,253,20,20,20,35,35,48,48,48,48],"floor_reached":51,"playtime":1357,"items_purged":["Strike_B","Blizzard"],"score":749,"play_id":"23dd4713-eb53-47a0-bc90-74d690145e79","local_time":"20190615143811","is_ascension_mode":false,"campfire_choices":[{"data":"Sunder","floor":6.0,"key":"SMITH"},{"data":"Consume","floor":10.0,"key":"SMITH"},{"data":"Zap","floor":13.0,"key":"SMITH"},{"data":"Defragment","floor":15.0,"key":"SMITH"},{"data":"Skim","floor":23.0,"key":"SMITH"},{"data":"Turbo","floor":25.0,"key":"SMITH"},{"floor":27.0,"key":"REST"},{"data":"Storm","floor":32.0,"key":"SMITH"},{"data":"Storm","floor":44,"key":"SMITH"},{"data":"Storm","floor":46,"key":"SMITH"},{"data":"Amplify","floor":49,"key":"SMITH"}],"neow_cost":"PERCENT_DAMAGE","seed_source_timestamp":14446507080158,"circlet_count":0,"master_deck":["Zap+1","Dualcast+1","Sunder+1","Panacea","Static Discharge+1","Consume+1","Defragment+1","Electrodynamics","Skim+1","Glacier","Double Energy","All For One","Turbo+1","Double Energy+1","Go for the Eyes","Storm+1","Storm+1","Fission","Amplify+1","Magnetism","Self Repair","Storm+1","Storm+1"],"special_seed":0,"relics":["Cracked Core","PreservedInsect","Art of War","Blood Vial","Pandora\u0027s Box","Mummified Hand","Shuriken","Eternal Feather","Incense Burner","Mercury Hourglass","DollysMirror","Lantern"],"potions_floor_usage":[45,50,50,50],"damage_taken":[{"damage":1.0,"enemies":"Jaw Worm","floor":1.0,"turns":3.0},{"damage":1.0,"enemies":"Small Slimes","floor":3.0,"turns":3.0},{"damage":0.0,"enemies":"Cultist","floor":4.0,"turns":3.0},{"damage":1.0,"enemies":"Gremlin Gang","floor":7.0,"turns":4.0},{"damage":5.0,"enemies":"Exordium Thugs","floor":8.0,"turns":2.0},{"damage":15.0,"enemies":"3 Sentries","floor":12.0,"turns":3.0},{"damage":11.0,"enemies":"Large Slime","floor":14.0,"turns":2.0},{"damage":4.0,"enemies":"Hexaghost","floor":16.0,"turns":8.0},{"damage":10.0,"enemies":"Chosen","floor":18.0,"turns":3.0},{"damage":0.0,"enemies":"Spheric Guardian","floor":19.0,"turns":3.0},{"damage":26.0,"enemies":"Shelled Parasite and Fungi","floor":22.0,"turns":3.0},{"damage":8.0,"enemies":"Centurion and Healer","floor":28.0,"turns":3.0},{"damage":21.0,"enemies":"Snake Plant","floor":29.0,"turns":2.0},{"damage":0.0,"enemies":"Sentry and Sphere","floor":31.0,"turns":3.0},{"damage":11.0,"enemies":"Collector","floor":33.0,"turns":5.0},{"damage":10.0,"enemies":"Orb Walker","floor":35.0,"turns":2.0},{"damage":35,"enemies":"3 Darklings","floor":37,"turns":3},{"damage":0,"enemies":"Mind Bloom Boss Battle","floor":38,"turns":3},{"damage":3,"enemies":"Jaw Worm Horde","floor":41,"turns":3},{"damage":0,"enemies":"Spire Growth","floor":45,"turns":2},{"damage":0,"enemies":"Transient","floor":47,"turns":5},{"damage":0,"enemies":"Donu and Deca","floor":50,"turns":2}],"seed_played":"3795795754202000893","potions_obtained":[{"floor":3.0,"key":"EssenceOfSteel"},{"floor":8.0,"key":"Poison Potion"},{"floor":16.0,"key":"Strength Potion"},{"floor":31.0,"key":"PowerPotion"},{"floor":38,"key":"SkillPotion"},{"floor":45,"key":"GamblersBrew"}],"is_trial":false,"path_per_floor":["M","$","M","M","?","R","M","M","T","R","?","E","R","M","R","B",null,"M","M","$","?","M","R","?","R","T","R","M","M","$","M","R","B",null,"M","?","M","?","T","?","M","$","T","R","M","R","M","?","R","B",null],"character_chosen":"DEFECT","items_purchased":["Sunder","Panacea","PreservedInsect","Mummified Hand","Storm","Storm","DollysMirror"],"campfire_rested":1,"item_purchase_floors":[2,2,2,20,30,42,42],"current_hp_per_floor":[53,53,52,52,37,37,36,31,31,31,31,16,16,7,7,5,75,65,67,67,67,43,43,43,43,43,65,59,40,40,42,42,33,75,65,65,32,34,34,34,33,33,33,45,54,66,75,75,75,75],"gold":48,"neow_bonus":"TWO_FIFTY_GOLD","is_prod":false,"is_daily":false,"chose_seed":false,"campfire_upgraded":10,"win_rate":0,"timestamp":1560580691,"path_taken":["M","$","M","M","?","R","M","M","T","R","?","E","R","?","R","BOSS","M","?","$","?","M","R","?","R","T","R","M","M","$","M","R","BOSS","M","?","M","?","?","?","?","$","T","R","?","R","M","?","R","BOSS"],"build_version":"2019-01-23","purchased_purges":2,"victory":true,"max_hp_per_floor":[75,75,75,75,75,75,75,75,75,75,75,75,75,75,75,75,75,75,75,75,75,75,75,75,75,75,75,75,75,75,75,75,75,75,75,75,75,75,75,75,75,75,75,75,75,75,75,75,75,75],"card_choices":[{"not_picked":["Hologram","Double Energy"],"picked":"Cold Snap","floor":1.0},{"not_picked":["Hologram","Stack"],"picked":"Static Discharge","floor":3.0},{"not_picked":["Leap","Conserve Battery"],"picked":"Ball Lightning","floor":4.0},{"not_picked":["Conserve Battery","Redo","Hologram"],"picked":"SKIP","floor":7.0},{"not_picked":["Leap","Go for the Eyes"],"picked":"Consume","floor":8.0},{"not_picked":["Double Energy","Hologram","Redo"],"picked":"SKIP","floor":12.0},{"not_picked":["Steam","Ball Lightning"],"picked":"Defragment","floor":14.0},{"not_picked":["Amplify","All For One"],"picked":"Hyperbeam","floor":16.0},{"not_picked":["Reprogram","Leap"],"picked":"Turbo","floor":18.0},{"not_picked":["Streamline","Compile Driver+1","Rebound+1"],"picked":"SKIP","floor":19.0},{"not_picked":["Rebound","Sweeping Beam","Ball Lightning"],"picked":"SKIP","floor":22.0},{"not_picked":["Conserve Battery+1","Cold Snap+1","Rebound"],"picked":"SKIP","floor":28.0},{"not_picked":["Self Repair+1","Beam Cell+1"],"picked":"Storm","floor":29.0},{"not_picked":["Barrage","Steam"],"picked":"Fission","floor":31.0},{"not_picked":["Reboot","Meteor Strike"],"picked":"Amplify","floor":33.0},{"not_picked":["Sweeping Beam+1","Go for the Eyes","Doom and Gloom+1"],"picked":"SKIP","floor":35.0},{"not_picked":["PanicButton","Discovery"],"picked":"Magnetism","floor":36},{"not_picked":["Go for the Eyes","Redo","Turbo+1"],"picked":"SKIP","floor":37},{"not_picked":["All For One","Go for the Eyes+1"],"picked":"Self Repair","floor":41},{"not_picked":["Go for the Eyes","Melter","Ball Lightning+1"],"picked":"SKIP","floor":45},{"not_picked":["Reinforced Body+1","Barrage","Undo+1"],"picked":"SKIP","floor":47}],"player_experience":5243225,"relics_obtained":[{"floor":9.0,"key":"Art of War"},{"floor":12.0,"key":"Blood Vial"},{"floor":26.0,"key":"Shuriken"},{"floor":38,"key":"Incense Burner"},{"floor":39,"key":"Mercury Hourglass"},{"floor":43,"key":"Lantern"}],"event_choices":[{"damage_healed":0.0,"max_hp_gain":0.0,"max_hp_loss":0.0,"gold_gain":0.0,"event_name":"Shining Light","player_choice":"Entered Light","floor":5.0,"gold_loss":0.0,"damage_taken":15.0,"cards_upgraded":["Strike_B","Dualcast"]},{"damage_healed":0.0,"max_hp_gain":0.0,"max_hp_loss":0.0,"gold_gain":0.0,"event_name":"Accursed Blacksmith","player_choice":"Forge","floor":11.0,"gold_loss":0.0,"damage_taken":0.0,"cards_upgraded":["Static Discharge"]},{"damage_healed":0.0,"max_hp_gain":0.0,"max_hp_loss":0.0,"gold_gain":0.0,"cards_transformed":["Sweeping Beam","Hyperbeam"],"event_name":"Drug Dealer","player_choice":"Became Test Subject","floor":21.0,"gold_loss":0.0,"damage_taken":0.0,"cards_obtained":["Double Energy","Go for the Eyes"]},{"damage_healed":0.0,"max_hp_gain":0.0,"max_hp_loss":0.0,"gold_gain":99.0,"event_name":"Nest","player_choice":"Stole From Cult","floor":24.0,"gold_loss":0.0,"damage_taken":0.0},{"damage_healed":0,"gold_gain":0,"player_choice":"Memory 1","damage_taken":0,"max_hp_gain":0,"max_hp_loss":0,"event_name":"SensoryStone","floor":36,"gold_loss":0},{"damage_healed":0,"gold_gain":0,"player_choice":"Fight","damage_taken":0,"max_hp_gain":0,"max_hp_loss":0,"event_name":"MindBloom","floor":38,"gold_loss":0},{"cards_removed":["Cold Snap"],"damage_healed":0,"gold_gain":0,"player_choice":"Upgrade and Remove","damage_taken":0,"max_hp_gain":0,"max_hp_loss":0,"event_name":"Designer","floor":40,"gold_loss":90,"cards_upgraded":["Double Energy"]},{"cards_removed":["Ball Lightning"],"damage_healed":0,"gold_gain":0,"player_choice":"Removed Attack","damage_taken":0,"max_hp_gain":0,"max_hp_loss":0,"event_name":"Falling","floor":48,"gold_loss":0}],"is_beta":false,"boss_relics":[{"not_picked":["FrozenCore","Snecko Eye"],"picked":"Pandora\u0027s Box"},{"not_picked":["Velvet Choker","Sozu"],"picked":"Eternal Feather"}],"items_purged_floors":[2,30],"is_endless":false,"potions_floor_spawned":[3,8,16,31,33,37,38,45],"ascension_level":0}