{"gold_per_floor":[369,85,100,100,111,111,128,108,108,126,126,146,165,191,191,191],"floor_reached":16,"playtime":447,"items_purged":["Strike_G"],"score":208,"play_id":"ee0246e8-ff86-4581-b3b9-1f08423a1f98","local_time":"20190718180636","is_ascension_mode":true,"campfire_choices":[{"data":"Neutralize","floor":6.0,"key":"SMITH"},{"data":"Flechettes","floor":15,"key":"SMITH"}],"neow_cost":"TEN_PERCENT_HP_LOSS","seed_source_timestamp":316550482315000,"circlet_count":0,"master_deck":["AscendersBane","Strike_G","Strike_G","Strike_G","Strike_G","Defend_G","Defend_G","Defend_G","Defend_G","Defend_G","Survivor","Neutralize+1","Dash+1","Escape Plan","Tactician","Flechettes+1","Prepared"],"special_seed":0,"relics":["Ring of the Snake","Medical Kit","Juzu Bracelet","Mummified Hand"],"potions_floor_usage":[13,16],"damage_taken":[{"damage":3.0,"enemies":"2 Louse","floor":1.0,"turns":3.0},{"damage":1.0,"enemies":"Cultist","floor":3.0,"turns":4.0},{"damage":0.0,"enemies":"Jaw Worm","floor":5.0,"turns":5.0},{"damage":1.0,"enemies":"Red Slaver","floor":7.0,"turns":3.0},{"damage":0.0,"enemies":"2 Fungi Beasts","floor":10.0,"turns":3.0},{"damage":0.0,"enemies":"Blue Slaver","floor":12.0,"turns":4.0},{"damage":13,"enemies":"Exordium Thugs","floor":13,"turns":6},{"damage":32,"enemies":"3 Sentries","floor":14,"turns":13},{"damage":7,"enemies":"Slime Boss","floor":16,"turns":8}],"seed_played":"-8782702997348487596","potions_obtained":[{"floor":1.0,"key":"SkillPotion"},{"floor":5.0,"key":"Explosive Potion"},{"floor":8.0,"key":"PowerPotion"}],"is_trial":false,"path_per_floor":["M","$","M","?","M","R","M","?","T","M","?","M","M","E","R","B"],"character_chosen":"THE_SILENT","items_purchased":["Medical Kit"],"campfire_rested":0,"item_purchase_floors":[2],"current_hp_per_floor":[56,56,55,55,55,55,54,54,54,54,59,59,46,14,14,7],"gold":191,"neow_bonus":"TWO_FIFTY_GOLD","is_prod":false,"is_daily":false,"chose_seed":false,"campfire_upgraded":2,"win_rate":0,"timestamp":1563444396,"path_taken":["M","$","M","?","?","R","M","?","T","M","?","M","M","E","R","BOSS"],"build_version":"2019-07-17","purchased_purges":1,"victory":false,"max_hp_per_floor":[60,60,60,60,60,60,60,60,60,60,65,65,65,65,65,65],"card_choices":[{"not_picked":["Masterful Stab","PiercingWail"],"picked":"Dash","floor":1.0},{"not_picked":["PiercingWail","Leg Sweep","Backflip"],"picked":"SKIP","floor":3.0},{"not_picked":["PiercingWail","Footwork"],"picked":"Escape Plan","floor":5.0},{"not_picked":["Deadly Poison","Sucker Punch"],"picked":"Tactician","floor":7.0},{"not_picked":["Bouncing Flask","Dagger Throw","Distraction"],"picked":"SKIP","floor":10.0},{"not_picked":["Leg Sweep","Poisoned Stab"],"picked":"Flechettes","floor":12.0},{"not_picked":["Sucker Punch","Catalyst","Deflect"],"picked":"SKIP","floor":13},{"not_picked":["Deflect","Endless Agony"],"picked":"Prepared","floor":14}],"player_experience":658340,"relics_obtained":[{"floor":9.0,"key":"Juzu Bracelet"},{"floor":14,"key":"Mummified Hand"}],"event_choices":[{"damage_healed":0.0,"max_hp_gain":0.0,"max_hp_loss":0.0,"gold_gain":0.0,"event_name":"Upgrade Shrine","player_choice":"Upgraded","floor":4.0,"gold_loss":0.0,"damage_taken":0.0,"cards_upgraded":["Dash"]},{"damage_healed":0.0,"max_hp_gain":0.0,"max_hp_loss":0.0,"gold_gain":0.0,"event_name":"The Woman in Blue","player_choice":"Bought 1 Potion","floor":8.0,"gold_loss":0.0,"damage_taken":0.0},{"damage_healed":0.0,"max_hp_gain":5.0,"max_hp_loss":0.0,"gold_gain":0.0,"event_name":"Big Fish","player_choice":"Donut","floor":11.0,"gold_loss":0.0,"damage_taken":0.0}],"is_beta":false,"boss_relics":[],"items_purged_floors":[2],"is_endless":false,"potions_floor_spawned":[1,5,7],"killed_by":"Slime Boss","ascension_level":20}