{"gold_per_floor":[113,125,144,69,69,69,69,89,89,106,106,118,143,160,160,160],"floor_reached":16,"playtime":369,"items_purged":["Strike_B"],"score":204,"play_id":"8851a278-3cf8-46fe-84e7-aa12b054b6b4","local_time":"20190119122525","is_ascension_mode":true,"campfire_choices":[{"data":"Streamline","floor":6.0,"key":"SMITH"},{"data":"Streamline","floor":11.0,"key":"SMITH"},{"data":"Machine Learning","floor":15,"key":"SMITH"}],"neow_cost":"NONE","seed_source_timestamp":125685198386,"circlet_count":0,"master_deck":["AscendersBane","Strike_B","Strike_B","Strike_B","Defend_B","Defend_B","Defend_B","Defend_B","Zap","Dualcast","White Noise","Streamline+1","Conserve Battery","Streamline+1","Machine Learning+1"],"special_seed":0,"relics":["Philosopher\u0027s Stone","Odd Mushroom","Anchor","Bronze Scales"],"potions_floor_usage":[],"damage_taken":[{"damage":4.0,"enemies":"Cultist","floor":1.0,"turns":4.0},{"damage":5.0,"enemies":"Small Slimes","floor":2.0,"turns":3.0},{"damage":3.0,"enemies":"2 Louse","floor":3.0,"turns":2.0},{"damage":9.0,"enemies":"The Mushroom Lair","floor":8.0,"turns":5.0},{"damage":5.0,"enemies":"2 Fungi Beasts","floor":10.0,"turns":3.0},{"damage":0.0,"enemies":"Large Slime","floor":12.0,"turns":4.0},{"damage":3.0,"enemies":"Lagavulin","floor":13.0,"turns":5.0},{"damage":1,"enemies":"Exordium Thugs","floor":14,"turns":4},{"damage":27,"enemies":"Slime Boss","floor":16,"turns":5}],"seed_played":"7172525263979548156","potions_obtained":[{"floor":1.0,"key":"SpeedPotion"},{"floor":10.0,"key":"SkillPotion"},{"floor":14,"key":"SpeedPotion"}],"is_trial":false,"path_per_floor":["M","M","M","$","?","R","$","?","T","M","R","M","E","M","R","B"],"character_chosen":"DEFECT","items_purchased":[],"campfire_rested":0,"item_purchase_floors":[],"current_hp_per_floor":[60,55,52,52,52,52,52,43,43,38,38,38,35,34,34,7],"gold":160,"neow_bonus":"BOSS_RELIC","is_prod":false,"is_daily":false,"chose_seed":false,"campfire_upgraded":3,"win_rate":0,"timestamp":1547871925,"path_taken":["M","?","M","$","?","R","$","?","T","M","R","M","E","M","R","BOSS"],"build_version":"2019-01-17v2","purchased_purges":1,"victory":false,"max_hp_per_floor":[71,71,71,71,71,71,71,71,71,71,71,71,71,71,71,71],"card_choices":[{"not_picked":["Doom and Gloom","Static Discharge","Conserve Battery"],"picked":"SKIP","floor":1.0},{"not_picked":["Stack","Double Energy"],"picked":"White Noise","floor":2.0},{"not_picked":["Gash","Reinforced Body"],"picked":"Streamline","floor":3.0},{"not_picked":["Gash","Fusion"],"picked":"Conserve Battery","floor":8.0},{"not_picked":["Conserve Battery","Leap"],"picked":"Streamline","floor":10.0},{"not_picked":["Chill","Rebound"],"picked":"Machine Learning","floor":12.0},{"not_picked":["Sweeping Beam","Lockon","Rip and Tear"],"picked":"SKIP","floor":13.0},{"not_picked":["Conserve Battery","Turbo","Chill"],"picked":"SKIP","floor":14}],"player_experience":2022493,"relics_obtained":[{"floor":8.0,"key":"Odd Mushroom"},{"floor":9.0,"key":"Anchor"},{"floor":13.0,"key":"Bronze Scales"}],"event_choices":[{"damage_healed":0.0,"max_hp_gain":0.0,"max_hp_loss":0.0,"gold_gain":0.0,"event_name":"Scrap Ooze","player_choice":"Fled","floor":5.0,"gold_loss":0.0,"damage_taken":0.0},{"damage_healed":0.0,"max_hp_gain":0.0,"max_hp_loss":0.0,"gold_gain":0.0,"event_name":"Mushrooms","player_choice":"Fought Mushrooms","floor":8.0,"gold_loss":0.0,"damage_taken":0.0}],"is_beta":false,"boss_relics":[],"items_purged_floors":[4],"is_endless":false,"potions_floor_spawned":[1,10,14],"killed_by":"Slime Boss","ascension_level":20}