{"gold_per_floor":[117,17,30,30,41,41,68,68,68,68,82,82,82,92,92,166,166,179,2,2,20,39,39,68,68,94,114,114,125,142,142,142,213,213,232,232,94,94,25,25],"floor_reached":40,"playtime":1378,"items_purged":["Strike_B","Strike_B"],"score":808,"play_id":"3c3733ba-b9f5-47f1-b531-a5e7a135510b","local_time":"20190121204009","is_ascension_mode":true,"campfire_choices":[{"data":"Streamline","floor":6.0,"key":"SMITH"},{"data":"Streamline","floor":10.0,"key":"SMITH"},{"data":"Rip and Tear","floor":12.0,"key":"SMITH"},{"data":"Defragment","floor":15,"key":"SMITH"},{"floor":23,"key":"REST"},{"floor":25,"key":"REST"},{"data":"Reinforced Body","floor":28,"key":"SMITH"},{"data":"Reprogram","floor":32,"key":"SMITH"}],"neow_cost":"NONE","seed_source_timestamp":34223481943523,"circlet_count":0,"master_deck":["AscendersBane","Strike_B","Strike_B","Defend_B","Defend_B","Defend_B+1","Zap","Dualcast+1","FTL","Streamline+1","Streamline+1","Conserve Battery","Rip and Tear+1","Reprogram+1","Defragment+1","Seek","Steam","Meteor Strike","Rebound","Go for the Eyes+1","Cold Snap","Reinforced Body+1","Echo Form","Stack","Writhe","Echo Form","Ball Lightning+1","Trip","Reinforced Body","Chill"],"special_seed":0,"relics":["Eternal Feather","Shuriken","Lantern","Meat on the Bone","Orichalcum","Runic Pyramid","War Paint","Bronze Scales","The Courier","Coffee Dripper"],"potions_floor_usage":[14,16,33],"damage_taken":[{"damage":7.0,"enemies":"Cultist","floor":1.0,"turns":4.0},{"damage":6.0,"enemies":"2 Louse","floor":3.0,"turns":2.0},{"damage":7.0,"enemies":"Jaw Worm","floor":5.0,"turns":3.0},{"damage":25.0,"enemies":"3 Sentries","floor":7.0,"turns":7.0},{"damage":4.0,"enemies":"Exordium Wildlife","floor":11.0,"turns":3.0},{"damage":6,"enemies":"Exordium Thugs","floor":14,"turns":3},{"damage":42,"enemies":"The Guardian","floor":16,"turns":9},{"damage":32,"enemies":"Shell Parasite","floor":18,"turns":5},{"damage":23,"enemies":"3 Byrds","floor":21,"turns":6},{"damage":24,"enemies":"Snecko","floor":22,"turns":5},{"damage":39,"enemies":"Gremlin Leader","floor":24,"turns":8},{"damage":7,"enemies":"Cultist and Chosen","floor":27,"turns":6},{"damage":3,"enemies":"Chosen and Byrds","floor":29,"turns":4},{"damage":2,"enemies":"Snake Plant","floor":30,"turns":5},{"damage":25,"enemies":"Collector","floor":33,"turns":10},{"damage":38,"enemies":"3 Darklings","floor":35,"turns":8},{"damage":70,"enemies":"Reptomancer","floor":40,"turns":4}],"seed_played":"-1828365501412282163","potions_obtained":[{"floor":5.0,"key":"SteroidPotion"},{"floor":14,"key":"Explosive Potion"},{"floor":24,"key":"Swift Potion"},{"floor":33,"key":"FearPotion"}],"is_trial":false,"path_per_floor":["M","$","M","$","M","R","E","?","T","R","M","R","T","M","R","B",null,"M","$","?","M","M","R","E","R","T","M","R","M","M","?","R","B",null,"M","?","$","?","$","E"],"character_chosen":"DEFECT","items_purchased":["Streamline","Meteor Strike","Trip","Reinforced Body","Chill"],"campfire_rested":2,"item_purchase_floors":[2,19,37,37,39],"current_hp_per_floor":[57,57,51,51,44,50,25,25,25,34,42,51,51,45,54,24,59,39,39,39,28,16,49,22,55,55,48,60,57,55,55,70,45,65,39,39,39,39,39,0],"gold":25,"neow_bonus":"BOSS_RELIC","is_prod":false,"is_daily":false,"chose_seed":false,"campfire_upgraded":6,"win_rate":0,"timestamp":1548074409,"path_taken":["M","$","M","?","M","R","E","?","T","R","M","R","?","M","R","BOSS","M","$","?","?","?","R","E","R","T","M","R","M","M","?","R","BOSS","M","?","$","?","$","E"],"build_version":"2019-01-17v2","purchased_purges":2,"victory":false,"max_hp_per_floor":[71,71,71,71,71,71,71,71,71,71,71,71,71,71,71,71,71,71,71,71,71,71,71,71,71,71,71,71,71,71,71,71,71,71,71,71,71,71,71,71],"card_choices":[{"not_picked":["Rebound","Turbo"],"picked":"FTL","floor":1.0},{"not_picked":["Go for the Eyes","Fusion"],"picked":"Streamline","floor":3.0},{"not_picked":["Go for the Eyes","Leap"],"picked":"Conserve Battery","floor":5.0},{"not_picked":["Barrage","Turbo"],"picked":"Rip and Tear","floor":7.0},{"not_picked":["Consume","Hello World"],"picked":"Reprogram","floor":11.0},{"not_picked":["Streamline","Doom and Gloom"],"picked":"Defragment","floor":14},{"not_picked":["Hyperbeam","Rainbow"],"picked":"Seek","floor":16},{"not_picked":["Redo","Tempest"],"picked":"Steam","floor":18},{"not_picked":["Undo","Compile Driver"],"picked":"Rebound","floor":21},{"not_picked":["Doom and Gloom","Fusion"],"picked":"Go for the Eyes+1","floor":22},{"not_picked":["Reprogram","Tempest"],"picked":"Cold Snap","floor":24},{"not_picked":["Ball Lightning","Force Field"],"picked":"Reinforced Body","floor":27},{"not_picked":["Ball Lightning","Rip and Tear"],"picked":"Echo Form","floor":29},{"not_picked":["Beam Cell","Cold Snap"],"picked":"Stack","floor":30},{"not_picked":["Machine Learning","Seek"],"picked":"Echo Form","floor":33},{"not_picked":["Blizzard","BootSequence"],"picked":"Ball Lightning+1","floor":35}],"player_experience":2112123,"relics_obtained":[{"floor":7.0,"key":"Shuriken"},{"floor":9.0,"key":"Meat on the Bone"},{"floor":13.0,"key":"Orichalcum"},{"floor":24,"key":"War Paint"},{"floor":26,"key":"Bronze Scales"}],"event_choices":[{"damage_healed":0.0,"max_hp_gain":0.0,"max_hp_loss":0.0,"gold_gain":0.0,"event_name":"Dead Adventurer","player_choice":"Searched \u00271\u0027 times","floor":8.0,"gold_loss":0.0,"damage_taken":0.0,"relics_obtained":["Lantern"]},{"damage_healed":0,"gold_gain":0,"player_choice":"Forge","damage_taken":0,"max_hp_gain":0,"max_hp_loss":0,"event_name":"Accursed Blacksmith","floor":20,"gold_loss":0,"cards_upgraded":["Dualcast"]},{"damage_healed":0,"gold_gain":0,"player_choice":"Opened","damage_taken":0,"relics_obtained":["The Courier"],"max_hp_gain":0,"max_hp_loss":0,"event_name":"The Mausoleum","floor":31,"gold_loss":0,"cards_obtained":["Writhe"]},{"cards_removed":["Defend_B"],"damage_healed":0,"gold_gain":0,"player_choice":"Removed Skill","damage_taken":0,"max_hp_gain":0,"max_hp_loss":0,"event_name":"Falling","floor":36,"gold_loss":0},{"damage_healed":0,"gold_gain":0,"player_choice":"Ignored","damage_taken":0,"max_hp_gain":0,"max_hp_loss":0,"event_name":"Tomb of Lord Red Mask","floor":38,"gold_loss":0}],"is_beta":false,"boss_relics":[{"not_picked":["Astrolabe","Inserter"],"picked":"Runic Pyramid"},{"not_picked":["Tiny House","Nuclear Battery"],"picked":"Coffee Dripper"}],"items_purged_floors":[2,19],"is_endless":false,"potions_floor_spawned":[5,14,24,33],"killed_by":"Reptomancer","ascension_level":20}