{"gold_per_floor":[113,130,205,205,205,205,205,205,205,94,112,126,26,41,41,170,170,190,65,90,15,29,29,65,65,91,37,57,81,81,137,137,137],"floor_reached":33,"playtime":825,"items_purged":["Strike_B","Defend_B","Strike_B"],"score":423,"play_id":"99458778-9b5c-4c51-ae62-6b247ef5f124","local_time":"20181009171113","is_ascension_mode":true,"campfire_choices":[{"data":"Zap","floor":6,"key":"SMITH"},{"data":"Barrage","floor":8,"key":"SMITH"},{"data":"Defragment","floor":15,"key":"SMITH"},{"data":"Streamline","floor":23,"key":"SMITH"},{"floor":25,"key":"REST"},{"data":"Defragment","floor":32,"key":"SMITH"}],"neow_cost":"NONE","seed_source_timestamp":0,"circlet_count":0,"master_deck":["Defend_B","Defend_B","Zap+1","Dualcast","AscendersBane","Barrage+1","Ball Lightning","Defragment+1","Conserve Battery","Self Repair","Reboot","Storm+1","Streamline+1","Glacier+1","Hologram","Ball Lightning+1","Defragment+1"],"special_seed":0,"relics":["Cracked Core","Regal Pillow","Bloody Idol","Mummified Hand","Sozu","Ornamental Fan","Boot","Potion Belt","Tiny Chest"],"potions_floor_usage":[16,16],"damage_taken":[{"damage":4,"enemies":"Small Slimes","floor":1,"turns":4},{"damage":1,"enemies":"Jaw Worm","floor":2,"turns":4},{"damage":5,"enemies":"2 Louse","floor":11,"turns":2},{"damage":7,"enemies":"2 Fungi Beasts","floor":12,"turns":3},{"damage":15,"enemies":"Lots of Slimes","floor":14,"turns":3},{"damage":3,"enemies":"The Guardian","floor":16,"turns":6},{"damage":19,"enemies":"3 Byrds","floor":18,"turns":5},{"damage":0,"enemies":"Spheric Guardian","floor":20,"turns":3},{"damage":12,"enemies":"Cultist and Chosen","floor":22,"turns":4},{"damage":42,"enemies":"Slavers","floor":24,"turns":4},{"damage":11,"enemies":"3 Cultists","floor":28,"turns":4},{"damage":34,"enemies":"Book of Stabbing","floor":31,"turns":5},{"damage":36,"enemies":"Champ","floor":33,"turns":6}],"seed_played":"-135822007089969555","potions_obtained":[{"floor":11,"key":"FocusPotion"},{"floor":12,"key":"Dexterity Potion"}],"is_trial":false,"path_per_floor":["M","M","?","?","?","R","?","R","T","$","M","M","$","M","R","B",null,"M","$","M","?","M","R","E","R","T","$","M","T","?","E","R"],"character_chosen":"DEFECT","items_purchased":["Defragment","Hologram"],"campfire_rested":1,"item_purchase_floors":[10,27],"current_hp_per_floor":[64,63,52,52,45,45,45,45,45,45,40,33,33,18,18,22,57,45,45,52,52,47,47,12,47,47,47,43,43,43,26,26,0],"gold":137,"neow_bonus":"RANDOM_COMMON_RELIC","is_prod":false,"is_daily":false,"chose_seed":false,"campfire_upgraded":5,"win_rate":0,"timestamp":1539076273,"path_taken":["M","M","?","?","?","R","?","R","T","$","M","M","$","?","R","BOSS","M","$","M","?","M","R","E","R","T","?","?","?","?","E","R","BOSS"],"build_version":"2018-10-04v2","purchased_purges":3,"victory":false,"max_hp_per_floor":[75,75,75,69,69,69,69,69,69,69,69,69,69,69,69,69,69,69,69,69,69,69,69,69,69,69,69,69,69,69,69,69,69],"card_choices":[{"not_picked":["Cold Snap","Streamline"],"picked":"Barrage","floor":1},{"not_picked":["Steam","Undo","Aggregate"],"picked":"SKIP","floor":2},{"not_picked":["Gash","Sweeping Beam","Hologram"],"picked":"SKIP","floor":11},{"not_picked":["Hologram","Steam"],"picked":"Conserve Battery","floor":12},{"not_picked":["Stack","Coolheaded"],"picked":"Self Repair","floor":14},{"not_picked":["Rainbow","Meteor Strike"],"picked":"Reboot","floor":16},{"not_picked":["Conserve Battery","Scrape"],"picked":"Storm+1","floor":18},{"not_picked":["Hologram","Beam Cell","Reinforced Body"],"picked":"SKIP","floor":20},{"not_picked":["Fusion+1","Double Energy"],"picked":"Streamline","floor":22},{"not_picked":["Hologram","Compile Driver"],"picked":"Glacier+1","floor":24},{"not_picked":["Sweeping Beam","Coolheaded+1"],"picked":"Ball Lightning+1","floor":28},{"not_picked":["Ball Lightning","BootSequence+1"],"picked":"Defragment","floor":31}],"player_experience":255734,"relics_obtained":[{"floor":9,"key":"Mummified Hand"},{"floor":24,"key":"Ornamental Fan"},{"floor":26,"key":"Boot"},{"floor":29,"key":"Potion Belt"},{"floor":31,"key":"Tiny Chest"}],"event_choices":[{"event_name":"World of Goop","player_choice":"Gather Gold","floor":3,"damage_taken":0},{"event_name":"Golden Idol","player_choice":"Lose Max HP","floor":4,"damage_taken":0},{"event_name":"Golden Wing","player_choice":"Card Removal","floor":5,"damage_taken":0},{"event_name":"Living Wall","player_choice":"Change","floor":7,"damage_taken":0},{"event_name":"Beggar","player_choice":"Gave Gold","floor":21,"damage_taken":0},{"event_name":"Forgotten Altar","player_choice":"Gave Idol","floor":30,"damage_taken":0}],"is_beta":false,"boss_relics":[{"not_picked":["Busted Crown","Orrery"],"picked":"Sozu"}],"items_purged_floors":[10,13,19],"is_endless":false,"potions_floor_spawned":[11,12,24],"killed_by":"Champ","ascension_level":11}