{"path_per_floor":["M","?","M","M","?","E","M","E","T","M","$","M","?","T","R","B",null,"M","M","?","$","M","R","E","?","T","M","M","R","?","$","R"],"character_chosen":"DEFECT","items_purchased":["Singing Bowl","Bag of Preparation","Hello World+1","Regal Pillow"],"gold_per_floor":[114,114,129,144,144,174,189,219,244,259,34,49,49,49,49,149,149,164,179,179,29,44,44,74,74,149,164,179,179,179,31,31,31],"floor_reached":33,"campfire_rested":1,"playtime":1197,"item_purchase_floors":[11,21,31,31],"current_hp_per_floor":[70,70,70,69,69,49,44,21,21,21,21,23,23,23,23,5,68,69,47,47,47,19,19,10,32,32,29,28,47,31,31,31,0],"items_purged":["Nova"],"gold":31,"score":277,"play_id":"960de95a-844c-414d-9dbe-c9c31d453ebe","local_time":"20180520121138","daily_mods":["Specialized","Binary","Terminal"],"is_prod":false,"is_daily":true,"chose_seed":false,"is_ascension_mode":false,"campfire_upgraded":3,"timestamp":1526789498,"campfire_choices":[{"data":"Static Discharge","floor":15,"key":"SMITH"},{"data":"Dualcast","floor":23,"key":"SMITH"},{"floor":29,"key":"REST"},{"data":"Ball Lightning","floor":32,"key":"SMITH"}],"path_taken":["M","?","?","M","?","E","M","E","T","M","$","M","?","?","R","BOSS","M","M","?","$","M","R","E","?","T","?","?","R","?","$","R","BOSS"],"build_version":"2018-05-18","seed_source_timestamp":0,"purchased_purges":1,"victory":false,"master_deck":["Strike_B","Defend_B","Defend_B","Defend_B","Zap+1","Dualcast+1","Nova","Nova","Nova","Sweeping Beam","Ball Lightning+1","Undo","Static Discharge+1","Reprogram+1","Multi-Cast+1","Force Field+1","Machine Learning+1","White Noise+1","Hello World+1"],"max_hp_per_floor":[73,72,71,70,69,75,74,73,72,71,70,71,70,69,68,69,68,69,70,69,68,69,68,67,66,65,64,65,64,63,62,61,61],"relics":["Cracked Core","Strawberry","Gremlin Horn","Anchor","Singing Bowl","Frozen Egg 2","Astrolabe","Bag of Preparation","Question Card","The Courier","Enchiridion","Regal Pillow"],"card_choices":[{"not_picked":["Barrage"],"picked":"Sweeping Beam","floor":1},{"not_picked":["Go for the Eyes"],"picked":"Ball Lightning","floor":3},{"not_picked":["Coolheaded","Skim"],"picked":"SKIP","floor":4},{"not_picked":["Blizzard"],"picked":"Static Discharge","floor":6},{"not_picked":["Barrage","Nova"],"picked":"SKIP","floor":7},{"not_picked":["Turbo","Steam"],"picked":"SKIP","floor":8},{"not_picked":["Ball Lightning","Tempest"],"picked":"SKIP","floor":10},{"not_picked":["Stack","Coolheaded"],"picked":"Singing Bowl","floor":12},{"not_picked":["Multi-Cast","Fission"],"picked":"Singing Bowl","floor":16},{"not_picked":["BootSequence+1","Barrage+1"],"picked":"Singing Bowl","floor":18},{"not_picked":["Cold Snap","Recycle"],"picked":"Singing Bowl","floor":19},{"not_picked":["Streamline","Stack"],"picked":"Singing Bowl","floor":22},{"not_picked":["Turbo"],"picked":"Machine Learning+1","floor":24},{"not_picked":["Reprogram","Heatsinks+1"],"picked":"White Noise+1","floor":27},{"not_picked":["Scrape","Rip and Tear","Steam"],"picked":"Singing Bowl","floor":28}],"player_experience":482832,"potions_floor_usage":[6,16,18,24,33,33],"damage_taken":[{"damage":4,"enemies":"Jaw Worm","floor":1,"turns":4},{"damage":0,"enemies":"Cultist","floor":3,"turns":4},{"damage":1,"enemies":"2 Louse","floor":4,"turns":2},{"damage":27,"enemies":"Lagavulin","floor":6,"turns":6},{"damage":5,"enemies":"Gremlin Gang","floor":7,"turns":4},{"damage":23,"enemies":"Gremlin Nob","floor":8,"turns":4},{"damage":0,"enemies":"Looter","floor":10,"turns":3},{"damage":0,"enemies":"2 Fungi Beasts","floor":12,"turns":3},{"damage":20,"enemies":"Hexaghost","floor":16,"turns":8},{"damage":0,"enemies":"Chosen","floor":18,"turns":4},{"damage":24,"enemies":"2 Thieves","floor":19,"turns":4},{"damage":30,"enemies":"Centurion and Healer","floor":22,"turns":6},{"damage":9,"enemies":"Book of Stabbing","floor":24,"turns":5},{"damage":3,"enemies":"Snake Plant","floor":27,"turns":5},{"damage":3,"enemies":"Slaver and Parasite","floor":28,"turns":4},{"damage":35,"enemies":"Champ","floor":33,"turns":10}],"relics_obtained":[{"floor":6,"key":"Strawberry"},{"floor":8,"key":"Gremlin Horn"},{"floor":9,"key":"Anchor"},{"floor":14,"key":"Frozen Egg 2"},{"floor":24,"key":"Question Card"},{"floor":26,"key":"The Courier"},{"floor":30,"key":"Enchiridion"}],"event_choices":[{"event_name":"Upgrade Shrine","player_choice":"Upgraded","floor":2,"damage_taken":0},{"event_name":"Living Wall","player_choice":"Change","floor":5,"damage_taken":0},{"event_name":"Purifier","player_choice":"One Purge","floor":13,"damage_taken":0},{"event_name":"Drug Dealer","player_choice":"Ignored","floor":20,"damage_taken":0},{"event_name":"The Library","player_choice":"Heal","floor":25,"damage_taken":0},{"event_name":"Cursed Tome","player_choice":"Obtained Book","floor":30,"damage_taken":0}],"boss_relics":[{"not_picked":["Black Star","Snecko Eye"],"picked":"Astrolabe"}],"items_purged_floors":[11],"potions_floor_spawned":[1,4,8,12,18,24,27],"seed_played":"5982385652797705941","killed_by":"Champ","ascension_level":0,"potions_obtained":[{"floor":1,"key":"Swift Potion"},{"floor":4,"key":"Explosive Potion"},{"floor":8,"key":"Poison Potion"},{"floor":12,"key":"Energy Potion"},{"floor":18,"key":"Fire Potion"},{"floor":24,"key":"SmokeBomb"},{"floor":27,"key":"Energy Potion"}],"is_trial":false}