{"gold_per_floor":[219,219,219,50,69,69,102,167,215,215,242,257,287,362,362,436,436,453,472,472,472,214,247,247,260,285,285,285,296,296,316,316,393,393,407,407,419,419,1418,1418,1450,1450,1450,1450,1465,1498,1498,475,475,475,475,475,475,14,48,48],"floor_reached":57,"playtime":3454,"items_purged":["Defend_B","Defend_B","Defend_B","Defend_B"],"score":3284,"play_id":"a4fa411b-73e9-4a49-b7b5-4129429c322c","local_time":"20190502124847","is_ascension_mode":true,"campfire_choices":[{"data":"Darkness","floor":6.0,"key":"SMITH"},{"data":"Dualcast","floor":10.0,"key":"SMITH"},{"data":"Zap","floor":15.0,"key":"SMITH"},{"data":"Loop","floor":24.0,"key":"SMITH"},{"data":"Heatsinks","floor":28.0,"key":"SMITH"},{"data":"Hologram","floor":30.0,"key":"SMITH"},{"data":"Capacitor","floor":32.0,"key":"SMITH"},{"data":"Coolheaded","floor":40.0,"key":"SMITH"},{"data":"Biased Cognition","floor":42.0,"key":"SMITH"},{"data":"Coolheaded","floor":44.0,"key":"SMITH"},{"floor":49,"key":"RECALL"},{"data":"Discovery","floor":53,"key":"SMITH"}],"neow_cost":"NONE","seed_source_timestamp":0,"circlet_count":0,"master_deck":["AscendersBane","Zap+1","Dualcast+1","Chill","All For One+1","FTL","Turbo+1","Darkness+1","Cold Snap+1","Capacitor","Chill","Echo Form","Electrodynamics","Compile Driver","BootSequence","Hologram+1","Coolheaded+1","Heatsinks+1","Loop+1","Coolheaded+1","Multi-Cast","Static Discharge","Glacier+1","Meteor Strike","Capacitor+1","Biased Cognition+1","Turbo+1","Impatience","Secret Technique","Dark Shackles","Discovery+1","Defragment","Discovery"],"special_seed":0,"relics":["Cracked Core","Cables","Darkstone Periapt","Oddly Smooth Stone","Omamori","Bottled Flame","Ginger","Orrery","Anchor","Bag of Marbles","Whetstone","Sozu","DataDisk","Regal Pillow","Dream Catcher","Calipers","Lantern","TheAbacus","OrangePellets","Shuriken"],"potions_floor_usage":[56,56],"damage_taken":[{"damage":1.0,"enemies":"Cultist","floor":1.0,"turns":4.0},{"damage":0.0,"enemies":"2 Louse","floor":5.0,"turns":2.0},{"damage":14.0,"enemies":"Lagavulin","floor":7.0,"turns":6.0},{"damage":12.0,"enemies":"Gremlin Nob","floor":8.0,"turns":3.0},{"damage":0.0,"enemies":"3 Sentries","floor":11.0,"turns":5.0},{"damage":0.0,"enemies":"Small Slimes","floor":12.0,"turns":2.0},{"damage":24.0,"enemies":"Gremlin Nob","floor":13.0,"turns":4.0},{"damage":0.0,"enemies":"Hexaghost","floor":16.0,"turns":7.0},{"damage":0.0,"enemies":"Spheric Guardian","floor":18.0,"turns":3.0},{"damage":7.0,"enemies":"3 Byrds","floor":19.0,"turns":3.0},{"damage":4.0,"enemies":"Slavers","floor":23.0,"turns":5.0},{"damage":0.0,"enemies":"Centurion and Healer","floor":25.0,"turns":4.0},{"damage":0.0,"enemies":"Snecko","floor":29.0,"turns":7.0},{"damage":0.0,"enemies":"3 Cultists","floor":31.0,"turns":2.0},{"damage":11.0,"enemies":"Collector","floor":33.0,"turns":11.0},{"damage":0.0,"enemies":"3 Darklings","floor":35.0,"turns":3.0},{"damage":0.0,"enemies":"Orb Walker","floor":37.0,"turns":3.0},{"damage":0.0,"enemies":"Nemesis","floor":41.0,"turns":7.0},{"damage":0.0,"enemies":"Jaw Worm Horde","floor":45.0,"turns":4.0},{"damage":0,"enemies":"Reptomancer","floor":46,"turns":5},{"damage":0,"enemies":"Donu and Deca","floor":50,"turns":5},{"damage":0,"enemies":"Awakened One","floor":51,"turns":12},{"damage":8,"enemies":"Shield and Spear","floor":55,"turns":5},{"damage":20,"enemies":"The Heart","floor":56,"turns":8}],"seed_played":"1481188538901171984","potions_obtained":[{"floor":1.0,"key":"AttackPotion"},{"floor":7.0,"key":"Swift Potion"},{"floor":11.0,"key":"Poison Potion"},{"floor":13.0,"key":"LiquidBronze"},{"floor":19.0,"key":"FearPotion"},{"floor":29.0,"key":"Ancient Potion"},{"floor":33.0,"key":"Block Potion"}],"is_trial":false,"path_per_floor":["M","T","?","$","M","R","E","?","T","R","E","M","E","?","R","B",null,"M","M","?","?","$","E","R","M","T","?","R","M","R","M","R","B",null,"M","?","M","?","?","R","E","R","T","R","M","E","?","$","R","B","B",null,"R","$","E","B",null],"character_chosen":"DEFECT","items_purchased":["FTL","Turbo","Anchor","Calipers","Lantern","TheAbacus","Discovery","Defragment","OrangePellets","Discovery"],"campfire_rested":0,"item_purchase_floors":[4,4,22,48,48,48,48,48,54,54],"current_hp_per_floor":[63,63,63,63,63,63,49,37,37,37,37,37,13,2,2,2,54,54,47,47,47,47,43,43,43,43,43,43,43,43,43,43,32,61,61,61,61,51,51,51,51,51,51,51,51,51,51,51,51,51,51,66,66,66,58,38],"gold":48,"neow_bonus":"HUNDRED_GOLD","is_prod":false,"is_daily":false,"chose_seed":false,"campfire_upgraded":11,"win_rate":0,"timestamp":1556772527,"path_taken":["M","?","?","$","M","R","E","?","T","R","E","M","E","?","R","BOSS","M","M","?","?","$","E","R","?","T","?","R","M","R","?","R","BOSS","M","?","?","?","?","R","E","R","T","R","M","E","?","$","R","BOSS","BOSS","R","$","E","BOSS"],"build_version":"2019-01-23","purchased_purges":4,"victory":true,"max_hp_per_floor":[71,71,71,71,71,71,71,71,71,71,71,71,71,71,71,71,71,71,71,71,71,71,71,71,71,71,71,71,71,71,71,71,71,71,71,71,71,71,71,71,71,71,71,71,71,71,71,71,71,71,71,71,71,71,71,71],"card_choices":[{"not_picked":["Stack","Loop"],"picked":"Chill","floor":1.0},{"not_picked":["Beam Cell","Compile Driver"],"picked":"Darkness","floor":5.0},{"not_picked":["Ball Lightning","Barrage"],"picked":"Cold Snap","floor":7.0},{"not_picked":["Chaos","Barrage"],"picked":"Capacitor","floor":11.0},{"not_picked":["Doom and Gloom","Blizzard"],"picked":"Chill","floor":12.0},{"not_picked":["Steam","Steam Power"],"picked":"Echo Form","floor":13.0},{"not_picked":["Amplify","All For One"],"picked":"Electrodynamics","floor":16.0},{"not_picked":["Go for the Eyes","Reprogram"],"picked":"Compile Driver","floor":17.0},{"not_picked":["Reprogram","Static Discharge"],"picked":"BootSequence","floor":17.0},{"not_picked":["BootSequence","Turbo"],"picked":"Hologram","floor":17.0},{"not_picked":["Beam Cell","Self Repair"],"picked":"Coolheaded","floor":17.0},{"not_picked":["Turbo","Rebound"],"picked":"Heatsinks","floor":17.0},{"not_picked":["Rebound","Auto Shields"],"picked":"Loop","floor":18.0},{"not_picked":["Steam Power","Redo"],"picked":"Coolheaded","floor":19.0},{"not_picked":["Streamline","Barrage","Leap"],"picked":"SKIP","floor":23.0},{"not_picked":["Beam Cell","Force Field"],"picked":"Glacier+1","floor":25.0},{"not_picked":["Conserve Battery","Tempest"],"picked":"Meteor Strike","floor":29.0},{"not_picked":["Leap","Turbo"],"picked":"Capacitor","floor":31.0},{"not_picked":["Echo Form","Seek"],"picked":"Biased Cognition","floor":33.0},{"not_picked":["Rebound","Stack"],"picked":"Turbo+1","floor":35.0},{"not_picked":["Barrage","Melter","Conserve Battery"],"picked":"SKIP","floor":37.0},{"not_picked":["Trip","PanicButton"],"picked":"Impatience","floor":38.0},{"not_picked":["Jack Of All Trades","PanicButton"],"picked":"Secret Technique","floor":38.0},{"not_picked":["Trip","PanicButton"],"picked":"Dark Shackles","floor":38.0},{"not_picked":["Steam","Stack+1","Go for the Eyes"],"picked":"SKIP","floor":41.0},{"not_picked":["Fusion+1","Gash+1","Scrape"],"picked":"SKIP","floor":45.0},{"not_picked":["Darkness","Static Discharge","Cold Snap"],"picked":"SKIP","floor":46},{"not_picked":["Sweeping Beam","Cold Snap+1","Rip and Tear"],"picked":"SKIP","floor":55}],"player_experience":4562726,"relics_obtained":[{"floor":2.0,"key":"Cables"},{"floor":7.0,"key":"Darkstone Periapt"},{"floor":9.0,"key":"Omamori"},{"floor":11.0,"key":"Bottled Flame"},{"floor":13.0,"key":"Ginger"},{"floor":23.0,"key":"Bag of Marbles"},{"floor":26.0,"key":"Whetstone"},{"floor":41.0,"key":"DataDisk"},{"floor":46,"key":"Regal Pillow"},{"floor":47,"key":"Dream Catcher"},{"floor":55,"key":"Shuriken"}],"event_choices":[{"damage_healed":0.0,"max_hp_gain":0.0,"max_hp_loss":0.0,"gold_gain":0.0,"cards_transformed":["Strike_B"],"event_name":"Living Wall","player_choice":"Change","floor":3.0,"gold_loss":0.0,"damage_taken":0.0,"cards_obtained":["All For One"]},{"damage_healed":0.0,"max_hp_gain":0.0,"max_hp_loss":0.0,"gold_gain":0.0,"event_name":"Dead Adventurer","player_choice":"Searched \u00273\u0027 times","floor":8.0,"gold_loss":0.0,"damage_taken":0.0,"relics_obtained":["Oddly Smooth Stone"]},{"damage_healed":0.0,"max_hp_gain":0.0,"max_hp_loss":0.0,"gold_gain":75.0,"event_name":"World of Goop","player_choice":"Gather Gold","floor":14.0,"gold_loss":0.0,"damage_taken":11.0},{"damage_healed":0.0,"max_hp_gain":0.0,"max_hp_loss":0.0,"gold_gain":0.0,"cards_transformed":["Strike_B","Strike_B"],"event_name":"Drug Dealer","player_choice":"Became Test Subject","floor":20.0,"gold_loss":0.0,"damage_taken":0.0,"cards_obtained":["Multi-Cast","Static Discharge"]},{"cards_removed":["Strike_B"],"damage_healed":0.0,"max_hp_gain":0.0,"max_hp_loss":0.0,"gold_gain":0.0,"event_name":"Bonfire Elementals","player_choice":"Offered Basic","floor":21.0,"gold_loss":0.0,"damage_taken":0.0},{"damage_healed":0.0,"max_hp_gain":0.0,"max_hp_loss":0.0,"gold_gain":0.0,"event_name":"Upgrade Shrine","player_choice":"Upgraded","floor":27.0,"gold_loss":0.0,"damage_taken":0.0,"cards_upgraded":["Turbo"]},{"damage_healed":0.0,"max_hp_gain":0.0,"max_hp_loss":0.0,"gold_gain":0.0,"event_name":"Lab","player_choice":"Got Potions","floor":36.0,"gold_loss":0.0,"damage_taken":0.0},{"damage_healed":0.0,"max_hp_gain":0.0,"max_hp_loss":0.0,"gold_gain":0.0,"event_name":"SensoryStone","player_choice":"Memory 3","floor":38.0,"gold_loss":0.0,"damage_taken":10.0},{"damage_healed":0.0,"max_hp_gain":0.0,"max_hp_loss":0.0,"gold_gain":999.0,"event_name":"MindBloom","player_choice":"Gold","floor":39.0,"gold_loss":0.0,"damage_taken":0.0,"cards_obtained":["Normality","Normality"]},{"damage_healed":0,"gold_gain":0,"player_choice":"Relic","damage_taken":0,"max_hp_gain":0,"max_hp_loss":0,"event_name":"Wheel of Change","floor":47,"gold_loss":0}],"is_beta":false,"boss_relics":[{"not_picked":["Velvet Choker","Busted Crown"],"picked":"Orrery"},{"not_picked":["FrozenCore","Snecko Eye"],"picked":"Sozu"}],"items_purged_floors":[4,22,48,54],"is_endless":false,"potions_floor_spawned":[1,7,11,13,19,29,31,33,35,37,41,55],"ascension_level":20}