{"gold_per_floor":[119,119,44,57,157,184,184,202,202,232,232,248,248,262,262,262],"floor_reached":16,"playtime":368,"items_purged":[],"score":270,"play_id":"4b3fb710-52f8-4753-8359-0d2804d4f439","local_time":"20190121164345","is_ascension_mode":true,"campfire_choices":[{"data":"Neutralize","floor":7,"key":"SMITH"},{"data":"Deadly Poison","floor":13,"key":"SMITH"},{"floor":15,"key":"DIG"}],"neow_cost":"NONE","seed_source_timestamp":21084490002559,"circlet_count":0,"master_deck":["AscendersBane","Defend_G","Defend_G","Defend_G","Defend_G","Strike_G","Strike_G","Strike_G","Survivor","Neutralize+1","Masterful Stab","Deadly Poison+1","Leg Sweep"],"special_seed":0,"relics":["Ring of the Snake","NeowsBlessing","WingedGreaves","Du-Vu Doll","Shovel","Ornamental Fan"],"potions_floor_usage":[10],"damage_taken":[{"damage":0.0,"enemies":"Small Slimes","floor":1.0,"turns":1.0},{"damage":0,"enemies":"2 Louse","floor":4,"turns":1},{"damage":0,"enemies":"Gremlin Nob","floor":6,"turns":1},{"damage":0,"enemies":"Jaw Worm","floor":8,"turns":4},{"damage":22,"enemies":"3 Sentries","floor":10,"turns":12},{"damage":1,"enemies":"2 Fungi Beasts","floor":12,"turns":4},{"damage":12,"enemies":"Gremlin Gang","floor":14,"turns":4},{"damage":0,"enemies":"The Guardian","floor":16,"turns":1}],"seed_played":"-2881169352785811401","potions_obtained":[{"floor":4,"key":"Swift Potion"},{"floor":12,"key":"Regen Potion"},{"floor":14,"key":"AttackPotion"}],"is_trial":false,"path_per_floor":["M","?","?","M","?","E","R","M","T","E","?","M","R","M","R","B"],"character_chosen":"THE_SILENT","items_purchased":[],"campfire_rested":0,"item_purchase_floors":[],"current_hp_per_floor":[59,59,59,59,59,59,59,59,59,37,37,36,36,24,24,24],"gold":262,"neow_bonus":"THREE_ENEMY_KILL","is_prod":false,"is_daily":false,"chose_seed":false,"campfire_upgraded":2,"win_rate":0,"timestamp":1548060225,"path_taken":["M","?","?","?","?","E","R","?","T","E","?","?","R","M","R","BOSS"],"build_version":"2019-01-17v2","purchased_purges":0,"victory":false,"max_hp_per_floor":[66,66,66,66,66,66,66,66,66,66,66,66,66,66,66,66],"card_choices":[{"not_picked":["Slice","Setup","Underhanded Strike"],"picked":"SKIP","floor":1.0},{"not_picked":["Underhanded Strike","Outmaneuver"],"picked":"Masterful Stab","floor":4},{"not_picked":["Underhanded Strike","Endless Agony","Dagger Spray"],"picked":"SKIP","floor":6},{"not_picked":["Underhanded Strike","Prepared"],"picked":"Deadly Poison","floor":8},{"not_picked":["Heel Hook","Skewer"],"picked":"Leg Sweep","floor":10},{"not_picked":["Slice","Flying Knee","Cloak And Dagger"],"picked":"SKIP","floor":12},{"not_picked":["Distraction","Heel Hook","Dodge and Roll"],"picked":"SKIP","floor":14}],"player_experience":2106449,"relics_obtained":[{"floor":6,"key":"WingedGreaves"},{"floor":9,"key":"Du-Vu Doll"},{"floor":10,"key":"Shovel"},{"floor":15,"key":"Ornamental Fan"}],"event_choices":[{"cards_removed":["Strike_G"],"damage_healed":0,"gold_gain":0,"player_choice":"Forget","damage_taken":0,"max_hp_gain":0,"max_hp_loss":0,"event_name":"Living Wall","floor":2,"gold_loss":0},{"cards_removed":["Defend_G"],"damage_healed":0,"gold_gain":0,"player_choice":"Card Removal","damage_taken":0,"max_hp_gain":0,"max_hp_loss":0,"event_name":"The Cleric","floor":3,"gold_loss":75},{"damage_healed":0,"gold_gain":100,"player_choice":"Gold","damage_taken":0,"max_hp_gain":0,"max_hp_loss":0,"event_name":"Wheel of Change","floor":5,"gold_loss":0},{"cards_removed":["Strike_G"],"damage_healed":0,"gold_gain":0,"player_choice":"Offered Basic","damage_taken":0,"max_hp_gain":0,"max_hp_loss":0,"event_name":"Bonfire Elementals","floor":11,"gold_loss":0}],"is_beta":false,"boss_relics":[],"items_purged_floors":[],"is_endless":false,"potions_floor_spawned":[4,12,14],"killed_by":"The Guardian","ascension_level":20}