{"gold_per_floor":[110,110,110,11,11,11,38,38,65,65,75,75,100,118,118,191,191,207,132,132,145,194,194,208,226,279,61,61,79,79,129,129,207,207,225,225,240,240,165,165,175,204,204,204,204,204,204,20,20,20,20,20,20,20,47,47],"floor_reached":57,"playtime":2499,"items_purged":["Strike_B","Defend_B"],"score":2764,"play_id":"9773025e-67be-4d26-b502-ea4a3e558f0c","local_time":"20190223125707","is_ascension_mode":true,"campfire_choices":[{"data":"Defragment","floor":6.0,"key":"SMITH"},{"data":"Darkness","floor":8.0,"key":"SMITH"},{"data":"Dualcast","floor":10.0,"key":"SMITH"},{"data":"Loop","floor":15.0,"key":"SMITH"},{"data":"Biased Cognition","floor":23.0,"key":"SMITH"},{"data":"Coolheaded","floor":28.0,"key":"SMITH"},{"data":"Echo Form","floor":30.0,"key":"SMITH"},{"data":"White Noise","floor":32.0,"key":"SMITH"},{"data":"Heatsinks","floor":40.0,"key":"SMITH"},{"floor":45.0,"key":"RECALL"},{"data":"Defragment","floor":49.0,"key":"SMITH"},{"data":"Multi-Cast","floor":53,"key":"SMITH"}],"neow_cost":"NONE","seed_source_timestamp":5748411979984,"circlet_count":0,"master_deck":["AscendersBane","Defend_B+1","Defend_B","Zap","Dualcast+1","Darkness+1","Defragment+1","Echo Form+1","Coolheaded+1","Glacier+1","Loop+1","Biased Cognition+1","Echo Form","White Noise+1","Coolheaded+1","Multi-Cast+1","Heatsinks+1","Defragment+1"],"special_seed":0,"relics":["Cracked Core","Dodecahedron","Lantern","Bird Faced Urn","Nuclear Battery","Happy Flower","Centennial Puzzle","ClockworkSouvenir","Busted Crown","Emotion Chip","War Paint"],"potions_floor_usage":[56,56],"damage_taken":[{"damage":8.0,"enemies":"Small Slimes","floor":1.0,"turns":5.0},{"damage":0.0,"enemies":"Lagavulin","floor":7.0,"turns":5.0},{"damage":0.0,"enemies":"Jaw Worm","floor":11.0,"turns":3.0},{"damage":43.0,"enemies":"3 Sentries","floor":13.0,"turns":7.0},{"damage":1.0,"enemies":"Cultist","floor":14.0,"turns":3.0},{"damage":4.0,"enemies":"Hexaghost","floor":16.0,"turns":8.0},{"damage":21.0,"enemies":"3 Byrds","floor":18.0,"turns":5.0},{"damage":0.0,"enemies":"Chosen","floor":21.0,"turns":6.0},{"damage":11.0,"enemies":"Sentry and Sphere","floor":24.0,"turns":6.0},{"damage":44.0,"enemies":"Cultist and Chosen","floor":25.0,"turns":6.0},{"damage":12.0,"enemies":"Snake Plant","floor":29.0,"turns":3.0},{"damage":0.0,"enemies":"Champ","floor":33.0,"turns":10.0},{"damage":7.0,"enemies":"3 Darklings","floor":35.0,"turns":3.0},{"damage":11.0,"enemies":"3 Shapes","floor":37.0,"turns":4.0},{"damage":17.0,"enemies":"Jaw Worm Horde","floor":41.0,"turns":4.0},{"damage":0.0,"enemies":"Giant Head","floor":42.0,"turns":5.0},{"damage":28,"enemies":"Awakened One","floor":50,"turns":9},{"damage":18,"enemies":"Donu and Deca","floor":51,"turns":5},{"damage":19,"enemies":"Shield and Spear","floor":55,"turns":5},{"damage":14,"enemies":"The Heart","floor":56,"turns":9}],"seed_played":"-2712374599545051517","potions_obtained":[{"floor":7.0,"key":"SteroidPotion"},{"floor":11.0,"key":"Regen Potion"},{"floor":25.0,"key":"Regen Potion"},{"floor":37.0,"key":"SkillPotion"},{"floor":55,"key":"AttackPotion"}],"is_trial":false,"path_per_floor":["M","?","?","$","?","R","E","R","T","R","M","?","E","M","R","B",null,"M","?","?","M","T","R","M","M","T","$","R","M","R","?","R","B",null,"M","?","M","?","$","R","M","E","T","$","R","$","?","$","R","B","B",null,"R","$","E","B",null],"character_chosen":"DEFECT","items_purchased":["Defragment","Swift Potion","ClockworkSouvenir","Defragment"],"campfire_rested":0,"item_purchase_floors":[4,4,27,48],"current_hp_per_floor":[56,49,49,49,49,49,49,49,49,49,49,49,6,7,7,11,56,49,49,49,59,59,59,70,31,31,31,31,29,29,29,29,47,65,71,67,66,66,66,66,62,67,67,67,67,67,67,67,67,61,57,65,65,65,64,67],"gold":47,"neow_bonus":"REMOVE_CARD","is_prod":false,"is_daily":false,"chose_seed":false,"campfire_upgraded":11,"win_rate":0,"timestamp":1550897827,"path_taken":["M","?","?","$","?","R","E","R","T","R","?","?","E","M","R","BOSS","M","?","?","?","?","R","M","M","T","$","R","M","R","?","R","BOSS","M","?","M","?","?","R","M","E","T","$","R","$","?","$","R","BOSS","BOSS","R","$","E","BOSS"],"build_version":"2019-01-23","purchased_purges":2,"victory":true,"max_hp_per_floor":[71,71,71,71,71,71,71,71,71,71,71,71,71,71,71,71,71,71,71,71,71,71,71,71,71,71,71,71,71,71,71,71,71,71,71,67,67,67,67,67,67,67,67,67,67,67,67,67,67,67,67,67,67,67,67,67],"card_choices":[{"not_picked":["Coolheaded","Heatsinks"],"picked":"Darkness","floor":1.0},{"not_picked":["Go for the Eyes","Coolheaded","Lockon"],"picked":"SKIP","floor":7.0},{"not_picked":["Scrape","Tempest","Rebound"],"picked":"SKIP","floor":11.0},{"not_picked":["Darkness","Stack","Force Field"],"picked":"SKIP","floor":13.0},{"not_picked":["Darkness","Coolheaded"],"picked":"Loop","floor":14.0},{"not_picked":["Electrodynamics","Machine Learning"],"picked":"Biased Cognition","floor":16.0},{"not_picked":["Barrage","Go for the Eyes","Steam"],"picked":"SKIP","floor":18.0},{"not_picked":["Go for the Eyes","Hologram"],"picked":"White Noise","floor":21.0},{"not_picked":["Steam","Reinforced Body","Tempest"],"picked":"SKIP","floor":24.0},{"not_picked":["Barrage","Glacier"],"picked":"Coolheaded+1","floor":25.0},{"not_picked":["Double Energy","Ball Lightning","Leap"],"picked":"SKIP","floor":29.0},{"not_picked":["Meteor Strike","Seek"],"picked":"Multi-Cast","floor":33.0},{"not_picked":["Stack+1"],"picked":"SKIP","floor":35.0},{"not_picked":[],"picked":"Heatsinks","floor":37.0},{"not_picked":["Hello World"],"picked":"SKIP","floor":41.0},{"not_picked":["Coolheaded"],"picked":"SKIP","floor":42.0},{"not_picked":["Conserve Battery"],"picked":"SKIP","floor":55}],"player_experience":3069131,"relics_obtained":[{"floor":7.0,"key":"Dodecahedron"},{"floor":9.0,"key":"Lantern"},{"floor":13.0,"key":"Bird Faced Urn"},{"floor":22.0,"key":"Happy Flower"},{"floor":26.0,"key":"Centennial Puzzle"},{"floor":42.0,"key":"Emotion Chip"},{"floor":55,"key":"War Paint"}],"event_choices":[{"cards_removed":["Defend_B"],"damage_healed":0.0,"max_hp_gain":0.0,"max_hp_loss":0.0,"gold_gain":0.0,"event_name":"Golden Wing","player_choice":"Card Removal","floor":2.0,"gold_loss":0.0,"damage_taken":7.0},{"damage_healed":0.0,"max_hp_gain":0.0,"max_hp_loss":0.0,"gold_gain":0.0,"event_name":"The Cleric","player_choice":"Leave","floor":3.0,"gold_loss":0.0,"damage_taken":0.0},{"damage_healed":0.0,"max_hp_gain":0.0,"max_hp_loss":0.0,"gold_gain":0.0,"event_name":"Match and Keep!","player_choice":"3 cards matched","floor":5.0,"gold_loss":0.0,"damage_taken":0.0,"cards_obtained":["Echo Form","Coolheaded","Glacier"]},{"damage_healed":0.0,"max_hp_gain":0.0,"max_hp_loss":0.0,"gold_gain":0.0,"event_name":"Liars Game","player_choice":"Ignored","floor":12.0,"gold_loss":0.0,"damage_taken":0.0},{"cards_removed":["Strike_B"],"damage_healed":0.0,"max_hp_gain":0.0,"max_hp_loss":0.0,"gold_gain":0.0,"event_name":"Beggar","player_choice":"Gave Gold","floor":19.0,"gold_loss":75.0,"damage_taken":0.0},{"damage_healed":0.0,"max_hp_gain":0.0,"max_hp_loss":0.0,"gold_gain":0.0,"event_name":"Duplicator","player_choice":"Copied","floor":20.0,"gold_loss":0.0,"damage_taken":0.0,"cards_obtained":["Echo Form"]},{"damage_healed":0.0,"max_hp_gain":0.0,"max_hp_loss":0.0,"gold_gain":50.0,"event_name":"Nest","player_choice":"Stole From Cult","floor":31.0,"gold_loss":0.0,"damage_taken":0.0},{"damage_healed":0.0,"max_hp_gain":0.0,"max_hp_loss":4.0,"gold_gain":0.0,"event_name":"Winding Halls","player_choice":"Max HP","floor":36.0,"gold_loss":0.0,"damage_taken":0.0},{"damage_healed":0.0,"max_hp_gain":0.0,"max_hp_loss":0.0,"gold_gain":0.0,"event_name":"SensoryStone","player_choice":"Memory 1","floor":38.0,"gold_loss":0.0,"damage_taken":0.0},{"cards_removed":["Strike_B"],"damage_healed":0.0,"max_hp_gain":0.0,"max_hp_loss":0.0,"gold_gain":0.0,"event_name":"Falling","player_choice":"Removed Attack","floor":47.0,"gold_loss":0.0,"damage_taken":0.0}],"is_beta":false,"boss_relics":[{"not_picked":["White Beast Statue","FrozenCore"],"picked":"Nuclear Battery"},{"not_picked":["Philosopher\u0027s Stone","Astrolabe"],"picked":"Busted Crown"}],"items_purged_floors":[39,48],"is_endless":false,"potions_floor_spawned":[7,11,13,16,21,25,29,33,37,55],"ascension_level":20}