{"gold_per_floor":[363,7,82,98,117,148,148,176,176,176,189,104,104,119,119,223,223,234,234,171,184,75,102,102,132,159,159,171,171,198,215,215,315,315,327,340,360,272,289,289,305,305,331,331,356,356,231,231,231,231],"floor_reached":51,"playtime":1922,"items_purged":["Strike_G","Defend_G","Strike_G","Defend_G","Defend_G","Strike_G"],"score":1023,"play_id":"b1130862-a3d2-4f49-a93c-3b2496e05cb1","local_time":"20181019235353","is_ascension_mode":false,"campfire_choices":[{"data":"Apotheosis","floor":7,"key":"SMITH"},{"data":"Noxious Fumes","floor":13,"key":"SMITH"},{"data":"Well Laid Plans","floor":15,"key":"SMITH"},{"data":"Adrenaline","floor":24,"key":"SMITH"},{"data":"Glass Knife","floor":27,"key":"SMITH"},{"data":"After Image","floor":29,"key":"SMITH"},{"floor":32,"key":"REST"},{"data":"Malaise","floor":40,"key":"SMITH"},{"data":"Cloak And Dagger","floor":42,"key":"SMITH"},{"data":"Cloak And Dagger","floor":44,"key":"SMITH"},{"floor":49,"key":"REST"}],"neow_cost":"TEN_PERCENT_HP_LOSS","seed_source_timestamp":16964226027946,"circlet_count":0,"master_deck":["Defend_G+1","Defend_G+1","Strike_G+1","Survivor+1","Neutralize+1","Apotheosis+1","Well Laid Plans+1","Well Laid Plans+1","Dagger Throw+1","Deadly Poison+1","Deadly Poison+1","Glass Knife+1","Noxious Fumes+1","Leg Sweep+1","Corpse Explosion+1","Adrenaline+1","After Image+1","Cloak And Dagger+1","Malaise+1","Backflip+1","Blade Dance+1","Catalyst+1","Cloak And Dagger+1","HandOfGreed+1","Malaise+1","Infinite Blades+1"],"special_seed":0,"relics":["Ring of the Snake","Membership Card","Vajra","Kunai","Boot","Sozu","Bag of Marbles","Pear","Regal Pillow","Red Mask","Runic Pyramid","Smiling Mask","Juzu Bracelet","Mark of the Bloom"],"potions_floor_usage":[50,50],"damage_taken":[{"damage":0.0,"enemies":"Small Slimes","floor":1.0,"turns":6.0},{"damage":0,"enemies":"Jaw Worm","floor":4,"turns":5},{"damage":0,"enemies":"Cultist","floor":5,"turns":3},{"damage":0,"enemies":"Lagavulin","floor":6,"turns":8},{"damage":14,"enemies":"Gremlin Nob","floor":8,"turns":4},{"damage":2,"enemies":"Blue Slaver","floor":11,"turns":3},{"damage":5,"enemies":"Red Slaver","floor":14,"turns":3},{"damage":0,"enemies":"The Guardian","floor":16,"turns":8},{"damage":7,"enemies":"Shell Parasite","floor":18,"turns":5},{"damage":0,"enemies":"3 Byrds","floor":21,"turns":2},{"damage":4,"enemies":"Gremlin Leader","floor":23,"turns":4},{"damage":0,"enemies":"Book of Stabbing","floor":25,"turns":4},{"damage":24,"enemies":"Cultist and Chosen","floor":28,"turns":6},{"damage":7,"enemies":"Masked Bandits","floor":30,"turns":3},{"damage":1,"enemies":"Sentry and Sphere","floor":31,"turns":4},{"damage":0,"enemies":"Collector","floor":33,"turns":7},{"damage":0,"enemies":"3 Darklings","floor":35,"turns":3},{"damage":0,"enemies":"Orb Walker","floor":36,"turns":4},{"damage":0,"enemies":"4 Shapes","floor":37,"turns":4},{"damage":0,"enemies":"Maw","floor":39,"turns":7},{"damage":0,"enemies":"3 Darklings","floor":41,"turns":3},{"damage":0,"enemies":"Giant Head","floor":45,"turns":8},{"damage":0,"enemies":"Time Eater","floor":50,"turns":15}],"seed_played":"5894784171638946824","potions_obtained":[{"floor":4,"key":"GamblersBrew"},{"floor":6,"key":"EssenceOfSteel"},{"floor":8,"key":"Swift Potion"}],"is_trial":false,"path_per_floor":["M","$","?","M","M","E","R","E","T","?","M","$","R","M","R","B",null,"M","?","$","M","$","E","R","E","T","R","M","R","?","M","R","B",null,"M","M","M","$","M","R","M","R","T","R","E","?","$","?","R","B"],"character_chosen":"THE_SILENT","items_purchased":["Membership Card","Apotheosis","Well Laid Plans","Noxious Fumes","Adrenaline","Malaise","Infinite Blades"],"campfire_rested":2,"item_purchase_floors":[2,2,2,12,22,47,47],"current_hp_per_floor":[63,63,52,52,52,52,52,38,38,38,36,36,36,31,31,31,63,56,56,56,56,56,52,52,62,62,62,38,38,31,30,66,66,73,73,73,73,73,73,73,73,73,73,73,73,73,73,73,73,73],"gold":231,"neow_bonus":"TWO_FIFTY_GOLD","is_prod":false,"is_daily":false,"chose_seed":false,"campfire_upgraded":9,"win_rate":0,"timestamp":1539964433,"path_taken":["M","$","?","M","?","E","R","E","T","?","?","$","R","M","R","BOSS","M","?","?","?","$","E","R","E","T","R","M","R","?","M","R","BOSS","M","M","M","$","M","R","M","R","T","R","E","?","$","?","R","BOSS"],"build_version":"2018-10-18","purchased_purges":6,"victory":true,"max_hp_per_floor":[63,63,63,63,63,63,63,63,63,63,63,63,63,63,63,63,63,63,63,63,63,63,63,63,73,73,73,73,73,73,73,73,73,73,73,73,73,73,73,73,73,73,73,73,73,73,73,73,73,73],"card_choices":[{"not_picked":["Prepared","Outmaneuver","Bane"],"picked":"SKIP","floor":1.0},{"not_picked":["Caltrops","Dagger Spray"],"picked":"Well Laid Plans","floor":4},{"not_picked":["Prepared","Bane"],"picked":"Dagger Throw","floor":5},{"not_picked":["Underhanded Strike","Quick Slash"],"picked":"Deadly Poison","floor":6},{"not_picked":["Flying Knee","Terror"],"picked":"Deadly Poison","floor":8},{"not_picked":["Deadly Poison","Skewer"],"picked":"Glass Knife","floor":11},{"not_picked":["Setup","Flying Knee"],"picked":"Leg Sweep","floor":14},{"not_picked":["Adrenaline","After Image"],"picked":"Corpse Explosion","floor":16},{"not_picked":["Quick Slash","Bane+1","Underhanded Strike"],"picked":"SKIP","floor":18},{"not_picked":["Bouncing Flask","Reflex+1","Sucker Punch"],"picked":"SKIP","floor":21},{"not_picked":["Sucker Punch","Eviscerate","Dagger Spray"],"picked":"SKIP","floor":23},{"not_picked":["Backstab","Dagger Throw+1","Flechettes+1"],"picked":"SKIP","floor":25},{"not_picked":["Calculated Gamble+1","Prepared"],"picked":"After Image","floor":28},{"not_picked":["Outmaneuver","Flying Knee"],"picked":"Cloak And Dagger","floor":30},{"not_picked":["Skewer","Outmaneuver","Terror"],"picked":"SKIP","floor":31},{"not_picked":["Phantasmal Killer","Storm of Steel"],"picked":"Malaise","floor":33},{"not_picked":["Prepared+1","Slice+1"],"picked":"Backflip","floor":35},{"not_picked":["Prepared","Slice+1","Poisoned Stab"],"picked":"SKIP","floor":36},{"not_picked":["Prepared+1","Backflip"],"picked":"Blade Dance+1","floor":37},{"not_picked":["Flechettes+1","Prepared"],"picked":"Catalyst+1","floor":39},{"not_picked":["Sucker Punch","Dagger Spray+1"],"picked":"Cloak And Dagger","floor":41},{"not_picked":["Poisoned Stab","Caltrops+1","Prepared+1"],"picked":"SKIP","floor":45},{"not_picked":["Swift Strike","Trip"],"picked":"HandOfGreed","floor":46}],"player_experience":385211,"relics_obtained":[{"floor":6,"key":"Vajra"},{"floor":8,"key":"Kunai"},{"floor":9,"key":"Boot"},{"floor":23,"key":"Bag of Marbles"},{"floor":25,"key":"Pear"},{"floor":26,"key":"Regal Pillow"},{"floor":30,"key":"Red Mask"},{"floor":43,"key":"Smiling Mask"},{"floor":45,"key":"Juzu Bracelet"}],"event_choices":[{"damage_healed":0,"gold_gain":75,"player_choice":"Gather Gold","damage_taken":11,"max_hp_gain":0,"max_hp_loss":0,"event_name":"World of Goop","floor":3,"gold_loss":0},{"damage_healed":0,"gold_gain":0,"player_choice":"Forge","damage_taken":0,"max_hp_gain":0,"max_hp_loss":0,"event_name":"Accursed Blacksmith","floor":10,"gold_loss":0,"cards_upgraded":["Well Laid Plans"]},{"cards_removed":["Strike_G"],"damage_healed":0,"gold_gain":0,"player_choice":"Elegance","damage_taken":0,"max_hp_gain":0,"max_hp_loss":0,"event_name":"Back to Basics","floor":19,"gold_loss":0},{"damage_healed":0,"gold_gain":0,"player_choice":"Fought Bandits","damage_taken":0,"max_hp_gain":0,"max_hp_loss":0,"event_name":"Masked Bandits","floor":30,"gold_loss":0},{"damage_healed":0,"gold_gain":0,"player_choice":"Memory 1","damage_taken":0,"max_hp_gain":0,"max_hp_loss":0,"event_name":"SensoryStone","floor":46,"gold_loss":0},{"damage_healed":0,"gold_gain":0,"player_choice":"Upgrade","damage_taken":0,"relics_obtained":["Mark of the Bloom"],"max_hp_gain":0,"max_hp_loss":0,"event_name":"MindBloom","floor":48,"gold_loss":0,"cards_upgraded":["Defend_G","Defend_G","Strike_G","Survivor","Neutralize","Dagger Throw","Deadly Poison","Deadly Poison","Leg Sweep","Corpse Explosion","Backflip","HandOfGreed","Malaise","Infinite Blades"]}],"is_beta":false,"boss_relics":[{"not_picked":["Astrolabe","Snecko Eye"],"picked":"Sozu"},{"not_picked":["Busted Crown","Philosopher\u0027s Stone"],"picked":"Runic Pyramid"}],"items_purged_floors":[2,12,20,22,38,47],"is_endless":false,"potions_floor_spawned":[4,6,8,16,23,25,28,30,33,36,41,45],"ascension_level":0}