{"gold_per_floor":[118,128,47,122,138,172,172,9,9,9,29,29,3,3,3,3],"floor_reached":16,"playtime":333,"items_purged":["Strike_G"],"score":196,"play_id":"8ac645a4-1e2c-4951-b682-4b2fb696ff62","local_time":"20190212102749","is_ascension_mode":true,"campfire_choices":[{"data":"Acrobatics","floor":7,"key":"SMITH"},{"data":"Calculated Gamble","floor":12,"key":"SMITH"},{"data":"Acrobatics","floor":15,"key":"SMITH"}],"neow_cost":"NONE","seed_source_timestamp":2564404750404,"circlet_count":0,"master_deck":["AscendersBane","Defend_G","Defend_G","Defend_G","Defend_G","Defend_G","Strike_G","Strike_G","Strike_G","Strike_G","Survivor","Neutralize","Flechettes","Acrobatics+1","Tactician","All Out Attack","Calculated Gamble+1","Tools of the Trade","Acrobatics+1"],"special_seed":0,"relics":["Runic Dome","Letter Opener","Happy Flower","Bronze Scales"],"potions_floor_usage":[6,6],"damage_taken":[{"damage":2.0,"enemies":"Small Slimes","floor":1.0,"turns":4.0},{"damage":4.0,"enemies":"Jaw Worm","floor":2.0,"turns":4.0},{"damage":2,"enemies":"2 Louse","floor":5,"turns":4},{"damage":31,"enemies":"Lagavulin","floor":6,"turns":9},{"damage":0,"enemies":"Looter","floor":11,"turns":4},{"damage":0,"enemies":"The Guardian","floor":16,"turns":2}],"seed_played":"-2353979772205232305","potions_obtained":[{"floor":1.0,"key":"LiquidBronze"},{"floor":2.0,"key":"Block Potion"},{"floor":11,"key":"Ancient Potion"}],"is_trial":false,"path_per_floor":["M","M","$","?","M","E","R","$","T","?","M","R","$","?","R","B"],"character_chosen":"THE_SILENT","items_purchased":["Tactician","Calculated Gamble","Acrobatics"],"campfire_rested":0,"item_purchase_floors":[3,8,13],"current_hp_per_floor":[57,53,53,42,40,9,9,9,9,4,4,4,4,4,4,4],"gold":3,"neow_bonus":"BOSS_RELIC","is_prod":false,"is_daily":false,"chose_seed":false,"campfire_upgraded":3,"win_rate":0,"timestamp":1549938469,"path_taken":["M","M","$","?","M","E","R","$","T","?","M","R","$","?","R","BOSS"],"build_version":"2019-01-23","purchased_purges":1,"victory":false,"max_hp_per_floor":[66,66,66,66,66,66,66,66,66,66,66,66,66,66,66,66],"card_choices":[{"not_picked":["Dash","Deflect"],"picked":"Flechettes","floor":1.0},{"not_picked":["Bane","Backstab"],"picked":"Acrobatics","floor":2.0},{"not_picked":["All Out Attack","Distraction","Underhanded Strike"],"picked":"SKIP","floor":5},{"not_picked":["Distraction","Underhanded Strike"],"picked":"All Out Attack","floor":5},{"not_picked":["Escape Plan","Deflect","Slice"],"picked":"SKIP","floor":6},{"not_picked":["Blade Dance","Cloak And Dagger"],"picked":"Tools of the Trade","floor":11}],"player_experience":2630451,"relics_obtained":[{"floor":6,"key":"Letter Opener"},{"floor":9,"key":"Happy Flower"}],"event_choices":[{"damage_healed":0.0,"max_hp_gain":0.0,"max_hp_loss":0.0,"gold_gain":75.0,"event_name":"World of Goop","player_choice":"Gather Gold","floor":4.0,"gold_loss":0.0,"damage_taken":11.0},{"damage_healed":0,"gold_gain":0,"player_choice":"Success","damage_taken":5,"relics_obtained":["Bronze Scales"],"max_hp_gain":0,"max_hp_loss":0,"event_name":"Scrap Ooze","floor":10,"gold_loss":0},{"damage_healed":0,"gold_gain":0,"player_choice":"Leave","damage_taken":0,"max_hp_gain":0,"max_hp_loss":0,"event_name":"The Cleric","floor":14,"gold_loss":0}],"is_beta":false,"boss_relics":[],"items_purged_floors":[8],"is_endless":false,"potions_floor_spawned":[1,2,11],"killed_by":"The Guardian","ascension_level":20}