{"gold_per_floor":[365,365,382,392,33,33,63,63,63,63,95,108,142,154,154,225,225,240,240,240,240],"floor_reached":21,"playtime":526,"items_purged":[],"score":394,"play_id":"963e233b-6102-4dfb-94d5-2fdd042fe05c","local_time":"20190224001919","is_ascension_mode":true,"campfire_choices":[{"data":"Sunder","floor":6.0,"key":"SMITH"},{"data":"Recycle","floor":15,"key":"SMITH"}],"neow_cost":"TEN_PERCENT_HP_LOSS","seed_source_timestamp":534119201701184,"circlet_count":0,"master_deck":["AscendersBane","Strike_B","Strike_B","Defend_B","Defend_B","Defend_B","Defend_B","Zap+1","Dualcast","Ball Lightning","Cold Snap","Reinforced Body","Sunder+1","Chill","Doom and Gloom","Recycle+1","Stack","Auto Shields","Stack","Electrodynamics","Glacier"],"special_seed":0,"relics":["Cracked Core","Meat on the Bone","Darkstone Periapt","Mummified Hand","Shuriken","Juzu Bracelet","Eternal Feather"],"potions_floor_usage":[],"damage_taken":[{"damage":0.0,"enemies":"Small Slimes","floor":1.0,"turns":2.0},{"damage":0.0,"enemies":"Cultist","floor":3.0,"turns":3.0},{"damage":5.0,"enemies":"Jaw Worm","floor":4.0,"turns":3.0},{"damage":48.0,"enemies":"Gremlin Nob","floor":7.0,"turns":5.0},{"damage":13,"enemies":"Lagavulin","floor":11,"turns":6},{"damage":10,"enemies":"Large Slime","floor":12,"turns":4},{"damage":6,"enemies":"Gremlin Nob","floor":13,"turns":3},{"damage":10,"enemies":"Exordium Thugs","floor":14,"turns":4},{"damage":22,"enemies":"The Guardian","floor":16,"turns":14},{"damage":26,"enemies":"Chosen","floor":18,"turns":4},{"damage":59,"enemies":"Shell Parasite","floor":21,"turns":6}],"seed_played":"8763170378970346297","potions_obtained":[{"floor":12,"key":"FocusPotion"},{"floor":13,"key":"Ancient Potion"}],"is_trial":false,"path_per_floor":["M","?","M","M","$","R","E","?","T","?","E","M","E","M","R","B",null,"M","?","?","M"],"character_chosen":"DEFECT","items_purchased":["Meat on the Bone","Sunder"],"campfire_rested":0,"item_purchase_floors":[5,5],"current_hp_per_floor":[64,64,64,59,59,59,23,23,23,23,22,24,30,32,32,22,54,40,40,40,0],"gold":240,"neow_bonus":"TWO_FIFTY_GOLD","is_prod":false,"is_daily":false,"chose_seed":false,"campfire_upgraded":2,"win_rate":0,"timestamp":1550938759,"path_taken":["M","?","M","?","$","R","E","?","T","?","E","M","E","M","R","BOSS","M","?","?","M"],"build_version":"2019-01-23","purchased_purges":0,"victory":false,"max_hp_per_floor":[64,64,64,64,64,64,64,64,64,64,64,64,64,64,64,64,64,64,64,64,64],"card_choices":[{"not_picked":["Turbo","Beam Cell"],"picked":"Ball Lightning","floor":1.0},{"not_picked":["Steam","Compile Driver"],"picked":"Cold Snap","floor":3.0},{"not_picked":["Ball Lightning","Cold Snap"],"picked":"Reinforced Body","floor":4.0},{"not_picked":["Ball Lightning","All For One"],"picked":"Chill","floor":7.0},{"not_picked":["Hello World","Ball Lightning"],"picked":"Recycle","floor":11},{"not_picked":["Genetic Algorithm","Chill"],"picked":"Stack","floor":12},{"not_picked":["Ball Lightning","Storm"],"picked":"Auto Shields","floor":13},{"not_picked":["Barrage","Streamline"],"picked":"Stack","floor":14},{"not_picked":["Reboot","Creative AI"],"picked":"Electrodynamics","floor":16},{"not_picked":["Rebound","Recycle","Steam Power"],"picked":"SKIP","floor":18}],"player_experience":956334,"relics_obtained":[{"floor":7.0,"key":"Darkstone Periapt"},{"floor":9.0,"key":"Mummified Hand"},{"floor":11,"key":"Shuriken"},{"floor":13,"key":"Juzu Bracelet"}],"event_choices":[{"damage_healed":0.0,"max_hp_gain":0.0,"max_hp_loss":0.0,"gold_gain":0.0,"event_name":"Upgrade Shrine","player_choice":"Upgraded","floor":2.0,"gold_loss":0.0,"damage_taken":0.0,"cards_upgraded":["Zap"]},{"damage_healed":0.0,"max_hp_gain":0.0,"max_hp_loss":0.0,"gold_gain":0.0,"cards_transformed":["Strike_B"],"event_name":"Living Wall","player_choice":"Change","floor":8.0,"gold_loss":0.0,"damage_taken":0.0,"cards_obtained":["Doom and Gloom"]},{"damage_healed":0,"gold_gain":0,"player_choice":"Fled","damage_taken":0,"max_hp_gain":0,"max_hp_loss":0,"event_name":"Scrap Ooze","floor":10,"gold_loss":0},{"damage_healed":0,"gold_gain":0,"player_choice":"Ignored","damage_taken":0,"max_hp_gain":0,"max_hp_loss":0,"event_name":"Vampires","floor":19,"gold_loss":0},{"damage_healed":0,"gold_gain":0,"cards_transformed":["Strike_B"],"player_choice":"Transformed","damage_taken":0,"max_hp_gain":0,"max_hp_loss":0,"event_name":"Transmorgrifier","floor":20,"gold_loss":0,"cards_obtained":["Glacier"]}],"is_beta":false,"boss_relics":[{"not_picked":["Lizard Tail","Ectoplasm"],"picked":"Eternal Feather"}],"items_purged_floors":[],"is_endless":false,"potions_floor_spawned":[12,13,14,16,18],"killed_by":"Shell Parasite","ascension_level":20}