{"gold_per_floor":[109,109,129,149,164,164,136,136,136,146,162,180,37,37,37,160,160,176,176,96,110,131,131,152,152,152,152,251,276,276,289,289,289],"floor_reached":33,"playtime":1074,"items_purged":["Strike_G"],"score":268,"play_id":"5269abae-e6dc-471c-b8ba-0068088dff1e","local_time":"20181119214428","is_ascension_mode":false,"campfire_choices":[{"data":"Calculated Gamble","floor":6,"key":"SMITH"},{"data":"Noxious Fumes","floor":8,"key":"SMITH"},{"data":"Burst","floor":15,"key":"SMITH"},{"data":"Corpse Explosion","floor":23,"key":"SMITH"},{"data":"Flechettes","floor":25,"key":"SMITH"},{"data":"Footwork","floor":32,"key":"SMITH"}],"neow_cost":"NONE","seed_source_timestamp":10460221115803,"circlet_count":0,"master_deck":["Defend_G","Defend_G","Defend_G","Defend_G","Defend_G","Strike_G","Survivor","Neutralize","Burst+1","Masterful Stab","Noxious Fumes+1","Footwork+1","Calculated Gamble+1","Well Laid Plans","Expertise","Adrenaline","Corpse Explosion+1","Footwork","Flechettes+1","Underhanded Strike","Well Laid Plans+1"],"relics":["Ring of the Snake","Golden Idol","Cursed Key","Nloth\u0027s Gift","Pocketwatch"],"potions_floor_usage":[16,16,29,33,33],"damage_taken":[{"damage":0,"enemies":"Jaw Worm","floor":1,"turns":7},{"damage":0,"enemies":"Cultist","floor":3,"turns":4},{"damage":0,"enemies":"2 Louse","floor":4,"turns":3},{"damage":0,"enemies":"Looter","floor":5,"turns":4},{"damage":0,"enemies":"Exordium Thugs","floor":7,"turns":5},{"damage":0,"enemies":"Red Slaver","floor":10,"turns":4},{"damage":0,"enemies":"Exordium Wildlife","floor":11,"turns":6},{"damage":0,"enemies":"Blue Slaver","floor":12,"turns":4},{"damage":20,"enemies":"Slime Boss","floor":16,"turns":6},{"damage":0,"enemies":"2 Thieves","floor":18,"turns":3},{"damage":0,"enemies":"Spheric Guardian","floor":21,"turns":4},{"damage":3,"enemies":"Snecko","floor":22,"turns":6},{"damage":0,"enemies":"Centurion and Healer","floor":24,"turns":7},{"damage":5,"enemies":"Chosen and Byrds","floor":29,"turns":5},{"damage":0,"enemies":"3 Cultists","floor":31,"turns":2},{"damage":60,"enemies":"Champ","floor":33,"turns":9}],"seed_played":"9129553339184449215","potions_obtained":[{"floor":4,"key":"SkillPotion"},{"floor":10,"key":"Fire Potion"},{"floor":12,"key":"Explosive Potion"},{"floor":21,"key":"Fire Potion"},{"floor":22,"key":"LiquidBronze"},{"floor":24,"key":"PowerPotion"}],"is_trial":false,"path_per_floor":["M","?","M","M","M","R","M","R","T","M","M","M","$","?","R","B",null,"M","?","$","M","M","R","M","R","T","?","?","M","?","M","R","B"],"character_chosen":"THE_SILENT","items_purchased":["Adrenaline","Footwork"],"campfire_rested":0,"item_purchase_floors":[13,20],"current_hp_per_floor":[70,70,70,70,70,70,70,70,70,70,70,70,70,65,65,45,65,65,65,65,65,62,62,62,62,62,62,62,57,57,57,57,0],"gold":289,"neow_bonus":"TRANSFORM_CARD","is_prod":false,"is_daily":false,"chose_seed":false,"campfire_upgraded":6,"win_rate":0,"timestamp":1542635068,"path_taken":["M","?","M","?","M","R","M","R","T","M","M","?","$","?","R","BOSS","M","?","?","M","?","R","M","R","T","?","?","M","?","M","R","BOSS"],"build_version":"2018-11-15","purchased_purges":1,"victory":false,"max_hp_per_floor":[70,70,70,70,70,70,70,70,70,70,70,70,70,65,65,65,65,65,65,65,65,65,65,65,65,65,65,65,65,65,65,65,65],"card_choices":[{"not_picked":["PiercingWail","Flying Knee"],"picked":"Masterful Stab","floor":1},{"not_picked":["Blade Dance","Backflip"],"picked":"Noxious Fumes","floor":3},{"not_picked":["Sucker Punch","Infinite Blades"],"picked":"Footwork","floor":4},{"not_picked":["Endless Agony","Deflect"],"picked":"Calculated Gamble","floor":5},{"not_picked":["Dagger Throw","Deflect","Endless Agony"],"picked":"SKIP","floor":7},{"not_picked":["Flying Knee","Heel Hook","Bane"],"picked":"SKIP","floor":10},{"not_picked":["Poisoned Stab","Quick Slash"],"picked":"Well Laid Plans","floor":11},{"not_picked":["Accuracy","Dagger Throw"],"picked":"Expertise","floor":12},{"not_picked":["Glass Knife","Bullet Time"],"picked":"Corpse Explosion","floor":16},{"not_picked":["Dagger Spray","Slice","Dodge and Roll"],"picked":"SKIP","floor":18},{"not_picked":["Dagger Throw","Dagger Spray","Noxious Fumes+1"],"picked":"SKIP","floor":21},{"not_picked":["Dagger Throw","Underhanded Strike","Poisoned Stab+1"],"picked":"SKIP","floor":22},{"not_picked":["Deadly Poison","Bane"],"picked":"Flechettes","floor":24},{"not_picked":["Bullet Time","Riddle With Holes+1","Dagger Spray"],"picked":"SKIP","floor":29},{"not_picked":["Blade Dance+1","Dagger Spray"],"picked":"Well Laid Plans+1","floor":31}],"player_experience":1107001,"relics_obtained":[{"floor":9,"key":"Letter Opener"},{"floor":26,"key":"Pocketwatch"}],"event_choices":[{"cards_removed":["Strike_G"],"damage_healed":0,"gold_gain":0,"player_choice":"Card Removal","damage_taken":0,"max_hp_gain":0,"max_hp_loss":0,"event_name":"Wheel of Change","floor":2,"gold_loss":0},{"damage_healed":0,"gold_gain":0,"player_choice":"Lose Max HP","damage_taken":0,"relics_obtained":["Golden Idol"],"max_hp_gain":0,"max_hp_loss":5,"event_name":"Golden Idol","floor":14,"gold_loss":0},{"damage_healed":0,"gold_gain":0,"player_choice":"Traded Relic","damage_taken":0,"relics_obtained":["Nloth\u0027s Gift"],"max_hp_gain":0,"max_hp_loss":0,"event_name":"N\u0027loth","floor":19,"relics_lost":["Letter Opener"],"gold_loss":0},{"damage_healed":0,"gold_gain":0,"cards_transformed":["Normality","Strike_G"],"player_choice":"Became Test Subject","damage_taken":0,"max_hp_gain":0,"max_hp_loss":0,"event_name":"Drug Dealer","floor":27,"gold_loss":0,"cards_obtained":["Decay","Underhanded Strike"]},{"damage_healed":0,"gold_gain":99,"player_choice":"Stole From Cult","damage_taken":0,"max_hp_gain":0,"max_hp_loss":0,"event_name":"Nest","floor":28,"gold_loss":0},{"cards_removed":["Decay"],"damage_healed":0,"gold_gain":0,"player_choice":"Purged","damage_taken":0,"max_hp_gain":0,"max_hp_loss":0,"event_name":"Purifier","floor":30,"gold_loss":0}],"is_beta":true,"boss_relics":[{"not_picked":["HoveringKite","Calling Bell"],"picked":"Cursed Key"}],"items_purged_floors":[13],"is_endless":false,"potions_floor_spawned":[4,10,12,21,22,24],"killed_by":"Champ","ascension_level":0}