{"gold_per_floor":[110,121,38,57,207,207,234,254,307,307,342,52,52,70,70,149,149,168,186,186,205,105,105,105,122,122,135,135,155,184,184,184,260,260,270,178,197,147,160,160,16,47,47,74,88,0,19,48,60,72,84,96,108,70,100,100],"floor_reached":57,"playtime":3590,"items_purged":["Doubt","Strike_R","Strike_R","Strike_R","Strike_R+1","Strike_R+1"],"score":2719,"play_id":"123e5c0b-a7d2-480e-8462-a3361e330fc9","local_time":"20190223165645","is_ascension_mode":true,"campfire_choices":[{"data":"Bludgeon","floor":6.0,"key":"SMITH"},{"data":"Flex","floor":10.0,"key":"SMITH"},{"floor":13.0,"key":"REST"},{"floor":15.0,"key":"REST"},{"data":"Armaments","floor":23.0,"key":"SMITH"},{"data":"True Grit","floor":28.0,"key":"SMITH"},{"floor":32.0,"key":"REST"},{"floor":40.0,"key":"RECALL"},{"data":"Limit Break","floor":49.0,"key":"SMITH"},{"data":"Inflame","floor":53.0,"key":"SMITH"}],"neow_cost":"TEN_PERCENT_HP_LOSS","seed_source_timestamp":18505813928440,"circlet_count":0,"master_deck":["AscendersBane","Defend_R","Defend_R","Defend_R","Defend_R","Bash","Dark Shackles","Panacea","True Grit+1","Burning Pact","Evolve","Bludgeon+1","Flex+1","Reaper","Offering+1","Shrug It Off","Armaments+1","Panacea+1","Power Through","Intimidate","Second Wind","Shockwave","Limit Break+1","Corruption","Inflame+1","Trip","Bludgeon"],"special_seed":0,"relics":["Burning Blood","Shuriken","Whetstone","Bag of Preparation","Strange Spoon","Runic Pyramid","War Paint","Smiling Mask","MutagenicStrength","Busted Crown","Gremlin Horn","Anchor","Red Mask","MawBank","Sundial"],"potions_floor_usage":[56],"damage_taken":[{"damage":6.0,"enemies":"2 Louse","floor":1.0,"turns":3.0},{"damage":3.0,"enemies":"Cultist","floor":2.0,"turns":5.0},{"damage":11.0,"enemies":"Small Slimes","floor":4.0,"turns":4.0},{"damage":31.0,"enemies":"Lagavulin","floor":7.0,"turns":7.0},{"damage":11.0,"enemies":"3 Louse","floor":8.0,"turns":6.0},{"damage":23.0,"enemies":"3 Sentries","floor":11.0,"turns":6.0},{"damage":26.0,"enemies":"Large Slime","floor":14.0,"turns":6.0},{"damage":37.0,"enemies":"Slime Boss","floor":16.0,"turns":10.0},{"damage":35.0,"enemies":"3 Byrds","floor":18.0,"turns":7.0},{"damage":6.0,"enemies":"Spheric Guardian","floor":19.0,"turns":3.0},{"damage":42.0,"enemies":"Colosseum Slavers","floor":20.0,"turns":5.0},{"damage":10.0,"enemies":"Shelled Parasite and Fungi","floor":21.0,"turns":5.0},{"damage":15.0,"enemies":"Cultist and Chosen","floor":25.0,"turns":6.0},{"damage":38.0,"enemies":"Sentry and Sphere","floor":27.0,"turns":8.0},{"damage":8.0,"enemies":"Snecko","floor":29.0,"turns":7.0},{"damage":65.0,"enemies":"Slavers","floor":30.0,"turns":8.0},{"damage":7.0,"enemies":"Automaton","floor":33.0,"turns":12.0},{"damage":21.0,"enemies":"Orb Walker","floor":35.0,"turns":4.0},{"damage":13.0,"enemies":"3 Shapes","floor":37.0,"turns":5.0},{"damage":24.0,"enemies":"Spire Growth","floor":39.0,"turns":6.0},{"damage":50.0,"enemies":"Reptomancer","floor":42.0,"turns":6.0},{"damage":38.0,"enemies":"Nemesis","floor":44.0,"turns":7.0},{"damage":9.0,"enemies":"Transient","floor":45.0,"turns":6.0},{"damage":6.0,"enemies":"3 Darklings","floor":47.0,"turns":8.0},{"damage":19.0,"enemies":"Reptomancer","floor":48.0,"turns":6.0},{"damage":46.0,"enemies":"Time Eater","floor":50.0,"turns":9.0},{"damage":31.0,"enemies":"Donu and Deca","floor":51.0,"turns":7.0},{"damage":74.0,"enemies":"Shield and Spear","floor":55.0,"turns":8.0},{"damage":54,"enemies":"The Heart","floor":56,"turns":11}],"seed_played":"4022221279373084521","potions_obtained":[{"floor":1.0,"key":"Dexterity Potion"},{"floor":4.0,"key":"FearPotion"},{"floor":14.0,"key":"LiquidBronze"},{"floor":16.0,"key":"FearPotion"},{"floor":27.0,"key":"Ancient Potion"}],"is_trial":false,"path_per_floor":["M","M","$","M","?","R","E","M","T","R","E","$","R","M","R","B",null,"M","M","?","M","$","R","?","M","T","M","R","M","E","?","R","B",null,"M","$","M","$","M","R","$","E","T","E","M","?","M","E","R","B","B",null,"R","$","E","B",null],"character_chosen":"IRONCLAD","items_purchased":["Evolve","Strange Spoon","Inflame","Trip"],"campfire_rested":3,"item_purchase_floors":[3,12,36,41],"current_hp_per_floor":[68,68,68,63,63,63,38,33,33,33,16,16,36,24,44,31,59,45,45,27,38,38,38,38,41,41,19,19,44,17,17,37,68,68,59,59,68,68,61,61,61,68,68,57,68,68,68,68,68,68,43,62,62,62,34,68],"gold":100,"neow_bonus":"RANDOM_COLORLESS_2","is_prod":false,"is_daily":false,"chose_seed":false,"campfire_upgraded":6,"win_rate":0,"timestamp":1550912205,"path_taken":["M","M","$","M","?","R","E","M","T","R","E","$","R","M","R","BOSS","M","M","?","M","$","R","?","?","T","M","R","M","E","?","R","BOSS","M","$","M","$","M","R","$","E","T","E","M","?","M","E","R","BOSS","BOSS","R","$","E","BOSS"],"build_version":"2019-01-23","purchased_purges":6,"victory":true,"max_hp_per_floor":[68,68,68,68,68,68,68,68,68,68,68,68,68,68,68,68,68,68,68,68,68,68,68,68,68,68,68,68,68,68,68,68,68,68,68,68,68,68,68,68,68,68,68,68,68,68,68,68,68,68,68,68,68,68,68,68],"card_choices":[{"not_picked":["Whirlwind","Cleave"],"picked":"True Grit","floor":1.0},{"not_picked":["Sever Soul","Havoc"],"picked":"Burning Pact","floor":2.0},{"not_picked":["Burning Pact","Body Slam"],"picked":"Bludgeon","floor":4.0},{"not_picked":["Clothesline","True Grit"],"picked":"Flex","floor":7.0},{"not_picked":["Wild Strike","Clothesline","Dual Wield"],"picked":"SKIP","floor":8.0},{"not_picked":["Searing Blow","Clash"],"picked":"Reaper","floor":11.0},{"not_picked":["Flex","Heavy Blade","Anger"],"picked":"SKIP","floor":14.0},{"not_picked":["Impervious","Dark Embrace"],"picked":"Offering","floor":16.0},{"not_picked":["Wild Strike","Clash","Twin Strike"],"picked":"SKIP","floor":18.0},{"not_picked":["Flex","Heavy Blade"],"picked":"Shrug It Off","floor":19.0},{"not_picked":["Entrench","Shrug It Off"],"picked":"Armaments","floor":21.0},{"not_picked":["Combust","Wild Strike"],"picked":"Power Through","floor":25.0},{"not_picked":["Shrug It Off","Twin Strike+1"],"picked":"Intimidate","floor":27.0},{"not_picked":["Headbutt","Fire Breathing"],"picked":"Second Wind","floor":29.0},{"not_picked":["Infernal Blade","Heavy Blade"],"picked":"Shockwave","floor":30.0},{"not_picked":["Immolate","Bludgeon"],"picked":"Limit Break","floor":33.0},{"not_picked":[],"picked":"Corruption","floor":35.0},{"not_picked":["Body Slam"],"picked":"SKIP","floor":37.0},{"not_picked":["Whirlwind"],"picked":"SKIP","floor":39.0},{"not_picked":["Rage+1"],"picked":"SKIP","floor":42.0},{"not_picked":["Warcry"],"picked":"SKIP","floor":44.0},{"not_picked":["Thunderclap"],"picked":"SKIP","floor":45.0},{"not_picked":["Thunderclap+1"],"picked":"SKIP","floor":47.0},{"not_picked":[],"picked":"Bludgeon","floor":48.0},{"not_picked":["Blood for Blood"],"picked":"SKIP","floor":55.0}],"player_experience":3078555,"relics_obtained":[{"floor":7.0,"key":"Shuriken"},{"floor":9.0,"key":"Whetstone"},{"floor":11.0,"key":"Bag of Preparation"},{"floor":26.0,"key":"War Paint"},{"floor":30.0,"key":"Smiling Mask"},{"floor":42.0,"key":"Gremlin Horn"},{"floor":44.0,"key":"Anchor"},{"floor":48.0,"key":"MawBank"},{"floor":55.0,"key":"Sundial"}],"event_choices":[{"damage_healed":0.0,"max_hp_gain":0.0,"max_hp_loss":0.0,"gold_gain":150.0,"event_name":"Liars Game","player_choice":"AGREE","floor":5.0,"gold_loss":0.0,"damage_taken":0.0,"cards_obtained":["Doubt"]},{"damage_healed":0.0,"max_hp_gain":0.0,"max_hp_loss":0.0,"gold_gain":0.0,"event_name":"Colosseum","player_choice":"Fight","floor":20.0,"gold_loss":0.0,"damage_taken":0.0},{"damage_healed":0.0,"max_hp_gain":0.0,"max_hp_loss":0.0,"gold_gain":0.0,"event_name":"Colosseum","player_choice":"Fled From Nobs","floor":20.0,"gold_loss":0.0,"damage_taken":0.0},{"damage_healed":0.0,"max_hp_gain":0.0,"max_hp_loss":0.0,"gold_gain":0.0,"event_name":"Duplicator","player_choice":"Copied","floor":24.0,"gold_loss":0.0,"damage_taken":0.0,"cards_obtained":["Panacea"]},{"damage_healed":0.0,"max_hp_gain":0.0,"max_hp_loss":0.0,"gold_gain":0.0,"event_name":"Drug Dealer","player_choice":"Inject Mutagens","floor":31.0,"gold_loss":0.0,"damage_taken":0.0,"relics_obtained":["MutagenicStrength"]},{"damage_healed":0.0,"max_hp_gain":0.0,"max_hp_loss":0.0,"gold_gain":0.0,"event_name":"Tomb of Lord Red Mask","player_choice":"Paid","floor":46.0,"gold_loss":88.0,"damage_taken":0.0,"relics_obtained":["Red Mask"]}],"is_beta":false,"boss_relics":[{"not_picked":["Pandora\u0027s Box","Runic Cube"],"picked":"Runic Pyramid"},{"not_picked":["Mark of Pain","Empty Cage"],"picked":"Busted Crown"}],"items_purged_floors":[12,22,36,38,41,54],"is_endless":false,"potions_floor_spawned":[1,4,14,16,20,27,29,30,37,44,47,48,55],"ascension_level":20}