{"gold_per_floor":[365,88,99,109,123,153,153,153,153,169,91,109,109,123,123,218,218,234,245,263,36,36,55,67,67,67,67,67,93,93,112,112,210,210,230,230,230,2,13,13,30,30,30,30,30],"floor_reached":46,"playtime":1703,"items_purged":["Strike_G"],"score":692,"play_id":"abef80c0-a386-4e21-a7f4-865cc37dd52e","local_time":"20181016170658","is_ascension_mode":false,"campfire_choices":[{"floor":7.0,"key":"REST"},{"data":"Apotheosis","floor":13.0,"key":"SMITH"},{"floor":15.0,"key":"REST"},{"data":"Footwork","floor":28.0,"key":"SMITH"},{"data":"Wraith Form v2","floor":30.0,"key":"SMITH"},{"data":"Wraith Form v2","floor":32,"key":"SMITH"},{"floor":40,"key":"REST"}],"neow_cost":"TEN_PERCENT_HP_LOSS","seed_source_timestamp":32125613904928,"circlet_count":0,"master_deck":["Defend_G","Defend_G","Defend_G","Defend_G","Defend_G","Strike_G","Strike_G","Survivor","Neutralize","Poisoned Stab","Apotheosis+1","Deadly Poison","Night Terror","Deadly Poison","Phantasmal Killer","Deadly Poison","Catalyst","Wraith Form v2+1","Dodge and Roll","Backflip+1","Footwork+1","Wraith Form v2+1","Cloak And Dagger+1","Cloak And Dagger","Malaise","Noxious Fumes","Writhe"],"special_seed":0,"relics":["Ring of the Snake","Shuriken","Dodecahedron","Sozu","Orichalcum","Calipers","Molten Egg 2","WristBlade","Membership Card","Mango"],"potions_floor_usage":[41,45],"damage_taken":[{"damage":3.0,"enemies":"Jaw Worm","floor":1.0,"turns":3.0},{"damage":0.0,"enemies":"Cultist","floor":3.0,"turns":4.0},{"damage":0.0,"enemies":"2 Louse","floor":4.0,"turns":3.0},{"damage":16.0,"enemies":"Gremlin Gang","floor":5.0,"turns":6.0},{"damage":26.0,"enemies":"3 Sentries","floor":6.0,"turns":9.0},{"damage":1.0,"enemies":"Exordium Thugs","floor":10.0,"turns":5.0},{"damage":2.0,"enemies":"Large Slime","floor":12.0,"turns":5.0},{"damage":1.0,"enemies":"Blue Slaver","floor":14.0,"turns":3.0},{"damage":27.0,"enemies":"Slime Boss","floor":16.0,"turns":11.0},{"damage":0.0,"enemies":"Spheric Guardian","floor":18.0,"turns":5.0},{"damage":0.0,"enemies":"Chosen","floor":19.0,"turns":2.0},{"damage":0.0,"enemies":"Snake Plant","floor":20.0,"turns":4.0},{"damage":0.0,"enemies":"3 Cultists","floor":23.0,"turns":7.0},{"damage":0.0,"enemies":"Centurion and Healer","floor":24.0,"turns":7.0},{"damage":0.0,"enemies":"Gremlin Leader","floor":29.0,"turns":6.0},{"damage":0,"enemies":"Snake Plant","floor":31,"turns":4},{"damage":38,"enemies":"Automaton","floor":33,"turns":14},{"damage":2,"enemies":"3 Darklings","floor":35,"turns":8},{"damage":0,"enemies":"3 Shapes","floor":39,"turns":7},{"damage":12,"enemies":"Reptomancer","floor":41,"turns":7},{"damage":78,"enemies":"Time Eater","floor":45,"turns":10}],"seed_played":"-289873848865114547","potions_obtained":[{"floor":3.0,"key":"Ancient Potion"},{"floor":5.0,"key":"GamblersBrew"},{"floor":12.0,"key":"Fire Potion"}],"is_trial":false,"path_per_floor":["M","$","M","M","M","E","R","?","T","M","$","M","R","M","R","B",null,"M","M","M","$","?","M","M","?","T","$","R","E","R","M","R","B",null,"M","?","?","$","M","R","M","?","T","?","B"],"character_chosen":"THE_SILENT","items_purchased":["Apotheosis","Catalyst","Footwork","Orichalcum","Membership Card","Noxious Fumes"],"campfire_rested":3,"item_purchase_floors":[2,11,21,21,38,38],"current_hp_per_floor":[60,60,60,60,44,18,36,41,41,40,40,38,38,37,57,30,68,68,68,68,68,68,68,68,68,68,68,68,68,68,68,68,30,68,66,66,66,66,66,68,56,68,82,82,4],"gold":30,"neow_bonus":"TWO_FIFTY_GOLD","is_prod":false,"is_daily":false,"chose_seed":false,"campfire_upgraded":4,"win_rate":0,"timestamp":1539680818,"path_taken":["M","$","M","M","M","E","R","?","T","M","$","M","R","M","R","BOSS","M","M","M","$","?","M","M","?","T","$","R","E","R","M","R","BOSS","M","?","?","$","M","R","M","?","T","?","BOSS"],"build_version":"2018-10-11","purchased_purges":1,"victory":true,"max_hp_per_floor":[63,63,63,63,63,63,63,68,68,68,68,68,68,68,68,68,68,68,68,68,68,68,68,68,68,68,68,68,68,68,68,68,68,68,68,68,68,68,68,68,68,68,82,82,82],"card_choices":[{"not_picked":["Backflip","Prepared"],"picked":"Poisoned Stab","floor":1.0},{"not_picked":["Underhanded Strike","Blade Dance"],"picked":"Deadly Poison","floor":3.0},{"not_picked":["PiercingWail","Sucker Punch"],"picked":"Night Terror","floor":4.0},{"not_picked":["Terror","Endless Agony"],"picked":"Deadly Poison","floor":5.0},{"not_picked":["Sucker Punch","Reflex"],"picked":"Phantasmal Killer","floor":6.0},{"not_picked":["Blur","Reflex"],"picked":"Deadly Poison","floor":10.0},{"not_picked":["Prepared","Poisoned Stab","Dodge and Roll"],"picked":"SKIP","floor":12.0},{"not_picked":["Dodge and Roll","Cloak And Dagger","Blade Dance"],"picked":"SKIP","floor":14.0},{"not_picked":["Phantasmal Killer","A Thousand Cuts"],"picked":"Wraith Form v2","floor":16.0},{"not_picked":["Flying Knee","Bouncing Flask+1"],"picked":"Dodge and Roll","floor":18.0},{"not_picked":["Deadly Poison","Dagger Spray","Acrobatics"],"picked":"SKIP","floor":19.0},{"not_picked":["Dash","Sucker Punch"],"picked":"Backflip+1","floor":20.0},{"not_picked":["Expertise+1","Dash"],"picked":"Cloak And Dagger+1","floor":23.0},{"not_picked":["Backflip","Flying Knee+1"],"picked":"Cloak And Dagger","floor":24.0},{"not_picked":["Masterful Stab+1","Deadly Poison","Unload"],"picked":"SKIP","floor":29.0},{"not_picked":["PiercingWail","Underhanded Strike+1","Flechettes+1"],"picked":"SKIP","floor":31},{"not_picked":["After Image","Storm of Steel"],"picked":"Malaise","floor":33},{"not_picked":["Concentrate+1","Sucker Punch+1","Deflect"],"picked":"SKIP","floor":35},{"not_picked":["Eviscerate+1","Setup","Blade Dance"],"picked":"SKIP","floor":39},{"not_picked":["Escape Plan+1","Quick Slash+1","Calculated Gamble"],"picked":"SKIP","floor":41}],"player_experience":251873,"relics_obtained":[{"floor":6.0,"key":"Shuriken"},{"floor":9.0,"key":"Dodecahedron"},{"floor":26.0,"key":"Calipers"},{"floor":29.0,"key":"Molten Egg 2"},{"floor":43,"key":"Mango"}],"event_choices":[{"event_name":"Big Fish","player_choice":"Donut","floor":8.0,"damage_taken":0.0},{"event_name":"Transmorgrifier","player_choice":"Transform","floor":22.0,"damage_taken":0.0},{"event_name":"Mysterious Sphere","player_choice":"Ignore","floor":36,"damage_taken":0},{"event_name":"Falling","player_choice":"Removed Attack","floor":37,"damage_taken":0},{"event_name":"Winding Halls","player_choice":"Writhe","floor":42,"damage_taken":0},{"event_name":"SecretPortal","player_choice":"Took Portal.","floor":44,"damage_taken":0}],"is_beta":false,"boss_relics":[{"not_picked":["Pandora\u0027s Box","HoveringKite"],"picked":"Sozu"},{"not_picked":["Coffee Dripper","Snecko Eye"],"picked":"WristBlade"}],"items_purged_floors":[2],"is_endless":false,"potions_floor_spawned":[3,5,12,20,23,29,31,35],"ascension_level":0}