{"gold_per_floor":[113,129,141,155,167,167,199,199,199,218,90,123,143,177,177,255,255,267,167,217,52,62,62,162,162,162,189,114,114,114],"floor_reached":30,"playtime":1508,"items_purged":["Strike_G","Strike_G"],"score":736,"play_id":"89f474d8-b5ff-4ee3-83f2-af224b1267aa","local_time":"20190212102139","is_ascension_mode":true,"campfire_choices":[{"data":"Well Laid Plans","floor":6.0,"key":"SMITH"},{"data":"Neutralize","floor":8.0,"key":"SMITH"},{"data":"Grand Finale","floor":15.0,"key":"SMITH"},{"floor":23.0,"key":"REST"},{"data":"Tactician","floor":25.0,"key":"SMITH"},{"data":"Backflip","floor":29.0,"key":"SMITH"}],"neow_cost":"NONE","seed_source_timestamp":633422818910,"circlet_count":0,"master_deck":["AscendersBane","Defend_G","Defend_G","Defend_G","Defend_G","Defend_G","Strike_G","Strike_G","Survivor","Neutralize+1","Backflip+1","Grand Finale+1","Well Laid Plans+1","Heel Hook","Tactician+1","After Image"],"special_seed":0,"relics":["Ring of the Snake","NeowsBlessing","Molten Egg 2","Incense Burner","StoneCalendar","Calipers","Black Star","Lantern","Dead Branch","The Courier","Kunai","Anchor","Orichalcum"],"potions_floor_usage":[],"damage_taken":[{"damage":0.0,"enemies":"2 Louse","floor":1.0,"turns":1.0},{"damage":0.0,"enemies":"Small Slimes","floor":2.0,"turns":1.0},{"damage":0.0,"enemies":"Jaw Worm","floor":3.0,"turns":1.0},{"damage":1.0,"enemies":"Looter","floor":4.0,"turns":4.0},{"damage":2.0,"enemies":"Blue Slaver","floor":5.0,"turns":6.0},{"damage":1.0,"enemies":"Gremlin Nob","floor":7.0,"turns":3.0},{"damage":8.0,"enemies":"Red Slaver","floor":10.0,"turns":5.0},{"damage":0.0,"enemies":"Lagavulin","floor":12.0,"turns":5.0},{"damage":1.0,"enemies":"Large Slime","floor":13.0,"turns":7.0},{"damage":0.0,"enemies":"Gremlin Nob","floor":14.0,"turns":3.0},{"damage":0.0,"enemies":"The Guardian","floor":16.0,"turns":7.0},{"damage":29.0,"enemies":"3 Byrds","floor":18.0,"turns":5.0},{"damage":17.0,"enemies":"2 Thieves","floor":22.0,"turns":5.0},{"damage":5.0,"enemies":"Colosseum Slavers","floor":24.0,"turns":3.0},{"damage":0.0,"enemies":"Colosseum Nobs","floor":24.0,"turns":3.0},{"damage":4.0,"enemies":"Gremlin Leader","floor":27.0,"turns":7.0},{"damage":26,"enemies":"Slavers","floor":30,"turns":3}],"seed_played":"121115133112300953","potions_obtained":[{"floor":3.0,"key":"Poison Potion"},{"floor":10.0,"key":"AttackPotion"},{"floor":22.0,"key":"Energy Potion"}],"is_trial":false,"path_per_floor":["M","M","M","M","M","R","E","R","T","M","$","E","M","E","R","B",null,"M","$","?","$","M","R","?","R","T","E","?","R","E"],"character_chosen":"THE_SILENT","items_purchased":["Fire Potion","Lantern"],"campfire_rested":1,"item_purchase_floors":[11,21],"current_hp_per_floor":[59,59,59,58,56,56,55,55,55,47,47,47,46,46,46,46,61,32,32,32,32,15,34,29,29,29,25,25,25,0],"gold":114,"neow_bonus":"THREE_ENEMY_KILL","is_prod":false,"is_daily":false,"chose_seed":false,"campfire_upgraded":5,"win_rate":0,"timestamp":1549938099,"path_taken":["M","M","M","M","M","R","E","R","T","M","$","E","M","E","R","BOSS","M","$","?","$","M","R","?","R","T","E","?","R","E"],"build_version":"2019-01-23","purchased_purges":2,"victory":false,"max_hp_per_floor":[66,66,66,66,66,66,66,66,66,66,66,66,66,66,66,66,66,66,66,66,66,66,66,66,66,66,66,66,66,66],"card_choices":[{"not_picked":["Dagger Spray","Prepared"],"picked":"Backflip","floor":1.0},{"not_picked":["Crippling Poison","Dash"],"picked":"Grand Finale","floor":2.0},{"not_picked":["Quick Slash","Deflect"],"picked":"Well Laid Plans","floor":3.0},{"not_picked":["Cloak And Dagger","Outmaneuver","Deflect"],"picked":"SKIP","floor":4.0},{"not_picked":["Underhanded Strike","Finisher"],"picked":"Heel Hook","floor":5.0},{"not_picked":["PiercingWail","Flechettes"],"picked":"Tactician","floor":7.0},{"not_picked":["Underhanded Strike+1","Bouncing Flask","Cloak And Dagger"],"picked":"SKIP","floor":10.0},{"not_picked":["Underhanded Strike+1","Cloak And Dagger","Predator+1"],"picked":"SKIP","floor":12.0},{"not_picked":["Heel Hook+1","Slice+1","Sucker Punch+1"],"picked":"SKIP","floor":13.0},{"not_picked":["Noxious Fumes","Deflect","Bouncing Flask"],"picked":"SKIP","floor":14.0},{"not_picked":["Doppelganger","Storm of Steel"],"picked":"After Image","floor":16.0},{"not_picked":["Slice+1","Endless Agony+1","Deflect"],"picked":"SKIP","floor":18.0},{"not_picked":["Dagger Spray+1","Dash+1","Tactician"],"picked":"SKIP","floor":22.0},{"not_picked":["Quick Slash+1","Storm of Steel","Prepared"],"picked":"SKIP","floor":27.0}],"player_experience":2628943,"relics_obtained":[{"floor":7.0,"key":"Molten Egg 2"},{"floor":9.0,"key":"Incense Burner"},{"floor":12.0,"key":"StoneCalendar"},{"floor":14.0,"key":"Calipers"},{"floor":24.0,"key":"Dead Branch"},{"floor":24.0,"key":"The Courier"},{"floor":26.0,"key":"Kunai"},{"floor":27.0,"key":"Anchor"},{"floor":27.0,"key":"Orichalcum"}],"event_choices":[{"damage_healed":0.0,"max_hp_gain":0.0,"max_hp_loss":0.0,"gold_gain":50.0,"event_name":"Nest","player_choice":"Stole From Cult","floor":20.0,"gold_loss":0.0,"damage_taken":0.0},{"damage_healed":0.0,"max_hp_gain":0.0,"max_hp_loss":0.0,"gold_gain":0.0,"event_name":"Colosseum","player_choice":"Fight","floor":24.0,"gold_loss":0.0,"damage_taken":0.0},{"damage_healed":0.0,"max_hp_gain":0.0,"max_hp_loss":0.0,"gold_gain":0.0,"event_name":"Colosseum","player_choice":"Fought Nobs","floor":24.0,"gold_loss":0.0,"damage_taken":0.0},{"cards_removed":["Strike_G"],"damage_healed":0.0,"max_hp_gain":0.0,"max_hp_loss":0.0,"gold_gain":0.0,"event_name":"Beggar","player_choice":"Gave Gold","floor":28.0,"gold_loss":75.0,"damage_taken":0.0}],"is_beta":false,"boss_relics":[{"not_picked":["Orrery","Empty Cage"],"picked":"Black Star"}],"items_purged_floors":[11,19],"is_endless":false,"potions_floor_spawned":[3,10,12,22],"killed_by":"Slavers","ascension_level":20}