{"gold_per_floor":[361,375,375,388,10,10,24,24,24,35,35],"floor_reached":11,"playtime":300,"items_purged":["Strike_G"],"score":130,"play_id":"1807c861-2b1a-482a-abd9-d5aeef70243f","local_time":"20190123222242","is_ascension_mode":true,"campfire_choices":[{"data":"Catalyst","floor":6,"key":"SMITH"},{"data":"Neutralize","floor":8,"key":"SMITH"}],"neow_cost":"PERCENT_DAMAGE","seed_source_timestamp":46100897490557,"circlet_count":0,"master_deck":["AscendersBane","Defend_G","Defend_G","Defend_G","Defend_G+1","Defend_G","Strike_G","Strike_G","Strike_G","Strike_G","Survivor","Neutralize+1","Acrobatics+1","Poisoned Stab","Catalyst+1"],"relics":["Ring of the Snake","War Paint","Tingsha"],"potions_floor_usage":[],"damage_taken":[{"damage":2,"enemies":"Cultist","floor":1,"turns":4},{"damage":1,"enemies":"Small Slimes","floor":2,"turns":4},{"damage":7,"enemies":"Jaw Worm","floor":4,"turns":7},{"damage":7,"enemies":"3 Louse","floor":7,"turns":5},{"damage":9,"enemies":"Gremlin Gang","floor":10,"turns":8},{"damage":0,"enemies":"Exordium Wildlife","floor":11,"turns":1}],"seed_played":"8971768619144356518","potions_obtained":[{"floor":1,"key":"GhostInAJar"},{"floor":2,"key":"Fire Potion"}],"is_trial":false,"path_per_floor":["M","?","$"],"character_chosen":"THE_SILENT","items_purchased":["Poisoned Stab","Catalyst","War Paint"],"campfire_rested":0,"item_purchase_floors":[5,5,5],"current_hp_per_floor":[42,41,41,34,34,34,27,27,27,18,18],"gold":35,"neow_bonus":"TWO_FIFTY_GOLD","is_prod":false,"is_daily":false,"chose_seed":false,"campfire_upgraded":2,"win_rate":0,"timestamp":1548253362,"path_taken":["M","?","?","M","?","R","M","R","T","M","M"],"build_version":"2019-01-22","purchased_purges":1,"victory":false,"max_hp_per_floor":[66,66,66,66,66,66,66,66,66,66,66],"card_choices":[{"not_picked":["Expertise","Slice","Bane"],"picked":"SKIP","floor":1},{"not_picked":["Choke","Underhanded Strike"],"picked":"Acrobatics","floor":2},{"not_picked":["Dagger Spray","Slice","Terror"],"picked":"SKIP","floor":4},{"not_picked":["Underhanded Strike","Bane","Backflip"],"picked":"SKIP","floor":7},{"not_picked":["Underhanded Strike","Bane","Backflip"],"picked":"SKIP","floor":7},{"not_picked":["Infinite Blades","Riddle With Holes","PiercingWail"],"picked":"SKIP","floor":10}],"player_experience":1323135,"relics_obtained":[{"floor":9,"key":"Tingsha"}],"event_choices":[{"damage_healed":0,"gold_gain":0,"player_choice":"Got Potions","damage_taken":0,"max_hp_gain":0,"max_hp_loss":0,"event_name":"Lab","floor":3,"gold_loss":0}],"is_beta":true,"boss_relics":[],"items_purged_floors":[5],"is_endless":false,"potions_floor_spawned":[1,2,7],"killed_by":"Exordium Wildlife","ascension_level":20}