{"gold_per_floor":[110,110,35,49,49,61,106,138,173,202,224,236,248,185,197,287,299,329,341,364,454,466],"floor_reached":22,"playtime":515,"items_purged":[],"score":366,"play_id":"e024401f-533d-4ac3-97d5-43d2483bc0b6","local_time":"20190216130425","is_ascension_mode":true,"campfire_choices":[{"data":"Cloak And Dagger","floor":6,"key":"SMITH"},{"data":"Neutralize","floor":12,"key":"SMITH"},{"data":"Blade Dance","floor":15,"key":"SMITH"}],"neow_cost":"NONE","seed_source_timestamp":323726182374287,"circlet_count":0,"master_deck":["AscendersBane","Defend_G","Defend_G","Defend_G","Defend_G","Defend_G","Strike_G","Strike_G","Strike_G","Strike_G","Survivor","Neutralize+1","Well Laid Plans","Cloak And Dagger+1","Tactician","Blade Dance+1","Finisher","Escape Plan+1"],"relics":["Ring of the Snake","MawBank","Du-Vu Doll","Strawberry","Coffee Dripper","Nloth\u0027s Gift","Frozen Egg 2"],"potions_floor_usage":[16,16],"damage_taken":[{"damage":0,"enemies":"Small Slimes","floor":1,"turns":2},{"damage":0,"enemies":"Cultist","floor":4,"turns":1},{"damage":0,"enemies":"Lagavulin","floor":7,"turns":1},{"damage":5,"enemies":"Jaw Worm","floor":8,"turns":3},{"damage":8,"enemies":"Looter","floor":10,"turns":4},{"damage":0,"enemies":"Blue Slaver","floor":11,"turns":4},{"damage":38,"enemies":"Hexaghost","floor":16,"turns":11},{"damage":8,"enemies":"Shell Parasite","floor":18,"turns":6},{"damage":13,"enemies":"Spheric Guardian","floor":20,"turns":4},{"damage":60,"enemies":"Cultist and Chosen","floor":22,"turns":7}],"seed_played":"-2732237150378652614","potions_obtained":[{"floor":1,"key":"Strength Potion"},{"floor":8,"key":"Weak Potion"}],"is_trial":false,"path_per_floor":["M","?","$","M","?","R","E","M","T","M","M","R","?","?","R","B",null,"M","?","M","T","M"],"character_chosen":"THE_SILENT","items_purchased":["Well Laid Plans"],"campfire_rested":0,"item_purchase_floors":[3],"current_hp_per_floor":[59,64,64,64,64,64,64,59,66,58,58,58,58,58,58,20,64,56,56,43,43,0],"gold":466,"neow_bonus":"THREE_ENEMY_KILL","is_prod":false,"is_daily":false,"chose_seed":false,"campfire_upgraded":3,"win_rate":0,"timestamp":1550293465,"path_taken":["M","?","$","M","?","R","E","?","T","M","M","R","?","?","R","BOSS","M","?","?","?","M"],"build_version":"2019-01-23","purchased_purges":0,"victory":false,"max_hp_per_floor":[66,71,71,71,71,71,71,71,78,78,78,78,78,78,78,78,78,78,78,78,78,78],"card_choices":[{"not_picked":["Flechettes","Underhanded Strike"],"picked":"Backstab","floor":1},{"not_picked":["Deflect","Deadly Poison"],"picked":"Cloak And Dagger","floor":4},{"not_picked":["Poisoned Stab","Bouncing Flask"],"picked":"Tactician","floor":7},{"not_picked":["Flying Knee","Predator"],"picked":"Blade Dance","floor":8},{"not_picked":["Flechettes","Eviscerate","Reflex"],"picked":"SKIP","floor":10},{"not_picked":["Choke","PiercingWail","Doppelganger"],"picked":"SKIP","floor":11},{"not_picked":["Slice","Backflip"],"picked":"Finisher","floor":18},{"not_picked":["Tools of the Trade","Catalyst+1"],"picked":"Escape Plan+1","floor":20}],"player_experience":779142,"relics_obtained":[{"floor":7,"key":"Du-Vu Doll"},{"floor":9,"key":"Strawberry"},{"floor":21,"key":"Frozen Egg 2"}],"event_choices":[{"damage_healed":0,"gold_gain":0,"player_choice":"Donut","damage_taken":0,"max_hp_gain":5,"max_hp_loss":0,"event_name":"Big Fish","floor":2,"gold_loss":0},{"cards_removed":["Backstab"],"damage_healed":0,"gold_gain":0,"player_choice":"Gave Card","damage_taken":0,"relics_obtained":["MawBank"],"max_hp_gain":0,"max_hp_loss":0,"event_name":"WeMeetAgain","floor":5,"gold_loss":0},{"damage_healed":0,"gold_gain":0,"player_choice":"Ignored","damage_taken":0,"max_hp_gain":0,"max_hp_loss":0,"event_name":"Liars Game","floor":13,"gold_loss":0},{"cards_removed":["Strike_G"],"damage_healed":0,"gold_gain":0,"player_choice":"Card Removal","damage_taken":0,"max_hp_gain":0,"max_hp_loss":0,"event_name":"The Cleric","floor":14,"gold_loss":75},{"damage_healed":0,"gold_gain":0,"player_choice":"Traded Relic","damage_taken":0,"relics_obtained":["Nloth\u0027s Gift"],"max_hp_gain":0,"max_hp_loss":0,"event_name":"N\u0027loth","floor":19,"relics_lost":["NeowsBlessing"],"gold_loss":0}],"is_beta":false,"boss_relics":[{"not_picked":["Lizard Tail","Eternal Feather"],"picked":"Coffee Dripper"}],"items_purged_floors":[],"is_endless":false,"potions_floor_spawned":[1,8,11],"killed_by":"Cultist and Chosen","ascension_level":15}