{"gold_per_floor":[114,39,39,52,52,82,102,102,181,181,196,196,226,226,226,321,321,340,351,266,281,205,234,41,41,64,75,75,87,87,117,117,212,212,222,222,222,222,149,173,173,173,200,217,217,250,250,267,267,267],"floor_reached":51,"playtime":3258,"items_purged":["Redo"],"score":1099,"play_id":"66d144ae-71ec-4b73-b912-d7b0b0402e1f","local_time":"20180716232857","daily_mods":["Draft"],"is_ascension_mode":false,"campfire_choices":[{"data":"Turbo","floor":8,"key":"SMITH"},{"data":"Skim","floor":10,"key":"SMITH"},{"floor":15,"key":"REST"},{"data":"Skim","floor":30,"key":"SMITH"},{"data":"Turbo","floor":32,"key":"SMITH"},{"data":"Seek","floor":41,"key":"SMITH"},{"data":"Turbo","floor":45,"key":"SMITH"},{"data":"Turbo","floor":49,"key":"SMITH"}],"neow_cost":"","seed_source_timestamp":0,"circlet_count":0,"master_deck":["Turbo+1","Conserve Battery","Turbo+1","Turbo+1","Steam+1","Turbo+1","Hologram+1","Tempest","Coolheaded","Skim+1","Coolheaded+1","Gash+1","Skim+1","Turbo","Skim+1","Reinforced Body","Multi-Cast","Turbo+1","Seek+1","Meteor Strike+1","Echo Form"],"relics":["Cracked Core","Centennial Puzzle","Matryoshka","War Paint","Dead Branch","White Beast Statue","Potion Belt","Du-Vu Doll","TheAbacus","Lantern","Juzu Bracelet","Tiny Chest","Bottled Flame","Sozu","Pantograph","Blood Vial","Whetstone","Ancient Tea Set","Ginger"],"potions_floor_usage":[44,46],"damage_taken":[{"damage":0,"enemies":"Cultist","floor":1,"turns":2},{"damage":0,"enemies":"Small Slimes","floor":4,"turns":2},{"damage":26,"enemies":"Lagavulin","floor":6,"turns":5},{"damage":0,"enemies":"2 Louse","floor":7,"turns":1},{"damage":0,"enemies":"Red Slaver","floor":11,"turns":1},{"damage":0,"enemies":"3 Sentries","floor":13,"turns":5},{"damage":0,"enemies":"Slime Boss","floor":16,"turns":3},{"damage":0,"enemies":"3 Byrds","floor":18,"turns":2},{"damage":0,"enemies":"Shell Parasite","floor":19,"turns":2},{"damage":0,"enemies":"Snecko","floor":21,"turns":2},{"damage":6,"enemies":"Slavers","floor":23,"turns":3},{"damage":0,"enemies":"Chosen and Byrds","floor":27,"turns":2},{"damage":0,"enemies":"Snake Plant","floor":29,"turns":1},{"damage":50,"enemies":"Champ","floor":33,"turns":6},{"damage":0,"enemies":"Orb Walker","floor":35,"turns":2},{"damage":0,"enemies":"3 Shapes","floor":44,"turns":3},{"damage":0,"enemies":"Giant Head","floor":46,"turns":4},{"damage":0,"floor":47,"turns":2},{"damage":0,"enemies":"3 Darklings","floor":48,"turns":1},{"damage":20,"enemies":"Donu and Deca","floor":50,"turns":3}],"seed_played":"-2203503735972922589","potions_obtained":[{"floor":4,"key":"SkillPotion"},{"floor":6,"key":"SteroidPotion"},{"floor":11,"key":"Block Potion"},{"floor":21,"key":"Block Potion"},{"floor":23,"key":"Fire Potion"}],"is_trial":true,"path_per_floor":["M","$","?","M","?","E","M","R","T","R","M","?","E","?","R","B",null,"M","M","?","M","$","E","$","?","T","M","$","M","R","T","R","B",null,"M","?","?","?","$","T","R","?","T","M","R","E","?","M","R","B"],"character_chosen":"DEFECT","items_purchased":["Seek","TheAbacus","Echo Form"],"campfire_rested":1,"item_purchase_floors":[22,24,39],"current_hp_per_floor":[75,75,60,60,65,39,39,39,39,39,39,39,39,27,49,49,75,75,75,75,75,75,69,69,69,69,69,69,69,69,69,69,19,75,75,75,75,65,65,65,65,65,65,67,67,69,75,75,75,55],"gold":267,"neow_bonus":"","is_prod":false,"is_daily":false,"chose_seed":false,"campfire_upgraded":7,"win_rate":0,"timestamp":1531776537,"path_taken":["M","$","?","M","?","E","M","R","T","R","M","?","E","?","R","BOSS","M","M","?","?","$","E","?","?","T","M","?","M","R","?","R","BOSS","M","?","?","?","$","?","R","?","T","M","R","E","?","M","R","BOSS"],"build_version":"2018-07-12","purchased_purges":1,"victory":true,"max_hp_per_floor":[75,75,75,75,75,75,75,75,75,75,75,75,75,75,75,75,75,75,75,75,75,75,75,75,75,75,75,75,75,75,75,75,75,75,75,75,75,75,75,75,75,75,75,75,75,75,75,75,75,75],"card_choices":[{"not_picked":["Auto Shields","Coolheaded"],"picked":"Turbo","floor":0},{"not_picked":["Barrage","BootSequence"],"picked":"Conserve Battery","floor":0},{"not_picked":["BootSequence","Recycle"],"picked":"Turbo","floor":0},{"not_picked":["Ball Lightning","Storm"],"picked":"Turbo","floor":0},{"not_picked":["Glacier","Melter"],"picked":"Steam","floor":0},{"not_picked":["Darkness","Sweeping Beam"],"picked":"Turbo","floor":0},{"not_picked":["Redo","Chill"],"picked":"Hologram","floor":0},{"not_picked":["Static Discharge","Leap"],"picked":"Tempest","floor":0},{"not_picked":["Darkness","Rebound"],"picked":"Coolheaded","floor":0},{"not_picked":["Static Discharge","Compile Driver"],"picked":"Skim","floor":0},{"not_picked":["Force Field","Stack"],"picked":"Coolheaded","floor":0},{"not_picked":["Compile Driver","Chill"],"picked":"Gash","floor":0},{"not_picked":["Cold Snap","Compile Driver"],"picked":"Coolheaded","floor":0},{"not_picked":["Force Field","Barrage"],"picked":"Skim","floor":0},{"not_picked":["Doom and Gloom","Lockon"],"picked":"Redo","floor":0},{"not_picked":["Barrage","Capacitor"],"picked":"Turbo","floor":1},{"not_picked":["Redo","Compile Driver","Hologram"],"picked":"SKIP","floor":4},{"not_picked":["BootSequence","Fusion","Ball Lightning"],"picked":"SKIP","floor":6},{"not_picked":["Chaos","White Noise"],"picked":"Skim","floor":7},{"not_picked":["Sweeping Beam","Stack"],"picked":"Reinforced Body","floor":11},{"not_picked":["Leap","Coolheaded"],"picked":"Barrage","floor":13},{"not_picked":["Rainbow","Machine Learning"],"picked":"Multi-Cast","floor":16},{"not_picked":["Reinforced Body","Redo","Auto Shields+1"],"picked":"SKIP","floor":18},{"not_picked":["Compile Driver+1","Leap","Beam Cell"],"picked":"SKIP","floor":19},{"not_picked":["Steam+1","Beam Cell"],"picked":"Turbo+1","floor":21},{"not_picked":["Turbo","Barrage","Aggregate"],"picked":"SKIP","floor":23},{"not_picked":["Fusion+1","Loop","Ball Lightning"],"picked":"SKIP","floor":27},{"not_picked":["Gash","Buffer","Compile Driver+1"],"picked":"SKIP","floor":29},{"not_picked":["Amplify","Reboot"],"picked":"Meteor Strike","floor":33},{"not_picked":["Go for the Eyes+1","Redo+1","Stack"],"picked":"SKIP","floor":35},{"not_picked":["Gash+1","Compile Driver+1","Force Field+1"],"picked":"SKIP","floor":44},{"not_picked":["Leap+1","Cold Snap+1","Fission"],"picked":"SKIP","floor":46},{"not_picked":["Ball Lightning+1","BootSequence+1","Beam Cell"],"picked":"SKIP","floor":48}],"player_experience":323694,"relics_obtained":[{"floor":6,"key":"Centennial Puzzle"},{"floor":9,"key":"Matryoshka"},{"floor":13,"key":"War Paint"},{"floor":23,"key":"Du-Vu Doll"},{"floor":26,"key":"Lantern"},{"floor":26,"key":"Juzu Bracelet"},{"floor":31,"key":"Tiny Chest"},{"floor":31,"key":"Bottled Flame"},{"floor":40,"key":"Blood Vial"},{"floor":43,"key":"Whetstone"},{"floor":46,"key":"Ancient Tea Set"},{"floor":47,"key":"Ginger"}],"event_choices":[{"event_name":"Shining Light","player_choice":"Entered Light","floor":3,"damage_taken":0},{"event_name":"Bonfire Elementals","player_choice":"COMMON","floor":5,"damage_taken":0},{"event_name":"Living Wall","player_choice":"Grow","floor":12,"damage_taken":0},{"event_name":"Scrap Ooze","player_choice":"success","floor":14,"damage_taken":12},{"event_name":"Addict","player_choice":"Obtained Relic","floor":20,"damage_taken":0},{"event_name":"Drug Dealer","player_choice":"Ignored","floor":25,"damage_taken":0},{"event_name":"Falling","player_choice":"Removed Attack","floor":36,"damage_taken":0},{"event_name":"Wheel of Change","player_choice":"Relic","floor":37,"damage_taken":0},{"event_name":"SensoryStone","player_choice":"Memory 3","floor":38,"damage_taken":0},{"event_name":"Purifier","player_choice":"Skipped","floor":42,"damage_taken":0},{"event_name":"MindBloom","player_choice":"Fight","floor":47,"damage_taken":0}],"boss_relics":[{"not_picked":["Philosopher\u0027s Stone","Fusion Hammer"],"picked":"White Beast Statue"},{"not_picked":["Runic Dome","FrozenCore"],"picked":"Sozu"}],"items_purged_floors":[2],"is_endless":false,"potions_floor_spawned":[4,6,11,16,18,19,21,23,27,29,33,35,44,46,47,48],"ascension_level":0}