{"gold_per_floor":[116,131,43,61,136,170,270,281,281,281,306,306,84,109,109,109],"floor_reached":16,"playtime":537,"items_purged":["Strike_G"],"score":236,"play_id":"fb615001-aaba-41f8-901e-3c3a9de8f82e","local_time":"20181026000346","is_ascension_mode":true,"campfire_choices":[{"data":"Neutralize","floor":10,"key":"SMITH"},{"floor":12,"key":"REST"},{"data":"Finisher","floor":15,"key":"SMITH"}],"neow_cost":"NONE","seed_source_timestamp":31172841343047,"circlet_count":0,"master_deck":["Defend_G","Defend_G","Defend_G","Defend_G","Defend_G","Strike_G","Strike_G","Strike_G","Strike_G","Survivor","Neutralize+1","AscendersBane","Finisher+1","Infinite Blades","After Image","Backflip"],"relics":["WristBlade","Smiling Mask","Ninja Scroll","Question Card","Omamori","Frozen Egg 2"],"potions_floor_usage":[6,6,14],"damage_taken":[{"damage":4,"enemies":"Cultist","floor":1,"turns":5},{"damage":0,"enemies":"Small Slimes","floor":2,"turns":5},{"damage":0,"enemies":"2 Louse","floor":4,"turns":3},{"damage":8,"enemies":"Gremlin Nob","floor":6,"turns":3},{"damage":9,"enemies":"2 Fungi Beasts","floor":8,"turns":4},{"damage":11,"enemies":"3 Sentries","floor":11,"turns":6},{"damage":9,"enemies":"Lagavulin","floor":14,"turns":6},{"damage":30,"enemies":"Hexaghost","floor":16,"turns":11}],"seed_played":"-5249784852455544241","potions_obtained":[{"floor":1,"key":"GamblersBrew"},{"floor":4,"key":"SteroidPotion"},{"floor":8,"key":"Weak Potion"}],"is_trial":false,"path_per_floor":["M","M","$","M","?","E","?","M","T","R","E","R","$","E","R"],"character_chosen":"THE_SILENT","items_purchased":["Infinite Blades","Omamori"],"campfire_rested":1,"item_purchase_floors":[3,13],"current_hp_per_floor":[55,55,55,55,44,36,36,27,27,27,16,35,35,26,26,0],"gold":109,"neow_bonus":"BOSS_RELIC","is_prod":false,"is_daily":false,"chose_seed":false,"campfire_upgraded":2,"win_rate":0,"timestamp":1540483426,"path_taken":["M","?","$","M","?","E","?","M","T","R","E","R","$","E","R","BOSS"],"build_version":"2018-10-18","purchased_purges":1,"victory":false,"max_hp_per_floor":[66,66,66,66,66,66,66,66,66,66,66,66,66,66,66,66],"card_choices":[{"not_picked":["Choke","Quick Slash","Deadly Poison"],"picked":"SKIP","floor":1},{"not_picked":["Skewer","Crippling Poison"],"picked":"Finisher","floor":2},{"not_picked":["Outmaneuver","Deadly Poison","Heel Hook"],"picked":"SKIP","floor":4},{"not_picked":["Sucker Punch","Choke","Concentrate"],"picked":"SKIP","floor":6},{"not_picked":["Deadly Poison","Underhanded Strike"],"picked":"After Image","floor":8},{"not_picked":["Deflect","Grand Finale"],"picked":"Backflip","floor":11},{"not_picked":["Flying Knee","Dagger Throw","Underhanded Strike","Venomology"],"picked":"SKIP","floor":14}],"player_experience":387722,"relics_obtained":[{"floor":6,"key":"Smiling Mask"},{"floor":9,"key":"Ninja Scroll"},{"floor":11,"key":"Question Card"},{"floor":14,"key":"Frozen Egg 2"}],"event_choices":[{"damage_healed":0,"gold_gain":75,"player_choice":"Gather Gold","damage_taken":11,"max_hp_gain":0,"max_hp_loss":0,"event_name":"World of Goop","floor":5,"gold_loss":0},{"damage_healed":0,"gold_gain":100,"player_choice":"Gold","damage_taken":0,"max_hp_gain":0,"max_hp_loss":0,"event_name":"Wheel of Change","floor":7,"gold_loss":0}],"is_beta":false,"boss_relics":[],"items_purged_floors":[13],"is_endless":false,"potions_floor_spawned":[1,4,8],"killed_by":"Hexaghost","ascension_level":20}