{"gold_per_floor":[116,66,85,102,102,102,137,137,163,174,203,203],"floor_reached":12,"playtime":1113,"items_purged":[],"score":97,"play_id":"cd9d2734-442d-4f40-b5c0-9b8b6e32a120","local_time":"20190807123811","is_ascension_mode":true,"campfire_choices":[{"data":"Sunder","floor":6,"key":"SMITH"},{"data":"Double Energy","floor":8,"key":"SMITH"}],"neow_cost":"NONE","seed_source_timestamp":2455571282974044,"circlet_count":0,"master_deck":["Strike_B","Strike_B","Strike_B","Defend_B","Defend_B","Defend_B","Defend_B","Zap","Dualcast","Meteor Strike","Compile Driver","Double Energy+1","Sunder+1","Reprogram","Sweeping Beam","Echo Form"],"relics":["Cracked Core","Omamori","PreservedInsect","Smiling Mask","Pen Nib"],"potions_floor_usage":[7,11,12],"damage_taken":[{"damage":12,"enemies":"2 Louse","floor":1,"turns":3},{"damage":5,"enemies":"Small Slimes","floor":3,"turns":3},{"damage":1,"enemies":"Cultist","floor":4,"turns":3},{"damage":16,"enemies":"Lagavulin","floor":7,"turns":7},{"damage":17,"enemies":"Exordium Thugs","floor":10,"turns":3},{"damage":4,"enemies":"3 Sentries","floor":11,"turns":3},{"damage":12,"enemies":"3 Louse","floor":12,"turns":2}],"seed_played":"1710153499271028766","potions_obtained":[{"floor":3,"key":"Energy Potion"},{"floor":4,"key":"SkillPotion"},{"floor":11,"key":"PowerPotion"}],"is_trial":false,"path_per_floor":["M","?","M","M","?","R","E","R","T","M","E","M"],"character_chosen":"DEFECT","items_purchased":[],"campfire_rested":0,"item_purchase_floors":[],"current_hp_per_floor":[63,63,58,57,45,45,29,29,29,12,8,0],"gold":203,"neow_bonus":"ONE_RANDOM_RARE_CARD","is_prod":false,"is_daily":false,"chose_seed":false,"campfire_upgraded":2,"win_rate":0,"timestamp":1565170691,"path_taken":["M","?","M","M","?","R","E","R","T","M","E","M"],"build_version":"2019-07-17","purchased_purges":0,"victory":false,"max_hp_per_floor":[75,75,75,75,75,75,75,75,75,75,75,75],"card_choices":[{"not_picked":["Coolheaded","Auto Shields"],"picked":"Compile Driver","floor":1},{"not_picked":["Gash","Turbo"],"picked":"Double Energy","floor":3},{"not_picked":["Heatsinks","Biased Cognition"],"picked":"Sunder","floor":4},{"not_picked":["Barrage","BootSequence"],"picked":"Reprogram","floor":7},{"not_picked":["Capacitor","Fusion"],"picked":"Sweeping Beam","floor":10},{"not_picked":["Beam Cell","Sweeping Beam"],"picked":"Echo Form","floor":11}],"player_experience":135808,"relics_obtained":[{"floor":7,"key":"PreservedInsect"},{"floor":9,"key":"Smiling Mask"},{"floor":11,"key":"Pen Nib"}],"event_choices":[{"cards_removed":["Strike_B"],"damage_healed":0,"gold_gain":0,"player_choice":"Card Removal","damage_taken":0,"max_hp_gain":0,"max_hp_loss":0,"event_name":"The Cleric","floor":2,"gold_loss":50},{"damage_healed":0,"gold_gain":0,"player_choice":"Success","damage_taken":12,"relics_obtained":["Omamori"],"max_hp_gain":0,"max_hp_loss":0,"event_name":"Scrap Ooze","floor":5,"gold_loss":0}],"is_beta":false,"boss_relics":[],"items_purged_floors":[],"is_endless":false,"potions_floor_spawned":[3,4,11],"killed_by":"3 Louse","ascension_level":2}