{"gold_per_floor":[117,134,134,134,150,150,4,15,15,15,90,105,105,124,124,226,226,238,238,138,153,171,199,199,213,293,293,308,308,321,332,332,431,431,446,82,82,98,98,98,111,111,111,121,121,121,121,141,141,141],"floor_reached":51,"playtime":1423,"items_purged":["Strike_G","Strike_G","Strike_G"],"score":686,"play_id":"1c6090d4-2d4c-4050-9466-68d176c3d3a3","local_time":"20181101135606","is_ascension_mode":false,"campfire_choices":[{"data":"Neutralize","floor":6.0,"key":"SMITH"},{"data":"Bouncing Flask","floor":10.0,"key":"SMITH"},{"data":"Dagger Spray","floor":13.0,"key":"SMITH"},{"data":"Catalyst","floor":15.0,"key":"SMITH"},{"data":"Noxious Fumes","floor":24.0,"key":"SMITH"},{"data":"Malaise","floor":29.0,"key":"SMITH"},{"data":"Leg Sweep","floor":32.0,"key":"SMITH"},{"floor":40,"key":"REST"},{"data":"Noxious Fumes","floor":42,"key":"SMITH"},{"data":"Cloak And Dagger","floor":47,"key":"SMITH"},{"data":"Survivor","floor":49,"key":"SMITH"}],"neow_cost":"NONE","seed_source_timestamp":14369355599388,"circlet_count":0,"master_deck":["Defend_G","Defend_G","Defend_G","Defend_G","Strike_G","Survivor+1","Neutralize+1","Leg Sweep+1","Dagger Spray+1","Bouncing Flask+1","Cloak And Dagger+1","Catalyst+1","Malaise+1","Noxious Fumes+1","Footwork+1","Venomology","PiercingWail+1","Blind+1","Blind+1","Apotheosis+1","Noxious Fumes+1","Parasite","Doubt","Doubt","Crippling Poison+1"],"special_seed":0,"relics":["Ring of the Snake","Pen Nib","Mummified Hand","Runic Dome","Du-Vu Doll","Tiny Chest","Cursed Key","Toxic Egg 2","Darkstone Periapt"],"potions_floor_usage":[38,38,44,48,50,50,50,50],"damage_taken":[{"damage":0.0,"enemies":"Cultist","floor":1.0,"turns":3.0},{"damage":0.0,"enemies":"Jaw Worm","floor":2.0,"turns":4.0},{"damage":0.0,"enemies":"2 Louse","floor":5.0,"turns":2.0},{"damage":2.0,"enemies":"Looter","floor":8.0,"turns":3.0},{"damage":0.0,"enemies":"Blue Slaver","floor":12.0,"turns":4.0},{"damage":3.0,"enemies":"Exordium Wildlife","floor":14.0,"turns":4.0},{"damage":31.0,"enemies":"Slime Boss","floor":16.0,"turns":7.0},{"damage":0.0,"enemies":"Chosen","floor":18.0,"turns":3.0},{"damage":0.0,"enemies":"Shell Parasite","floor":21.0,"turns":4.0},{"damage":1.0,"enemies":"3 Cultists","floor":22.0,"turns":4.0},{"damage":11.0,"enemies":"Book of Stabbing","floor":23.0,"turns":7.0},{"damage":1.0,"enemies":"Cultist and Chosen","floor":25.0,"turns":5.0},{"damage":0.0,"enemies":"Chosen and Byrds","floor":28.0,"turns":4.0},{"damage":0.0,"enemies":"3 Cultists","floor":30.0,"turns":5.0},{"damage":6.0,"enemies":"Centurion and Healer","floor":31.0,"turns":6.0},{"damage":18.0,"enemies":"Collector","floor":33.0,"turns":8.0},{"damage":12.0,"enemies":"3 Darklings","floor":35.0,"turns":5.0},{"damage":0,"enemies":"3 Shapes","floor":38,"turns":4},{"damage":0,"enemies":"Writhing Mass","floor":41,"turns":5},{"damage":2,"enemies":"Jaw Worm Horde","floor":44,"turns":5},{"damage":0,"enemies":"Transient","floor":48,"turns":5},{"damage":29,"enemies":"Donu and Deca","floor":50,"turns":7}],"seed_played":"9175414316090585778","potions_obtained":[{"floor":1.0,"key":"SkillPotion"},{"floor":8.0,"key":"Swift Potion"},{"floor":14.0,"key":"Block Potion"},{"floor":16.0,"key":"GamblersBrew"},{"floor":28.0,"key":"Ancient Potion"},{"floor":30.0,"key":"Regen Potion"},{"floor":31.0,"key":"PowerPotion"}],"is_trial":false,"path_per_floor":["M","M","?","?","M","R","$","M","T","R","?","M","R","M","R","B",null,"M","?","$","M","M","E","R","M","T","?","M","R","M","M","R","B",null,"M","$","?","M","?","R","M","R","T","M","T","?","R","M","R","B"],"character_chosen":"THE_SILENT","items_purchased":["Bouncing Flask","Toxic Egg 2"],"campfire_rested":1,"item_purchase_floors":[7,36],"current_hp_per_floor":[70,70,70,70,70,70,70,68,68,68,57,57,57,54,54,23,70,70,63,63,63,62,51,51,50,50,50,50,50,50,59,59,41,70,58,58,48,48,48,69,69,69,69,67,67,76,76,76,76,47],"gold":141,"neow_bonus":"RANDOM_COMMON_RELIC","is_prod":false,"is_daily":false,"chose_seed":false,"campfire_upgraded":10,"win_rate":0,"timestamp":1541051766,"path_taken":["M","?","?","?","M","R","$","M","T","R","?","M","R","?","R","BOSS","M","?","$","M","M","E","R","M","T","?","M","R","M","M","R","BOSS","M","$","?","M","?","R","M","R","T","M","?","?","R","M","R","BOSS"],"build_version":"2018-10-25v2","purchased_purges":3,"victory":true,"max_hp_per_floor":[70,70,70,70,70,70,70,70,70,70,70,70,70,70,70,70,70,70,70,70,70,70,70,70,70,70,70,70,70,70,70,70,70,70,70,70,70,70,70,70,70,70,70,70,70,76,76,76,76,76],"card_choices":[{"not_picked":["Blur","Expertise"],"picked":"Leg Sweep","floor":1.0},{"not_picked":["Deflect","Outmaneuver","Underhanded Strike"],"picked":"SKIP","floor":2.0},{"not_picked":["Masterful Stab","Cloak And Dagger"],"picked":"Dagger Spray","floor":5.0},{"not_picked":["Prepared","Blur"],"picked":"Cloak And Dagger","floor":8.0},{"not_picked":["Riddle With Holes","Dodge and Roll","Outmaneuver"],"picked":"SKIP","floor":12.0},{"not_picked":["Corpse Explosion","Poisoned Stab"],"picked":"Catalyst","floor":14.0},{"not_picked":["Adrenaline","Storm of Steel"],"picked":"Malaise","floor":16.0},{"not_picked":["Prepared","All Out Attack","Dash"],"picked":"SKIP","floor":18.0},{"not_picked":["Endless Agony","Dodge and Roll"],"picked":"Noxious Fumes","floor":21.0},{"not_picked":["Outmaneuver","Dagger Spray","Blade Dance+1"],"picked":"SKIP","floor":22.0},{"not_picked":["Terror","Endless Agony+1","Dash+1"],"picked":"SKIP","floor":23.0},{"not_picked":["Slice+1","Poisoned Stab+1","Skewer"],"picked":"SKIP","floor":25.0},{"not_picked":["Escape Plan","Crippling Poison","A Thousand Cuts"],"picked":"SKIP","floor":28.0},{"not_picked":["Outmaneuver","Prepared"],"picked":"Footwork+1","floor":30.0},{"not_picked":["Concentrate","Slice+1","Dagger Throw"],"picked":"SKIP","floor":31.0},{"not_picked":["Envenom","Tools of the Trade"],"picked":"Venomology","floor":33.0},{"not_picked":["Blur","Finisher"],"picked":"PiercingWail+1","floor":35.0},{"not_picked":["Trip+1","Swift Strike"],"picked":"Blind+1","floor":37},{"not_picked":["Forethought+1","Finesse+1"],"picked":"Blind+1","floor":37},{"not_picked":["Mind Blast","Impatience+1"],"picked":"Apotheosis+1","floor":37},{"not_picked":["Prepared+1","Underhanded Strike"],"picked":"Noxious Fumes","floor":38},{"not_picked":["Distraction+1","Slice+1","Dagger Spray+1"],"picked":"SKIP","floor":41},{"not_picked":["Flechettes","Underhanded Strike+1","Outmaneuver+1"],"picked":"SKIP","floor":44},{"not_picked":["Slice+1","Prepared+1"],"picked":"Crippling Poison+1","floor":48}],"player_experience":802961,"relics_obtained":[{"floor":9.0,"key":"Mummified Hand"},{"floor":23.0,"key":"Du-Vu Doll"},{"floor":26.0,"key":"Tiny Chest"},{"floor":45,"key":"Darkstone Periapt"}],"event_choices":[{"cards_removed":["Defend_G"],"damage_healed":0.0,"max_hp_gain":0.0,"max_hp_loss":0.0,"gold_gain":0.0,"event_name":"Bonfire Elementals","player_choice":"Offered Basic","floor":3.0,"gold_loss":0.0,"damage_taken":0.0},{"damage_healed":0.0,"max_hp_gain":0.0,"max_hp_loss":0.0,"gold_gain":0.0,"event_name":"Scrap Ooze","player_choice":"Fled","floor":4.0,"gold_loss":0.0,"damage_taken":0.0},{"damage_healed":0.0,"max_hp_gain":0.0,"max_hp_loss":0.0,"gold_gain":75.0,"event_name":"World of Goop","player_choice":"Gather Gold","floor":11.0,"gold_loss":0.0,"damage_taken":11.0},{"damage_healed":0.0,"max_hp_gain":0.0,"max_hp_loss":0.0,"gold_gain":0.0,"event_name":"Wheel of Change","player_choice":"Damaged","floor":19.0,"gold_loss":0.0,"damage_taken":7.0},{"cards_removed":["Strike_G"],"damage_healed":0.0,"max_hp_gain":0.0,"max_hp_loss":0.0,"gold_gain":0.0,"event_name":"Back to Basics","player_choice":"Elegance","floor":27.0,"gold_loss":0.0,"damage_taken":0.0},{"damage_healed":0,"gold_gain":0,"player_choice":"Memory 3","damage_taken":10,"max_hp_gain":0,"max_hp_loss":0,"event_name":"SensoryStone","floor":37,"gold_loss":0},{"damage_healed":0,"gold_gain":0,"player_choice":"Ignored","damage_taken":0,"max_hp_gain":0,"max_hp_loss":0,"event_name":"Mysterious Sphere","floor":39,"gold_loss":0},{"damage_healed":3,"gold_gain":0,"player_choice":"Heal","damage_taken":0,"max_hp_gain":0,"max_hp_loss":0,"event_name":"MindBloom","floor":46,"gold_loss":0,"cards_obtained":["Doubt"]}],"is_beta":false,"boss_relics":[{"not_picked":["HoveringKite","Fusion Hammer"],"picked":"Runic Dome"},{"not_picked":["Snecko Eye","White Beast Statue"],"picked":"Cursed Key"}],"items_purged_floors":[7,20,36],"is_endless":false,"potions_floor_spawned":[1,8,14,16,22,28,30,31,41,44,48],"ascension_level":0}