{"gold_per_floor":[117,117,132,132,132,132,142,174,174,174,202,127,127,141,141,141],"floor_reached":16,"playtime":425,"items_purged":["Strike_G"],"score":216,"play_id":"509dbccb-d953-47d6-81e3-d49d0fc76484","local_time":"20190414005040","is_ascension_mode":true,"campfire_choices":[{"data":"Noxious Fumes","floor":6.0,"key":"SMITH"},{"data":"Neutralize","floor":13,"key":"SMITH"},{"data":"Survivor","floor":15,"key":"SMITH"}],"neow_cost":"TEN_PERCENT_HP_LOSS","seed_source_timestamp":46741786361159,"circlet_count":0,"master_deck":["AscendersBane","Defend_G","Defend_G","Defend_G","Defend_G","Strike_G","Survivor+1","Neutralize+1","Crippling Poison+1","Noxious Fumes+1"],"special_seed":0,"relics":["Ring of the Snake","Anchor","Pen Nib","Gremlin Horn","Bronze Scales"],"potions_floor_usage":[11],"damage_taken":[{"damage":2.0,"enemies":"2 Louse","floor":1.0,"turns":4.0},{"damage":0.0,"enemies":"Cultist","floor":3.0,"turns":4.0},{"damage":0.0,"enemies":"Jaw Worm","floor":7.0,"turns":3.0},{"damage":12.0,"enemies":"Lagavulin","floor":8.0,"turns":8.0},{"damage":15,"enemies":"3 Sentries","floor":11,"turns":8},{"damage":0,"enemies":"Exordium Wildlife","floor":14,"turns":4},{"damage":7,"enemies":"Slime Boss","floor":16,"turns":7}],"seed_played":"-1164041138934534291","potions_obtained":[{"floor":3.0,"key":"Poison Potion"},{"floor":7.0,"key":"AttackPotion"},{"floor":14,"key":"Energy Potion"}],"is_trial":false,"path_per_floor":["M","?","M","?","T","R","M","E","T","?","E","$","R","M","R","B"],"character_chosen":"THE_SILENT","items_purchased":[],"campfire_rested":0,"item_purchase_floors":[],"current_hp_per_floor":[57,57,57,50,50,50,50,38,38,38,23,23,23,23,23,16],"gold":141,"neow_bonus":"REMOVE_TWO","is_prod":false,"is_daily":false,"chose_seed":false,"campfire_upgraded":3,"win_rate":0,"timestamp":1555174240,"path_taken":["M","?","?","?","?","R","M","E","T","?","E","$","R","M","R","BOSS"],"build_version":"2019-01-23","purchased_purges":1,"victory":false,"max_hp_per_floor":[60,60,60,60,60,60,60,60,60,60,60,60,60,60,60,60],"card_choices":[{"not_picked":["Flying Knee","Acrobatics"],"picked":"Crippling Poison","floor":1.0},{"not_picked":["Blade Dance","Choke"],"picked":"Noxious Fumes","floor":3.0},{"not_picked":["Choke","Accuracy","Prepared"],"picked":"SKIP","floor":7.0},{"not_picked":["Sucker Punch","Blade Dance","Skewer"],"picked":"SKIP","floor":8.0},{"not_picked":["Poisoned Stab","Sucker Punch","Skewer"],"picked":"SKIP","floor":11},{"not_picked":["Slice","Cloak And Dagger","Deflect"],"picked":"SKIP","floor":14}],"player_experience":4264329,"relics_obtained":[{"floor":5.0,"key":"Anchor"},{"floor":8.0,"key":"Pen Nib"},{"floor":9.0,"key":"Gremlin Horn"},{"floor":11,"key":"Bronze Scales"}],"event_choices":[{"damage_healed":0.0,"max_hp_gain":0.0,"max_hp_loss":0.0,"gold_gain":0.0,"event_name":"Upgrade Shrine","player_choice":"Upgraded","floor":2.0,"gold_loss":0.0,"damage_taken":0.0,"cards_upgraded":["Crippling Poison"]},{"cards_removed":["Strike_G"],"damage_healed":0.0,"max_hp_gain":0.0,"max_hp_loss":0.0,"gold_gain":0.0,"event_name":"Golden Wing","player_choice":"Card Removal","floor":4.0,"gold_loss":0.0,"damage_taken":7.0},{"cards_removed":["Strike_G"],"damage_healed":0.0,"max_hp_gain":0.0,"max_hp_loss":0.0,"gold_gain":0.0,"event_name":"Purifier","player_choice":"Purged","floor":10.0,"gold_loss":0.0,"damage_taken":0.0}],"is_beta":false,"boss_relics":[],"items_purged_floors":[12],"is_endless":false,"potions_floor_spawned":[3,7,14],"killed_by":"Slime Boss","ascension_level":20}