{"gold_per_floor":[16,16,91,91,5,5,15,15,15,45,64,64,80,94,94,189,189,200,217,63,73,86,86,96,28,28,28,28,45,45,45,45,148,148,167,167,27,45,45,45,76,88,100,131,143,155,167,17,17,17],"floor_reached":51,"playtime":1078,"items_purged":["Strike_B+1","Streamline","Coolheaded"],"score":698,"play_id":"dbb8cad1-2350-4e30-a69c-cc53c7415355","local_time":"20190614143845","is_ascension_mode":false,"campfire_choices":[{"data":"Static Discharge","floor":6.0,"key":"SMITH"},{"data":"Dualcast","floor":8.0,"key":"SMITH"},{"data":"Zap","floor":12.0,"key":"SMITH"},{"data":"Amplify","floor":15.0,"key":"SMITH"},{"data":"Storm","floor":23.0,"key":"SMITH"},{"data":"Defragment","floor":27.0,"key":"SMITH"},{"data":"Storm","floor":30.0,"key":"SMITH"},{"data":"Loop","floor":32.0,"key":"SMITH"},{"data":"Storm","floor":40.0,"key":"SMITH"},{"data":"Defragment","floor":45.0,"key":"SMITH"},{"data":"Buffer","floor":49,"key":"SMITH"}],"neow_cost":"NO_GOLD","seed_source_timestamp":14511951618576,"circlet_count":0,"master_deck":["Defend_B+1","Defend_B+1","Zap+1","Dualcast+1","Storm+1","Static Discharge+1","Genetic Algorithm","Heatsinks","Storm+1","Amplify+1","Seek","Heatsinks","Skim+1","Loop+1","Defragment+1","Buffer+1","Static Discharge+1","Storm+1","Defragment+1","Magnetism","Heatsinks"],"special_seed":0,"relics":["Cracked Core","Darkstone Periapt","Whetstone","Cursed Key","Sozu","MawBank"],"potions_floor_usage":[],"damage_taken":[{"damage":1.0,"enemies":"2 Louse","floor":1.0,"turns":2.0},{"damage":0.0,"enemies":"Cultist","floor":7.0,"turns":3.0},{"damage":27.0,"enemies":"3 Sentries","floor":10.0,"turns":5.0},{"damage":11.0,"enemies":"Jaw Worm","floor":11.0,"turns":2.0},{"damage":9.0,"enemies":"Blue Slaver","floor":13.0,"turns":3.0},{"damage":0.0,"enemies":"Looter","floor":14.0,"turns":2.0},{"damage":9.0,"enemies":"Hexaghost","floor":16.0,"turns":4.0},{"damage":0.0,"enemies":"Chosen","floor":18.0,"turns":4.0},{"damage":1.0,"enemies":"Spheric Guardian","floor":19.0,"turns":2.0},{"damage":0.0,"enemies":"Centurion and Healer","floor":21.0,"turns":5.0},{"damage":16.0,"enemies":"Snake Plant","floor":22.0,"turns":2.0},{"damage":2.0,"enemies":"Sentry and Sphere","floor":24.0,"turns":2.0},{"damage":0.0,"enemies":"Shelled Parasite and Fungi","floor":29.0,"turns":3.0},{"damage":46.0,"enemies":"Collector","floor":33.0,"turns":4.0},{"damage":0.0,"enemies":"3 Shapes","floor":35.0,"turns":3.0},{"damage":0.0,"enemies":"Orb Walker","floor":38.0,"turns":2.0},{"damage":0.0,"enemies":"Giant Head","floor":41.0,"turns":5.0},{"damage":0.0,"enemies":"Spire Growth","floor":44.0,"turns":3.0},{"damage":26,"enemies":"Time Eater","floor":50,"turns":3}],"seed_played":"2086385116115211126","potions_obtained":[{"floor":7.0,"key":"Regen Potion"},{"floor":16.0,"key":"SpeedPotion"},{"floor":19.0,"key":"Energy Potion"},{"floor":22.0,"key":"SkillPotion"}],"is_trial":false,"path_per_floor":["M","?","?","?","$","R","M","R","T","E","M","R","M","M","R","B",null,"M","M","$","M","M","R","M","$","T","R","?","M","R","?","R","B",null,"M","?","$","M","$","R","E","?","T","M","R","?","?","$","R","B",null],"character_chosen":"DEFECT","items_purchased":["Static Discharge","Ball Lightning","Heatsinks","Defragment","Storm","Heatsinks"],"campfire_rested":0,"item_purchase_floors":[5,5,20,25,37,48],"current_hp_per_floor":[74,59,48,48,48,48,48,48,48,21,10,10,1,1,1,6,75,75,74,74,74,58,58,56,56,56,56,56,56,56,56,56,10,75,75,75,75,75,75,75,75,75,75,75,75,75,75,75,75,49],"gold":17,"neow_bonus":"REMOVE_TWO","is_prod":false,"is_daily":false,"chose_seed":false,"campfire_upgraded":11,"win_rate":0,"timestamp":1560494325,"path_taken":["M","?","?","?","$","R","M","R","T","E","M","R","M","?","R","BOSS","M","?","$","M","M","R","M","$","T","R","?","M","R","?","R","BOSS","M","?","$","M","$","R","E","?","T","?","R","?","?","?","R","BOSS"],"build_version":"2019-01-23","purchased_purges":3,"victory":true,"max_hp_per_floor":[75,75,75,75,75,75,75,75,75,75,75,75,75,75,75,75,75,75,75,75,75,75,75,75,75,75,75,75,75,75,75,75,75,75,75,75,75,75,75,75,75,75,75,75,75,75,75,75,75,75],"card_choices":[{"not_picked":["Ball Lightning","Sweeping Beam"],"picked":"Storm","floor":1.0},{"not_picked":["Coolheaded","Gash"],"picked":"Genetic Algorithm","floor":7.0},{"not_picked":["Hologram","Rebound"],"picked":"Heatsinks","floor":10.0},{"not_picked":["Coolheaded","Rebound"],"picked":"Ball Lightning","floor":11.0},{"not_picked":["Hologram","Recycle"],"picked":"Storm","floor":13.0},{"not_picked":["Gash","Conserve Battery"],"picked":"Amplify","floor":14.0},{"not_picked":["Hyperbeam","Core Surge"],"picked":"Seek","floor":16.0},{"not_picked":["Barrage+1","Sweeping Beam","Scrape+1"],"picked":"SKIP","floor":18.0},{"not_picked":["Doom and Gloom","Reprogram","Compile Driver+1"],"picked":"SKIP","floor":19.0},{"not_picked":["Redo","Hologram","Beam Cell"],"picked":"SKIP","floor":21.0},{"not_picked":["Force Field","Rebound"],"picked":"Skim+1","floor":22.0},{"not_picked":["Ball Lightning+1","Skim"],"picked":"Loop","floor":24.0},{"not_picked":["Ball Lightning","Leap","Sweeping Beam"],"picked":"SKIP","floor":29.0},{"not_picked":["Core Surge","All For One"],"picked":"Buffer","floor":33.0},{"not_picked":["Reinforced Body","Turbo"],"picked":"Static Discharge+1","floor":35.0},{"not_picked":["Streamline+1","Hologram","Conserve Battery+1"],"picked":"SKIP","floor":38.0},{"not_picked":["Chill","Chaos+1","Cold Snap"],"picked":"SKIP","floor":41.0},{"not_picked":["Chaos","Reprogram"],"picked":"Defragment","floor":44.0},{"not_picked":["Flash of Steel","Good Instincts"],"picked":"Magnetism","floor":47}],"player_experience":5193325,"relics_obtained":[{"floor":9.0,"key":"Darkstone Periapt"},{"floor":10.0,"key":"Whetstone"},{"floor":41.0,"key":"MawBank"}],"event_choices":[{"damage_healed":0.0,"max_hp_gain":0.0,"max_hp_loss":0.0,"gold_gain":0.0,"event_name":"Shining Light","player_choice":"Entered Light","floor":2.0,"gold_loss":0.0,"damage_taken":15.0,"cards_upgraded":["Defend_B","Defend_B"]},{"damage_healed":0.0,"max_hp_gain":0.0,"max_hp_loss":0.0,"gold_gain":75.0,"event_name":"World of Goop","player_choice":"Gather Gold","floor":3.0,"gold_loss":0.0,"damage_taken":11.0},{"cards_removed":["Strike_B"],"damage_healed":0.0,"max_hp_gain":0.0,"max_hp_loss":0.0,"gold_gain":0.0,"event_name":"Purifier","player_choice":"Purged","floor":4.0,"gold_loss":0.0,"damage_taken":0.0},{"damage_healed":0.0,"max_hp_gain":0.0,"max_hp_loss":0.0,"gold_gain":0.0,"cards_transformed":["Ball Lightning","Defend_B"],"event_name":"Drug Dealer","player_choice":"Became Test Subject","floor":28.0,"gold_loss":0.0,"damage_taken":0.0,"cards_obtained":["Streamline","Coolheaded"]},{"damage_healed":0.0,"max_hp_gain":0.0,"max_hp_loss":0.0,"gold_gain":0.0,"event_name":"The Mausoleum","player_choice":"Ignored","floor":31.0,"gold_loss":0.0,"damage_taken":0.0},{"cards_removed":["Ball Lightning"],"damage_healed":0.0,"max_hp_gain":0.0,"max_hp_loss":0.0,"gold_gain":0.0,"event_name":"Falling","player_choice":"Removed Attack","floor":36.0,"gold_loss":0.0,"damage_taken":0.0},{"cards_removed":["Defend_B"],"damage_healed":0.0,"max_hp_gain":0.0,"max_hp_loss":0.0,"gold_gain":0.0,"event_name":"Purifier","player_choice":"Purged","floor":42.0,"gold_loss":0.0,"damage_taken":0.0},{"damage_healed":0.0,"max_hp_gain":0.0,"max_hp_loss":0.0,"gold_gain":0.0,"event_name":"Tomb of Lord Red Mask","player_choice":"Ignored","floor":46.0,"gold_loss":0.0,"damage_taken":0.0},{"damage_healed":0,"gold_gain":0,"player_choice":"Memory 1","damage_taken":0,"max_hp_gain":0,"max_hp_loss":0,"event_name":"SensoryStone","floor":47,"gold_loss":0}],"is_beta":false,"boss_relics":[{"not_picked":["Empty Cage","Orrery"],"picked":"Cursed Key"},{"not_picked":["Velvet Choker","Fusion Hammer"],"picked":"Sozu"}],"items_purged_floors":[20,37,48],"is_endless":false,"potions_floor_spawned":[7,16,19,22,33,35],"ascension_level":0}