{"gold_per_floor":[116,116,36,36,1,1,27,27,51,65,65,98,23,39,39,110,110,127,127,127,39,58,58,92,92,117,143,143,178,178,203,203,274,274,293,293,313,46,60,89,89,118,189,222,222,248,268,302,302,302,302,302,302,22,56,56],"floor_reached":57,"playtime":2482,"items_purged":["Strike_G","Sucker Punch+1","Choke+1"],"score":3716,"play_id":"c0446409-79db-4fbf-9d13-18059d08dc80","local_time":"20190804214027","is_ascension_mode":true,"campfire_choices":[{"data":"Noxious Fumes","floor":6.0,"key":"SMITH"},{"floor":8.0,"key":"REST"},{"data":"Flechettes","floor":11.0,"key":"SMITH"},{"data":"Acrobatics","floor":15.0,"key":"SMITH"},{"data":"Well Laid Plans","floor":23.0,"key":"SMITH"},{"data":"Burst","floor":25.0,"key":"SMITH"},{"data":"Catalyst","floor":28.0,"key":"SMITH"},{"data":"Corpse Explosion","floor":32.0,"key":"SMITH"},{"data":"Backflip","floor":41.0,"key":"SMITH"},{"data":"Expertise","floor":45.0,"key":"SMITH"},{"floor":49.0,"key":"RECALL"},{"data":"Footwork","floor":53.0,"key":"SMITH"}],"neow_cost":"NONE","seed_source_timestamp":22363793735671,"circlet_count":0,"master_deck":["AscendersBane","Defend_G","Defend_G","Defend_G","Defend_G","Defend_G","Survivor","Neutralize","Corpse Explosion+1","Flechettes+1","Noxious Fumes+1","Acrobatics+1","Adrenaline","Burst+1","Dash+1","Ghostly","Ghostly","Ghostly","Well Laid Plans+1","Adrenaline","Catalyst+1","Well Laid Plans+1","Concentrate+1","Backflip+1","Expertise+1","Footwork+1","Malaise"],"special_seed":0,"relics":["Ring of the Snake","Incense Burner","Pen Nib","Strawberry","Astrolabe","Blue Candle","Centennial Puzzle","Red Mask","Ancient Tea Set","Coffee Dripper","Potion Belt","Dodecahedron","Bronze Scales","Smiling Mask","PreservedInsect","Gambling Chip","Membership Card","Du-Vu Doll"],"potions_floor_usage":[56,56,56],"damage_taken":[{"damage":4.0,"enemies":"2 Louse","floor":1.0,"turns":3.0},{"damage":64.0,"enemies":"Gremlin Nob","floor":7.0,"turns":5.0},{"damage":0.0,"enemies":"Small Slimes","floor":10.0,"turns":4.0},{"damage":2.0,"enemies":"3 Sentries","floor":12.0,"turns":3.0},{"damage":0.0,"enemies":"Jaw Worm","floor":14.0,"turns":2.0},{"damage":32.0,"enemies":"Slime Boss","floor":16.0,"turns":10.0},{"damage":0.0,"enemies":"Chosen","floor":18.0,"turns":5.0},{"damage":1.0,"enemies":"Spheric Guardian","floor":22.0,"turns":4.0},{"damage":0.0,"enemies":"Slavers","floor":24.0,"turns":3.0},{"damage":3.0,"enemies":"Book of Stabbing","floor":27.0,"turns":7.0},{"damage":0.0,"enemies":"Masked Bandits","floor":29.0,"turns":3.0},{"damage":0.0,"enemies":"Gremlin Leader","floor":31.0,"turns":5.0},{"damage":2.0,"enemies":"Champ","floor":33.0,"turns":11.0},{"damage":0.0,"enemies":"Orb Walker","floor":35.0,"turns":4.0},{"damage":0.0,"enemies":"3 Darklings","floor":37.0,"turns":3.0},{"damage":2.0,"enemies":"4 Shapes","floor":39.0,"turns":3.0},{"damage":0.0,"enemies":"Nemesis","floor":40.0,"turns":6.0},{"damage":0.0,"enemies":"Reptomancer","floor":42.0,"turns":3.0},{"damage":0.0,"enemies":"Giant Head","floor":44.0,"turns":3.0},{"damage":0.0,"enemies":"Reptomancer","floor":46.0,"turns":4.0},{"damage":0.0,"enemies":"Writhing Mass","floor":47.0,"turns":4.0},{"damage":0.0,"enemies":"Nemesis","floor":48.0,"turns":3.0},{"damage":0.0,"enemies":"Donu and Deca","floor":50.0,"turns":3.0},{"damage":0.0,"enemies":"Time Eater","floor":51.0,"turns":7.0},{"damage":0.0,"enemies":"Shield and Spear","floor":55.0,"turns":4.0},{"damage":0,"enemies":"The Heart","floor":56,"turns":9}],"seed_played":"9046258661189753680","potions_obtained":[{"floor":7.0,"key":"Ancient Potion"},{"floor":10.0,"key":"Swift Potion"},{"floor":16.0,"key":"Weak Potion"},{"floor":24.0,"key":"GamblersBrew"},{"floor":29.0,"key":"EssenceOfSteel"},{"floor":35.0,"key":"PowerPotion"},{"floor":39.0,"key":"SkillPotion"},{"floor":46.0,"key":"SteroidPotion"},{"floor":47.0,"key":"Ancient Potion"},{"floor":55.0,"key":"Swift Potion"}],"is_trial":false,"path_per_floor":["M","?","$","?","?","R","E","R","T","M","R","E","$","M","R","B",null,"M","?","?","$","M","R","E","R","T","E","R","?","?","E","R","B",null,"M","?","M","$","M","E","R","E","T","E","R","E","M","E","R","B","B",null,"R","$","E","B",null],"character_chosen":"THE_SILENT","items_purchased":["Noxious Fumes","Well Laid Plans","Potion Belt","Membership Card"],"campfire_rested":1,"item_purchase_floors":[3,21,38,54],"current_hp_per_floor":[55,55,55,60,71,71,7,28,28,28,28,33,33,33,33,1,59,59,59,39,39,38,38,38,38,38,35,35,35,35,35,35,33,38,38,38,38,38,36,36,36,36,36,36,36,36,36,36,36,36,36,38,38,38,38,38],"gold":56,"neow_bonus":"ONE_RANDOM_RARE_CARD","is_prod":false,"is_daily":false,"chose_seed":false,"campfire_upgraded":10,"win_rate":0,"timestamp":1564926027,"path_taken":["M","?","$","?","?","R","E","R","T","M","R","E","?","M","R","BOSS","M","?","?","$","M","R","E","R","T","E","R","?","?","E","R","BOSS","M","?","M","$","M","E","R","E","T","E","R","E","?","E","R","BOSS","BOSS","R","$","E","BOSS"],"build_version":"2019-07-17","purchased_purges":3,"victory":true,"max_hp_per_floor":[66,66,66,71,71,71,71,71,71,71,71,78,78,78,78,78,78,78,78,39,39,39,39,39,39,39,39,39,39,39,39,39,39,39,39,39,39,39,39,39,39,39,39,39,39,39,39,39,39,39,39,39,39,39,39,39],"card_choices":[{"not_picked":["Dagger Spray","Acrobatics"],"picked":"Flechettes","floor":1.0},{"not_picked":["Deadly Poison","Eviscerate"],"picked":"Acrobatics","floor":7.0},{"not_picked":["Quick Slash","Dash","Poisoned Stab"],"picked":"SKIP","floor":10.0},{"not_picked":["Cloak And Dagger","Riddle With Holes"],"picked":"Adrenaline","floor":12.0},{"not_picked":["Bane","Outmaneuver","Poisoned Stab"],"picked":"SKIP","floor":14.0},{"not_picked":["Glass Knife","Venomology"],"picked":"Burst","floor":16.0},{"not_picked":["Cloak And Dagger","Outmaneuver","Quick Slash"],"picked":"SKIP","floor":18.0},{"not_picked":["Acrobatics","Cloak And Dagger+1","Backflip"],"picked":"SKIP","floor":22.0},{"not_picked":["Dagger Throw+1","Finisher"],"picked":"Adrenaline","floor":24.0},{"not_picked":["Infinite Blades","Leg Sweep+1"],"picked":"Catalyst","floor":27.0},{"not_picked":["PiercingWail","Acrobatics","Deflect"],"picked":"SKIP","floor":31.0},{"not_picked":["Blade Dance+1","Dagger Spray"],"picked":"Well Laid Plans","floor":35.0},{"not_picked":["Deadly Poison","All Out Attack+1"],"picked":"Concentrate+1","floor":37.0},{"not_picked":["Backstab","Deflect"],"picked":"Backflip","floor":39.0},{"not_picked":["Quick Slash","Dash","Dagger Throw"],"picked":"SKIP","floor":40.0},{"not_picked":["Tools of the Trade","PiercingWail"],"picked":"Expertise","floor":42.0},{"not_picked":["Heel Hook","Endless Agony"],"picked":"Footwork","floor":44.0},{"not_picked":["Footwork","Poisoned Stab","Expertise"],"picked":"SKIP","floor":46.0},{"not_picked":["Outmaneuver+1","Blade Dance+1","Dodge and Roll+1"],"picked":"SKIP","floor":47.0},{"not_picked":["Footwork","Leg Sweep"],"picked":"Malaise","floor":48.0},{"not_picked":["Dodge and Roll","Deflect","Dagger Throw"],"picked":"SKIP","floor":55.0}],"player_experience":5868754,"relics_obtained":[{"floor":7.0,"key":"Incense Burner"},{"floor":9.0,"key":"Pen Nib"},{"floor":12.0,"key":"Strawberry"},{"floor":24.0,"key":"Blue Candle"},{"floor":27.0,"key":"Centennial Puzzle"},{"floor":29.0,"key":"Red Mask"},{"floor":31.0,"key":"Ancient Tea Set"},{"floor":40.0,"key":"Dodecahedron"},{"floor":42.0,"key":"Bronze Scales"},{"floor":44.0,"key":"Smiling Mask"},{"floor":46.0,"key":"PreservedInsect"},{"floor":48.0,"key":"Gambling Chip"},{"floor":55.0,"key":"Du-Vu Doll"}],"event_choices":[{"damage_healed":0.0,"max_hp_gain":0.0,"max_hp_loss":0.0,"gold_gain":0.0,"event_name":"Liars Game","player_choice":"Ignored","floor":2.0,"gold_loss":0.0,"damage_taken":0.0},{"damage_healed":0.0,"max_hp_gain":5.0,"max_hp_loss":0.0,"gold_gain":0.0,"event_name":"Big Fish","player_choice":"Donut","floor":4.0,"gold_loss":0.0,"damage_taken":0.0},{"damage_healed":17.0,"max_hp_gain":0.0,"max_hp_loss":0.0,"gold_gain":0.0,"event_name":"The Cleric","player_choice":"Healed","floor":5.0,"gold_loss":35.0,"damage_taken":0.0},{"damage_healed":0.0,"max_hp_gain":0.0,"max_hp_loss":0.0,"gold_gain":0.0,"event_name":"Vampires","player_choice":"Ignored","floor":19.0,"gold_loss":0.0,"damage_taken":0.0},{"damage_healed":0.0,"max_hp_gain":0.0,"max_hp_loss":39.0,"gold_gain":0.0,"event_name":"Ghosts","player_choice":"Became a Ghost","floor":20.0,"gold_loss":0.0,"damage_taken":0.0,"cards_obtained":["Ghostly","Ghostly","Ghostly"]},{"damage_healed":0.0,"max_hp_gain":0.0,"max_hp_loss":0.0,"gold_gain":0.0,"event_name":"Masked Bandits","player_choice":"Fought Bandits","floor":29.0,"gold_loss":0.0,"damage_taken":0.0},{"cards_removed":["Strike_G"],"damage_healed":0.0,"max_hp_gain":0.0,"max_hp_loss":0.0,"gold_gain":0.0,"event_name":"Back to Basics","player_choice":"Elegance","floor":30.0,"gold_loss":0.0,"damage_taken":0.0},{"damage_healed":0.0,"max_hp_gain":0.0,"max_hp_loss":0.0,"gold_gain":0.0,"event_name":"Upgrade Shrine","player_choice":"Upgraded","floor":36.0,"gold_loss":0.0,"damage_taken":0.0,"cards_upgraded":["Well Laid Plans"]}],"is_beta":false,"boss_relics":[{"not_picked":["Snecko Eye","Eternal Feather"],"picked":"Astrolabe"},{"not_picked":["HoveringKite","Empty Cage"],"picked":"Coffee Dripper"}],"items_purged_floors":[13,38,54],"is_endless":false,"potions_floor_spawned":[7,10,16,22,24,29,31,35,39,46,47,55],"ascension_level":20}