{"gold_per_floor":[118,118,133,144,144,105,30,48,48,83,99,109,109,126,126,226,226,239,239,154,154,154,174,174,193,193,193,213,213,228,245,245,348,348,368,368,388,405,365,365,385,385],"floor_reached":42,"playtime":3278,"items_purged":["Normality"],"score":454,"play_id":"06906c60-b06d-4d5b-ab08-5bc9417adb38","local_time":"20190708003026","is_ascension_mode":false,"campfire_choices":[{"floor":15,"key":"REST"},{"floor":24,"key":"REST"},{"data":"Blade Dance","floor":27,"key":"SMITH"},{"data":"Outmaneuver","floor":32,"key":"SMITH"},{"data":"Choke","floor":40,"key":"SMITH"}],"neow_cost":"CURSE","seed_source_timestamp":0,"circlet_count":0,"master_deck":["Strike_G+1","Strike_G","Strike_G","Strike_G","Strike_G","Defend_G","Defend_G","Defend_G","Defend_G","Defend_G+1","Survivor","Neutralize","Flying Knee","Blade Dance+1","Infinite Blades","Poisoned Stab","Choke+1","Quick Slash","Noxious Fumes","Underhanded Strike","Bullet Time","Endless Agony","Ghostly","Ghostly","Ghostly","Bandage Up","HandOfGreed","Noxious Fumes","Flying Knee+1","Flying Knee","Sucker Punch","Outmaneuver+1","Envenom","Poisoned Stab","Blur+1","Heel Hook+1","Deadly Poison+1"],"special_seed":0,"relics":["Ring of the Snake","FossilizedHelix","Ice Cream","Nunchaku","WristBlade","Orichalcum","Gremlin Horn","Sozu"],"potions_floor_usage":[3,10,16,30,33,33],"damage_taken":[{"damage":2.0,"enemies":"Small Slimes","floor":1.0,"turns":6.0},{"damage":5,"enemies":"Jaw Worm","floor":3,"turns":5},{"damage":1,"enemies":"Cultist","floor":4,"turns":4},{"damage":1,"enemies":"Blue Slaver","floor":8,"turns":4},{"damage":21,"enemies":"3 Sentries","floor":10,"turns":7},{"damage":9,"enemies":"Gremlin Gang","floor":11,"turns":4},{"damage":5,"enemies":"Red Slaver","floor":12,"turns":4},{"damage":0,"enemies":"2 Fungi Beasts","floor":14,"turns":3},{"damage":16,"enemies":"Slime Boss","floor":16,"turns":10},{"damage":20,"enemies":"Spheric Guardian","floor":18,"turns":5},{"damage":8,"enemies":"Shell Parasite","floor":23,"turns":5},{"damage":14,"enemies":"Snake Plant","floor":25,"turns":6},{"damage":0,"enemies":"Snecko","floor":28,"turns":3},{"damage":6,"enemies":"Centurion and Healer","floor":30,"turns":5},{"damage":0,"enemies":"Chosen and Byrds","floor":31,"turns":4},{"damage":21,"enemies":"Champ","floor":33,"turns":10},{"damage":0,"enemies":"Orb Walker","floor":35,"turns":3},{"damage":7,"enemies":"3 Shapes","floor":37,"turns":7},{"damage":29,"enemies":"Maw","floor":38,"turns":8},{"damage":10,"enemies":"Transient","floor":41,"turns":5},{"damage":8,"enemies":"3 Darklings","floor":42,"turns":2}],"seed_played":"2934877015848486017","potions_obtained":[{"floor":1.0,"key":"Poison Potion"},{"floor":8,"key":"Fire Potion"},{"floor":11,"key":"SkillPotion"},{"floor":18,"key":"FearPotion"},{"floor":25,"key":"Ancient Potion"},{"floor":28,"key":"SkillPotion"}],"is_trial":false,"path_per_floor":["M","?","M","M","?","?","$","M","T","E","M","M","?","M","R","B",null,"M","?","?","?","?","M","R","M","T","R","M","?","M","M","R","B",null,"M","?","M","M","?","R","M","M"],"character_chosen":"THE_SILENT","items_purchased":[],"campfire_rested":2,"item_purchase_floors":[],"current_hp_per_floor":[68,68,63,62,62,62,62,61,61,40,31,26,12,12,33,17,70,50,35,35,35,31,27,39,29,29,29,33,40,38,38,38,17,40,40,40,33,8,8,8,2,0],"gold":385,"neow_bonus":"ONE_RARE_RELIC","is_prod":false,"is_daily":false,"chose_seed":false,"campfire_upgraded":3,"win_rate":0.0,"timestamp":1562535026,"path_taken":["M","?","M","M","?","?","?","M","T","E","M","M","?","M","R","BOSS","M","?","?","?","?","M","R","M","T","R","M","?","?","M","R","BOSS","M","?","?","M","?","R","M","?"],"build_version":"2019-07-05","purchased_purges":1,"victory":false,"max_hp_per_floor":[70,70,70,70,70,70,70,70,70,70,70,70,70,70,70,70,70,70,35,35,35,40,40,40,40,40,40,40,40,40,40,40,40,40,40,40,40,40,40,40,40,40],"card_choices":[{"not_picked":["Expertise","Slice"],"picked":"Flying Knee","floor":1.0},{"not_picked":["Sucker Punch","Backflip"],"picked":"Blade Dance","floor":3},{"not_picked":["Flying Knee","Prepared"],"picked":"Infinite Blades","floor":4},{"not_picked":["Prepared","All Out Attack"],"picked":"Poisoned Stab","floor":8},{"not_picked":["Glass Knife","Predator"],"picked":"Choke","floor":10},{"not_picked":["Dagger Throw","Blur"],"picked":"Quick Slash","floor":11},{"not_picked":["Footwork","Distraction"],"picked":"Noxious Fumes","floor":12},{"not_picked":["Slice","Calculated Gamble"],"picked":"Underhanded Strike","floor":14},{"not_picked":["After Image","Unload"],"picked":"Bullet Time","floor":16},{"not_picked":["Leg Sweep","Calculated Gamble"],"picked":"Endless Agony","floor":18},{"not_picked":["Quick Slash","Dash"],"picked":"Noxious Fumes","floor":23},{"not_picked":["Eviscerate","Quick Slash"],"picked":"Flying Knee+1","floor":25},{"not_picked":["Sucker Punch","Footwork"],"picked":"Flying Knee","floor":28},{"not_picked":["Riddle With Holes","Acrobatics"],"picked":"Sucker Punch","floor":30},{"not_picked":["Reflex","Backflip+1"],"picked":"Outmaneuver","floor":31},{"not_picked":["After Image","Tools of the Trade"],"picked":"Envenom","floor":33},{"not_picked":["Deadly Poison","Flechettes"],"picked":"Poisoned Stab","floor":35},{"not_picked":["Footwork","Bouncing Flask"],"picked":"Blur+1","floor":37},{"not_picked":["Escape Plan","Deadly Poison"],"picked":"Heel Hook+1","floor":38},{"not_picked":["Sucker Punch","Underhanded Strike+1"],"picked":"Deadly Poison+1","floor":41}],"player_experience":13437,"relics_obtained":[{"floor":9,"key":"Ice Cream"},{"floor":10,"key":"Nunchaku"},{"floor":26,"key":"Gremlin Horn"}],"event_choices":[{"damage_healed":0,"gold_gain":0,"player_choice":"Ignored","damage_taken":0,"max_hp_gain":0,"max_hp_loss":0,"event_name":"Liars Game","floor":2,"gold_loss":0},{"damage_healed":0,"gold_gain":0,"player_choice":"Ignored","damage_taken":0,"max_hp_gain":0,"max_hp_loss":0,"event_name":"Golden Idol","floor":5,"gold_loss":0},{"damage_healed":0,"gold_gain":0,"player_choice":"Left Gold","damage_taken":0,"max_hp_gain":0,"max_hp_loss":0,"event_name":"World of Goop","floor":6,"gold_loss":39},{"damage_healed":0,"gold_gain":0,"player_choice":"Entered Light","damage_taken":14,"max_hp_gain":0,"max_hp_loss":0,"event_name":"Shining Light","floor":13,"gold_loss":0,"cards_upgraded":["Defend_G","Strike_G"]},{"damage_healed":0,"gold_gain":0,"player_choice":"Became a Ghost","damage_taken":0,"max_hp_gain":0,"max_hp_loss":35,"event_name":"Ghosts","floor":19,"gold_loss":0,"cards_obtained":["Ghostly","Ghostly","Ghostly","Ghostly","Ghostly"]},{"damage_healed":0,"gold_gain":0,"player_choice":"Obtained Relic","damage_taken":0,"relics_obtained":["Orichalcum"],"max_hp_gain":0,"max_hp_loss":0,"event_name":"Addict","floor":20,"gold_loss":85},{"damage_healed":0,"gold_gain":0,"cards_transformed":["Ghostly","Ghostly"],"player_choice":"Became Test Subject","damage_taken":0,"max_hp_gain":0,"max_hp_loss":0,"event_name":"Drug Dealer","floor":21,"gold_loss":0,"cards_obtained":["Bandage Up","HandOfGreed"]},{"damage_healed":0,"gold_gain":0,"player_choice":"Shed Blood","damage_taken":9,"max_hp_gain":5,"max_hp_loss":0,"event_name":"Forgotten Altar","floor":22,"gold_loss":0},{"damage_healed":7,"gold_gain":0,"player_choice":"Full Heal","damage_taken":0,"max_hp_gain":0,"max_hp_loss":0,"event_name":"Wheel of Change","floor":29,"gold_loss":0},{"damage_healed":0,"gold_gain":0,"player_choice":"Ignored","damage_taken":0,"max_hp_gain":0,"max_hp_loss":0,"event_name":"NoteForYourself","floor":36,"gold_loss":0},{"damage_healed":0,"gold_gain":0,"player_choice":"Bought 3 Potions","damage_taken":0,"max_hp_gain":0,"max_hp_loss":0,"event_name":"The Woman in Blue","floor":39,"gold_loss":0}],"is_beta":false,"boss_relics":[{"not_picked":["Philosopher\u0027s Stone","Astrolabe"],"picked":"WristBlade"},{"not_picked":["Runic Dome","Busted Crown"],"picked":"Sozu"}],"items_purged_floors":[7],"is_endless":false,"potions_floor_spawned":[1,8,11,18,25,28,37,38],"killed_by":"3 Darklings","ascension_level":0}