{"gold_per_floor":[119,119,119,130,15,15,26,26,105,115,115,15,28,47,47,47],"floor_reached":16,"playtime":373,"items_purged":["Strike_G","Strike_G"],"score":184,"play_id":"e61749c0-0807-4cff-9419-7c262cc36d7a","local_time":"20190123195851","is_ascension_mode":true,"campfire_choices":[{"data":"Skewer","floor":6.0,"key":"SMITH"},{"data":"Leg Sweep","floor":8.0,"key":"SMITH"},{"data":"Acrobatics","floor":11.0,"key":"SMITH"},{"data":"Calculated Gamble","floor":15,"key":"SMITH"}],"neow_cost":"PERCENT_DAMAGE","seed_source_timestamp":37385816260080,"circlet_count":0,"master_deck":["AscendersBane","Defend_G","Defend_G","Defend_G","Defend_G+1","Defend_G","Strike_G","Strike_G+1","Survivor","Neutralize","Adrenaline","Skewer+1","Leg Sweep+1","Acrobatics+1","Calculated Gamble+1"],"special_seed":0,"relics":["Ring of the Snake","Sundial"],"potions_floor_usage":[16],"damage_taken":[{"damage":5.0,"enemies":"Jaw Worm","floor":1.0,"turns":5.0},{"damage":0.0,"enemies":"Cultist","floor":4.0,"turns":3.0},{"damage":4.0,"enemies":"Small Slimes","floor":7.0,"turns":3.0},{"damage":0.0,"enemies":"2 Fungi Beasts","floor":10.0,"turns":3.0},{"damage":0.0,"enemies":"Exordium Wildlife","floor":13.0,"turns":4.0},{"damage":0,"enemies":"Red Slaver","floor":14,"turns":4},{"damage":34,"enemies":"Slime Boss","floor":16,"turns":7}],"seed_played":"-4705689437263381122","potions_obtained":[{"floor":4.0,"key":"Fire Potion"},{"floor":7.0,"key":"FairyPotion"}],"is_trial":false,"path_per_floor":["?","?","$","M"],"character_chosen":"THE_SILENT","items_purchased":["Leg Sweep"],"campfire_rested":0,"item_purchase_floors":[5],"current_hp_per_floor":[39,32,12,12,12,12,8,8,8,8,8,8,8,8,8,0],"gold":47,"neow_bonus":"THREE_RARE_CARDS","is_prod":false,"is_daily":false,"chose_seed":false,"campfire_upgraded":4,"win_rate":0,"timestamp":1548244731,"path_taken":["M","?","?","M","?","R","M","R","T","M","R","$","M","?","R","BOSS"],"build_version":"2019-01-22","purchased_purges":2,"victory":false,"max_hp_per_floor":[66,66,66,66,66,66,66,66,66,66,66,66,66,66,66,66],"card_choices":[{"not_picked":["Malaise","A Thousand Cuts"],"picked":"Adrenaline","floor":0.0},{"not_picked":["Flying Knee","Bouncing Flask"],"picked":"Skewer","floor":1.0},{"not_picked":["Flechettes","Caltrops","Skewer"],"picked":"SKIP","floor":4.0},{"not_picked":["Sucker Punch","PiercingWail","Bane"],"picked":"SKIP","floor":7.0},{"not_picked":["Endless Agony","All Out Attack"],"picked":"Acrobatics","floor":10.0},{"not_picked":["Quick Slash","Dash","PiercingWail"],"picked":"SKIP","floor":13},{"not_picked":["Flechettes","Bane"],"picked":"Calculated Gamble","floor":14}],"player_experience":1319977,"relics_obtained":[{"floor":9.0,"key":"Sundial"}],"event_choices":[{"cards_removed":["Strike_G"],"damage_healed":0.0,"max_hp_gain":0.0,"max_hp_loss":0.0,"gold_gain":0.0,"event_name":"Golden Wing","player_choice":"Card Removal","floor":2.0,"gold_loss":0.0,"damage_taken":7.0},{"damage_healed":0.0,"max_hp_gain":0.0,"max_hp_loss":0.0,"gold_gain":0.0,"event_name":"Shining Light","player_choice":"Entered Light","floor":3.0,"gold_loss":0.0,"damage_taken":20.0,"cards_upgraded":["Defend_G","Strike_G"]}],"is_beta":true,"boss_relics":[],"items_purged_floors":[5,12],"is_endless":false,"potions_floor_spawned":[4,7,13],"killed_by":"Slime Boss","ascension_level":20}