{"gold_per_floor":[16,16,16,27,37,37,49,49,129,129,129,139,64,64,64,168,168,186,86,1,18,18,18,29,29,98,25,25,41,41,51,51,155,155,166,166,41,51,51,51,70,70,70,70,70,85,101,115,115,115],"floor_reached":51,"playtime":1358,"items_purged":["Strike_G","Strike_G","Strike_G"],"score":712,"play_id":"d8c0f597-443b-4912-9a58-2e59f7f5657b","local_time":"20181031125048","is_ascension_mode":false,"campfire_choices":[{"data":"Deadly Poison","floor":6.0,"key":"SMITH"},{"data":"Neutralize","floor":8.0,"key":"SMITH"},{"data":"Leg Sweep","floor":10.0,"key":"SMITH"},{"data":"Survivor","floor":15.0,"key":"SMITH"},{"data":"Venomology","floor":23.0,"key":"SMITH"},{"data":"Escape Plan","floor":28.0,"key":"SMITH"},{"data":"Defend_G","floor":30.0,"key":"SMITH"},{"data":"Strike_G","floor":32.0,"key":"SMITH"}],"neow_cost":"NO_GOLD","seed_source_timestamp":10548792994560,"circlet_count":0,"master_deck":["Defend_G+1","Defend_G+1","Survivor+1","Neutralize+1","Leg Sweep+1","Deadly Poison+1","Backflip+1","Escape Plan+1","Venomology+1","Catalyst+1","Deadly Poison+1","Night Terror+1","Noxious Fumes+1","Finesse+1","Dark Shackles+1","Dark Shackles+1"],"special_seed":0,"relics":["Ring of the Snake","Frozen Egg 2","Runic Pyramid","Omamori","Nloth\u0027s Gift","Toxic Egg 2","Coffee Dripper","Pantograph"],"potions_floor_usage":[33,35,38,41,46,47,48,50],"damage_taken":[{"damage":0.0,"enemies":"2 Louse","floor":1.0,"turns":4.0},{"damage":0.0,"enemies":"Jaw Worm","floor":4.0,"turns":6.0},{"damage":0.0,"enemies":"Cultist","floor":5.0,"turns":5.0},{"damage":0.0,"enemies":"Blue Slaver","floor":7.0,"turns":4.0},{"damage":0.0,"enemies":"Large Slime","floor":12.0,"turns":6.0},{"damage":10.0,"enemies":"The Guardian","floor":16.0,"turns":10.0},{"damage":0.0,"enemies":"Spheric Guardian","floor":18.0,"turns":3.0},{"damage":0.0,"enemies":"Chosen","floor":21.0,"turns":4.0},{"damage":0.0,"enemies":"Snake Plant","floor":24.0,"turns":4.0},{"damage":0.0,"enemies":"Centurion and Healer","floor":29.0,"turns":5.0},{"damage":0.0,"enemies":"Chosen and Byrds","floor":31.0,"turns":4.0},{"damage":39,"enemies":"Automaton","floor":33,"turns":7},{"damage":0,"enemies":"Orb Walker","floor":35,"turns":3},{"damage":0,"enemies":"3 Shapes","floor":38,"turns":4},{"damage":0,"enemies":"Spire Growth","floor":41,"turns":2},{"damage":6,"enemies":"4 Shapes","floor":46,"turns":9},{"damage":0,"enemies":"3 Darklings","floor":47,"turns":5},{"damage":0,"enemies":"Maw","floor":48,"turns":2},{"damage":0,"enemies":"Donu and Deca","floor":50,"turns":6}],"seed_played":"-6440720551744565040","potions_obtained":[{"floor":1.0,"key":"Energy Potion"},{"floor":5.0,"key":"Swift Potion"},{"floor":7.0,"key":"GamblersBrew"},{"floor":41,"key":"Energy Potion"}],"is_trial":false,"path_per_floor":["M","?","?","M","M","R","M","R","T","R","?","M","$","?","R","B",null,"M","$","?","M","?","R","M","?","T","$","R","M","R","M","R","B",null,"M","?","$","M","?","R","M","R","T","?","R","M","M","M","R","B"],"character_chosen":"THE_SILENT","items_purchased":["Catalyst+1"],"campfire_rested":0,"item_purchase_floors":[27],"current_hp_per_floor":[70,75,68,68,68,68,68,68,68,68,68,68,68,68,68,58,75,75,75,75,75,75,75,75,75,75,75,75,75,75,75,75,36,75,75,71,71,71,71,71,71,71,71,61,61,55,55,55,55,71],"gold":115,"neow_bonus":"REMOVE_TWO","is_prod":false,"is_daily":false,"chose_seed":false,"campfire_upgraded":8,"win_rate":0,"timestamp":1540961448,"path_taken":["M","?","?","M","M","R","M","R","T","R","?","M","$","?","R","BOSS","M","$","?","M","?","R","M","?","T","$","R","?","R","M","R","BOSS","M","?","$","?","?","R","?","R","T","?","R","?","M","M","R","BOSS"],"build_version":"2018-10-25v2","purchased_purges":3,"victory":true,"max_hp_per_floor":[70,75,75,75,75,75,75,75,75,75,75,75,75,75,75,75,75,75,75,75,75,75,75,75,75,75,75,75,75,75,75,75,75,75,75,71,71,71,71,71,71,71,71,71,71,71,71,71,71,71],"card_choices":[{"not_picked":["Prepared","Bane"],"picked":"Leg Sweep","floor":1.0},{"not_picked":["Calculated Gamble","Underhanded Strike","Prepared"],"picked":"SKIP","floor":4.0},{"not_picked":["Tactician","Deflect"],"picked":"Deadly Poison","floor":5.0},{"not_picked":["Masterful Stab","Dagger Throw"],"picked":"Backflip","floor":7.0},{"not_picked":["PiercingWail","Deflect"],"picked":"Escape Plan","floor":12.0},{"not_picked":["Storm of Steel","Doppelganger"],"picked":"Venomology","floor":16.0},{"not_picked":["Flying Knee","Terror","Sucker Punch+1"],"picked":"SKIP","floor":18.0},{"not_picked":["Prepared+1","Flechettes","Reflex+1"],"picked":"SKIP","floor":21.0},{"not_picked":["Endless Agony","Flying Knee+1","Cloak And Dagger"],"picked":"SKIP","floor":24.0},{"not_picked":["Backstab","Storm of Steel+1","Expertise+1"],"picked":"SKIP","floor":29.0},{"not_picked":["Blade Dance+1","Dodge and Roll+1"],"picked":"Deadly Poison+1","floor":31.0},{"not_picked":["Unload","Wraith Form v2+1"],"picked":"Night Terror+1","floor":33},{"not_picked":["Dagger Spray+1","Underhanded Strike+1","Prepared+1"],"picked":"SKIP","floor":35},{"not_picked":["A Thousand Cuts+1","Bouncing Flask+1"],"picked":"Noxious Fumes+1","floor":38},{"not_picked":["Acrobatics+1","Choke+1","Doppelganger+1"],"picked":"SKIP","floor":41},{"not_picked":["Trip+1","Blind+1"],"picked":"Finesse+1","floor":44},{"not_picked":["Metamorphosis+1","Apotheosis+1"],"picked":"Dark Shackles+1","floor":44},{"not_picked":["Magnetism+1","Panacea+1"],"picked":"Dark Shackles+1","floor":44},{"not_picked":["Reflex+1","Deadly Poison+1","Setup+1"],"picked":"SKIP","floor":46},{"not_picked":["Underhanded Strike","Accuracy+1","Cloak And Dagger+1"],"picked":"SKIP","floor":47},{"not_picked":["Backflip+1","Heel Hook","Quick Slash"],"picked":"SKIP","floor":48}],"player_experience":771810,"relics_obtained":[{"floor":9.0,"key":"Frozen Egg 2"},{"floor":26.0,"key":"Toxic Egg 2"},{"floor":43,"key":"Pantograph"}],"event_choices":[{"damage_healed":0.0,"max_hp_gain":5.0,"max_hp_loss":0.0,"gold_gain":0.0,"event_name":"Big Fish","player_choice":"Donut","floor":2.0,"gold_loss":0.0,"damage_taken":0.0},{"cards_removed":["Defend_G"],"damage_healed":0.0,"max_hp_gain":0.0,"max_hp_loss":0.0,"gold_gain":0.0,"event_name":"Golden Wing","player_choice":"Card Removal","floor":3.0,"gold_loss":0.0,"damage_taken":7.0},{"damage_healed":0.0,"max_hp_gain":0.0,"max_hp_loss":0.0,"gold_gain":0.0,"event_name":"Dead Adventurer","player_choice":"Searched \u00271\u0027 times","floor":11.0,"gold_loss":0.0,"damage_taken":0.0,"relics_obtained":["War Paint"]},{"cards_removed":["Defend_G"],"damage_healed":0.0,"max_hp_gain":0.0,"max_hp_loss":0.0,"gold_gain":0.0,"event_name":"Purifier","player_choice":"Purged","floor":14.0,"gold_loss":0.0,"damage_taken":0.0},{"damage_healed":0.0,"max_hp_gain":0.0,"max_hp_loss":0.0,"gold_gain":0.0,"event_name":"Addict","player_choice":"Obtained Relic","floor":20.0,"gold_loss":85.0,"damage_taken":0.0,"relics_obtained":["Omamori"]},{"damage_healed":0.0,"max_hp_gain":0.0,"max_hp_loss":0.0,"gold_gain":0.0,"event_name":"Beggar","player_choice":"Ignored","floor":22.0,"gold_loss":0.0,"damage_taken":0.0},{"damage_healed":0.0,"max_hp_gain":0.0,"max_hp_loss":0.0,"gold_gain":0.0,"event_name":"N\u0027loth","player_choice":"Traded Relic","floor":25.0,"relics_lost":["War Paint"],"gold_loss":0.0,"damage_taken":0.0,"relics_obtained":["Nloth\u0027s Gift"]},{"damage_healed":0,"gold_gain":0,"player_choice":"Max HP","damage_taken":0,"max_hp_gain":0,"max_hp_loss":4,"event_name":"Winding Halls","floor":36,"gold_loss":0},{"cards_removed":["Strike_G"],"damage_healed":0,"gold_gain":0,"player_choice":"Removed Attack","damage_taken":0,"max_hp_gain":0,"max_hp_loss":0,"event_name":"Falling","floor":39,"gold_loss":0},{"damage_healed":0,"gold_gain":0,"player_choice":"Memory 3","damage_taken":10,"max_hp_gain":0,"max_hp_loss":0,"event_name":"SensoryStone","floor":44,"gold_loss":0}],"is_beta":false,"boss_relics":[{"not_picked":["Busted Crown","Snecko Eye"],"picked":"Runic Pyramid"},{"not_picked":["White Beast Statue","Runic Dome"],"picked":"Coffee Dripper"}],"items_purged_floors":[13,19,37],"is_endless":false,"potions_floor_spawned":[1,5,7,18,29,31,38,41,46],"ascension_level":0}