{"gold_per_floor":[117,133,149,74,90,90,90,90,90,90,90,109,124,135,135,135],"floor_reached":16,"playtime":332,"items_purged":["Defend_R"],"score":94,"play_id":"5eef1201-ad78-4275-be93-36f5d5cc9c86","local_time":"20181013220547","is_ascension_mode":false,"campfire_choices":[{"data":"Perfected Strike","floor":8,"key":"SMITH"},{"data":"Bash","floor":10,"key":"SMITH"},{"data":"Clash","floor":15,"key":"SMITH"}],"neow_cost":"NONE","seed_source_timestamp":47527126988807,"circlet_count":0,"master_deck":["Strike_R","Strike_R","Strike_R","Strike_R","Strike_R","Defend_R","Bash+1","Perfected Strike+1","Clash+1"],"relics":["Burning Blood","Blue Candle"],"potions_floor_usage":[3,14,16],"damage_taken":[{"damage":1,"enemies":"Cultist","floor":1,"turns":3},{"damage":9,"enemies":"2 Louse","floor":2,"turns":3},{"damage":11,"enemies":"Jaw Worm","floor":3,"turns":3},{"damage":34,"enemies":"Exordium Thugs","floor":5,"turns":6},{"damage":20,"enemies":"Exordium Wildlife","floor":12,"turns":4},{"damage":12,"enemies":"Gremlin Gang","floor":13,"turns":6},{"damage":3,"enemies":"Lots of Slimes","floor":14,"turns":2},{"damage":37,"enemies":"Hexaghost","floor":16,"turns":5}],"seed_played":"-8583266396329430749","potions_obtained":[{"floor":2,"key":"Fruit Juice"},{"floor":13,"key":"Explosive Potion"},{"floor":14,"key":"SteroidPotion"}],"is_trial":false,"path_per_floor":["M","M","M","$","M","?","?","R","T","R","$","M","M","M","R"],"character_chosen":"IRONCLAD","items_purchased":[],"campfire_rested":0,"item_purchase_floors":[],"current_hp_per_floor":[80,77,77,77,49,49,49,49,49,49,49,35,29,32,32,0],"gold":135,"neow_bonus":"REMOVE_CARD","is_prod":false,"is_daily":false,"chose_seed":false,"campfire_upgraded":3,"win_rate":0,"timestamp":1539439547,"path_taken":["M","M","M","$","?","?","?","R","T","R","$","M","?","M","R","BOSS"],"build_version":"2018-10-11","purchased_purges":1,"victory":false,"max_hp_per_floor":[80,80,85,85,85,85,85,85,85,85,85,85,85,85,85,85],"card_choices":[{"not_picked":["Twin Strike","Warcry"],"picked":"Perfected Strike","floor":1},{"not_picked":["Shockwave","Pummel","Iron Wave"],"picked":"SKIP","floor":2},{"not_picked":["Reckless Charge","Bloodletting","Armaments"],"picked":"SKIP","floor":3},{"not_picked":["Inflame","Rampage","Iron Wave"],"picked":"SKIP","floor":5},{"not_picked":["Inflame","Rampage","Iron Wave"],"picked":"SKIP","floor":5},{"not_picked":["Sword Boomerang","Fiend Fire","True Grit"],"picked":"SKIP","floor":12},{"not_picked":["Uppercut","Whirlwind"],"picked":"Clash","floor":13},{"not_picked":["Rampage","Second Wind","Twin Strike"],"picked":"SKIP","floor":14}],"player_experience":176563,"relics_obtained":[{"floor":9,"key":"Blue Candle"}],"event_choices":[{"event_name":"Bonfire Elementals","player_choice":"BASIC","floor":6,"damage_taken":0},{"event_name":"WeMeetAgain","player_choice":"Attack","floor":7,"damage_taken":0}],"is_beta":false,"boss_relics":[],"items_purged_floors":[4],"is_endless":false,"potions_floor_spawned":[2,13,14],"killed_by":"Hexaghost","ascension_level":0}