{"gold_per_floor":[116,133,143,159,1,1,36,36,36,36,1,1,16,30,30,106,106,123,106,6,0,100,100,112,112,112,132,132,132,151,165,165,239,239,253,253,353,368,243,243,261,261],"floor_reached":42,"playtime":3129,"items_purged":["Strike_R","Strike_R","Strike_R"],"score":978,"play_id":"56aa16f4-c9a6-408b-a371-80893065d804","local_time":"20190802050854","is_ascension_mode":true,"campfire_choices":[{"data":"Whirlwind","floor":6,"key":"SMITH"},{"data":"Body Slam","floor":10,"key":"SMITH"},{"data":"Entrench","floor":15,"key":"SMITH"},{"data":"Seeing Red","floor":23,"key":"SMITH"},{"data":"Spot Weakness","floor":25,"key":"SMITH"},{"floor":29,"key":"REST"},{"floor":32,"key":"REST"},{"data":"Limit Break","floor":40,"key":"SMITH"}],"neow_cost":"NONE","seed_source_timestamp":0,"circlet_count":0,"master_deck":["AscendersBane","Strike_R","Defend_R","Defend_R","Defend_R","Defend_R","Bash","Entrench+1","Pommel Strike","Whirlwind+1","Impervious","Body Slam+1","Spot Weakness+1","Heavy Blade","Impervious","Seeing Red+1","Limit Break+1","Inflame","Anger","Iron Wave+1","Shrug It Off","Demon Form","Secret Technique","Thinking Ahead"],"special_seed":0,"relics":["Burning Blood","Ancient Tea Set","Red Skull","White Beast Statue","Bird Faced Urn","Ornamental Fan","Velvet Choker","Calipers"],"potions_floor_usage":[7,16,19,24,24,33,33,37,37,42],"damage_taken":[{"damage":7,"enemies":"Jaw Worm","floor":1,"turns":6},{"damage":12,"enemies":"Small Slimes","floor":2,"turns":4},{"damage":6,"enemies":"Cultist","floor":3,"turns":3},{"damage":9,"enemies":"Blue Slaver","floor":4,"turns":5},{"damage":0,"enemies":"Gremlin Nob","floor":7,"turns":3},{"damage":14,"enemies":"Exordium Thugs","floor":13,"turns":5},{"damage":0,"enemies":"Looter","floor":14,"turns":2},{"damage":68,"enemies":"Hexaghost","floor":16,"turns":9},{"damage":29,"enemies":"Shell Parasite","floor":18,"turns":6},{"damage":0,"enemies":"2 Thieves","floor":19,"turns":4},{"damage":12,"enemies":"3 Cultists","floor":24,"turns":4},{"damage":28,"enemies":"Shelled Parasite and Fungi","floor":27,"turns":4},{"damage":0,"enemies":"Snake Plant","floor":30,"turns":3},{"damage":18,"enemies":"Cultist and Chosen","floor":31,"turns":5},{"damage":58,"enemies":"Collector","floor":33,"turns":9},{"damage":18,"enemies":"Orb Walker","floor":35,"turns":4},{"damage":18,"enemies":"Mind Bloom Boss Battle","floor":37,"turns":9},{"damage":10,"enemies":"3 Darklings","floor":38,"turns":6},{"damage":37,"enemies":"Sphere and 2 Shapes","floor":41,"turns":8},{"damage":24,"enemies":"Jaw Worm Horde","floor":42,"turns":1}],"seed_played":"3977786023856056095","potions_obtained":[{"floor":3,"key":"LiquidBronze"},{"floor":4,"key":"Poison Potion"},{"floor":13,"key":"FearPotion"},{"floor":18,"key":"SneckoOil"},{"floor":19,"key":"FearPotion"},{"floor":24,"key":"Dexterity Potion"},{"floor":27,"key":"SkillPotion"},{"floor":30,"key":"Strength Potion"},{"floor":33,"key":"BloodPotion"},{"floor":35,"key":"EssenceOfSteel"},{"floor":37,"key":"Dexterity Potion"},{"floor":38,"key":"Explosive Potion"}],"is_trial":false,"path_per_floor":["M","M","M","M","$","R","E","?","T","R","?","$","M","M","R","B",null,"M","M","$","?","?","R","M","R","T","M","?","R","M","M","R","B",null,"M","?","?","M","$","R","M","M"],"character_chosen":"IRONCLAD","items_purchased":["Spot Weakness","Heavy Blade"],"campfire_rested":2,"item_purchase_floors":[5,5],"current_hp_per_floor":[67,61,61,58,58,58,64,69,69,69,80,80,72,78,78,16,64,41,47,47,47,47,47,41,41,41,21,21,45,51,39,63,13,63,53,43,53,51,51,51,22,0],"gold":261,"neow_bonus":"TRANSFORM_CARD","is_prod":false,"is_daily":false,"chose_seed":false,"campfire_upgraded":6,"win_rate":0,"timestamp":1564740534,"path_taken":["M","M","M","M","$","R","E","?","T","R","?","?","M","M","R","BOSS","M","M","$","?","?","R","?","R","T","M","?","R","?","M","R","BOSS","M","?","?","M","$","R","M","M"],"build_version":"2019-07-17","purchased_purges":3,"victory":false,"max_hp_per_floor":[75,75,75,75,75,75,75,80,80,80,80,80,80,80,80,80,80,80,80,80,80,80,80,80,80,80,80,80,80,80,80,80,80,80,80,80,80,80,80,80,80,80],"card_choices":[{"not_picked":["Flex","Clash"],"picked":"Pommel Strike","floor":1},{"not_picked":["Second Wind","True Grit"],"picked":"Whirlwind","floor":2},{"not_picked":["Cleave","Dual Wield"],"picked":"Impervious","floor":3},{"not_picked":["Havoc","True Grit"],"picked":"Body Slam","floor":4},{"not_picked":["Armaments","Sever Soul"],"picked":"Impervious","floor":7},{"not_picked":["Perfected Strike","Heavy Blade"],"picked":"Seeing Red","floor":13},{"not_picked":["Wild Strike","Warcry","Entrench"],"picked":"SKIP","floor":14},{"not_picked":["Exhume","Impervious"],"picked":"Limit Break","floor":16},{"not_picked":["Clash","Heavy Blade"],"picked":"Inflame","floor":18},{"not_picked":["Armaments","Wild Strike"],"picked":"Anger","floor":19},{"not_picked":["Infernal Blade","Carnage","Warcry"],"picked":"SKIP","floor":24},{"not_picked":["Pommel Strike","Wild Strike"],"picked":"Iron Wave+1","floor":27},{"not_picked":["Pommel Strike","Cleave"],"picked":"Shrug It Off","floor":30},{"not_picked":["Havoc","Warcry","Infernal Blade"],"picked":"SKIP","floor":31},{"not_picked":["Bludgeon","Juggernaut"],"picked":"Demon Form","floor":33},{"not_picked":["Headbutt","Perfected Strike","Twin Strike"],"picked":"SKIP","floor":35},{"not_picked":["Forethought","Flash of Steel"],"picked":"Secret Technique","floor":36},{"not_picked":["Finesse","Metamorphosis"],"picked":"Thinking Ahead","floor":36},{"not_picked":["Perfected Strike","Flex+1","Cleave"],"picked":"SKIP","floor":38},{"not_picked":["Evolve","Warcry","Corruption+1"],"picked":"SKIP","floor":41}],"player_experience":416384,"relics_obtained":[{"floor":7,"key":"Ancient Tea Set"},{"floor":9,"key":"Red Skull"},{"floor":26,"key":"Bird Faced Urn"},{"floor":37,"key":"Calipers"}],"event_choices":[{"damage_healed":0,"gold_gain":0,"player_choice":"Donut","damage_taken":0,"max_hp_gain":5,"max_hp_loss":0,"event_name":"Big Fish","floor":8,"gold_loss":0},{"damage_healed":20,"gold_gain":0,"player_choice":"Healed","damage_taken":0,"max_hp_gain":0,"max_hp_loss":0,"event_name":"The Cleric","floor":11,"gold_loss":35},{"damage_healed":0,"gold_gain":0,"player_choice":"Paid Fearfully","damage_taken":0,"max_hp_gain":0,"max_hp_loss":0,"event_name":"Masked Bandits","floor":21,"gold_loss":6},{"damage_healed":0,"gold_gain":100,"player_choice":"Pray","damage_taken":0,"max_hp_gain":0,"max_hp_loss":0,"event_name":"Golden Shrine","floor":22,"gold_loss":0},{"damage_healed":0,"gold_gain":0,"player_choice":"Gave Potion","damage_taken":0,"relics_obtained":["Ornamental Fan"],"max_hp_gain":0,"max_hp_loss":0,"event_name":"WeMeetAgain","floor":28,"gold_loss":0},{"damage_healed":0,"gold_gain":0,"player_choice":"Memory 3","damage_taken":10,"max_hp_gain":0,"max_hp_loss":0,"event_name":"SensoryStone","floor":36,"gold_loss":0},{"damage_healed":0,"gold_gain":0,"player_choice":"Fight","damage_taken":0,"max_hp_gain":0,"max_hp_loss":0,"event_name":"MindBloom","floor":37,"gold_loss":0}],"is_beta":false,"boss_relics":[{"not_picked":["Eternal Feather","Empty Cage"],"picked":"White Beast Statue"},{"not_picked":["Lizard Tail","Coffee Dripper"],"picked":"Velvet Choker"}],"items_purged_floors":[5,20,39],"is_endless":false,"potions_floor_spawned":[3,4,13,14,18,19,24,27,30,31,33,35,37,38,41],"killed_by":"Jaw Worm Horde","ascension_level":14}