{"gold_per_floor":[113,38,38,77,97,97,126,126,148,169,185,199,199,217,217,300,300,321,335,260,277,277,277,291,291,337,355,355,369,381,402,402,402],"floor_reached":33,"playtime":1004,"items_purged":[],"score":636,"play_id":"157a827b-8ae2-4881-9b1b-c905f595e9d5","local_time":"20190129161825","is_ascension_mode":true,"campfire_choices":[{"data":"Bouncing Flask","floor":6.0,"key":"SMITH"},{"data":"Neutralize","floor":8.0,"key":"SMITH"},{"data":"Corpse Explosion","floor":13.0,"key":"SMITH"},{"data":"Calculated Gamble","floor":15.0,"key":"SMITH"},{"floor":23.0,"key":"REST"},{"floor":25.0,"key":"RECALL"},{"data":"Catalyst","floor":28.0,"key":"SMITH"},{"floor":32.0,"key":"REST"}],"neow_cost":"NONE","seed_source_timestamp":20151787384189,"circlet_count":0,"master_deck":["AscendersBane","Defend_G","Defend_G","Defend_G","Defend_G","Defend_G","Strike_G","Strike_G","Strike_G","Survivor+1","Neutralize+1","Bouncing Flask+1","Corpse Explosion+1","Calculated Gamble+1","Acrobatics+1","Crippling Poison+1","Catalyst+1"],"special_seed":0,"relics":["Ring of the Snake","AscMod:CursedBank","AscMod:StarOfAscension","NeowsBlessing","Golden Idol","Ancient Tea Set","Ninja Scroll","Art of War","Snecko Eye"],"potions_floor_usage":[],"damage_taken":[{"damage":0.0,"enemies":"Small Slimes","floor":1.0,"turns":1.0},{"damage":0.0,"enemies":"2 Louse","floor":5.0,"turns":1.0},{"damage":0.0,"enemies":"3 Sentries","floor":7.0,"turns":1.0},{"damage":0.0,"enemies":"Jaw Worm","floor":10.0,"turns":3.0},{"damage":0.0,"enemies":"Gremlin Gang","floor":11.0,"turns":2.0},{"damage":1.0,"enemies":"Blue Slaver","floor":12.0,"turns":4.0},{"damage":0.0,"enemies":"Red Slaver","floor":14.0,"turns":2.0},{"damage":21.0,"enemies":"Hexaghost","floor":16.0,"turns":9.0},{"damage":4.0,"enemies":"3 Byrds","floor":18.0,"turns":3.0},{"damage":24.0,"enemies":"Shell Parasite","floor":19.0,"turns":3.0},{"damage":6.0,"enemies":"Sentry and Sphere","floor":21.0,"turns":3.0},{"damage":8.0,"enemies":"Snake Plant","floor":24.0,"turns":3.0},{"damage":0.0,"enemies":"Snecko","floor":27.0,"turns":4.0},{"damage":2.0,"enemies":"Centurion and Healer","floor":29.0,"turns":3.0},{"damage":13.0,"enemies":"Sentry and Sphere","floor":30.0,"turns":3.0},{"damage":7.0,"enemies":"Snake Plant","floor":31.0,"turns":3.0},{"damage":43,"enemies":"Collector","floor":33,"turns":5}],"seed_played":"-4200354621886012451","potions_obtained":[{"floor":7.0,"key":"EssenceOfSteel"},{"floor":11.0,"key":"SkillPotion"},{"floor":21.0,"key":"EssenceOfSteel"}],"is_trial":false,"path_per_floor":["M","?","?","T","M","R","E","R","T","M","M","M","R","M","R","B",null,"M","M","?","M","?","R","M","R","T","M","R","M","M","M","R","B"],"character_chosen":"THE_SILENT","items_purchased":[],"campfire_rested":2,"item_purchase_floors":[],"current_hp_per_floor":[59,59,59,59,59,59,59,59,59,59,59,58,58,58,58,37,54,50,26,26,20,20,38,30,30,30,30,30,28,15,8,26,0],"gold":402,"neow_bonus":"THREE_ENEMY_KILL","is_prod":false,"is_daily":false,"chose_seed":false,"campfire_upgraded":5,"win_rate":0,"timestamp":1548749905,"path_taken":["M","?","?","?","?","R","E","R","T","M","M","M","R","M","R","BOSS","M","M","?","M","?","R","M","R","T","M","R","M","M","M","R","BOSS"],"build_version":"2019-01-23","purchased_purges":0,"victory":false,"max_hp_per_floor":[66,66,60,60,60,60,60,60,60,60,60,60,60,60,60,60,60,60,60,60,60,60,60,60,60,60,60,60,60,60,60,60,60],"card_choices":[{"not_picked":["Deadly Poison","Outmaneuver"],"picked":"Bouncing Flask","floor":1.0},{"not_picked":["Flying Knee","Noxious Fumes"],"picked":"Corpse Explosion","floor":5.0},{"not_picked":["Underhanded Strike","Poisoned Stab"],"picked":"Calculated Gamble","floor":7.0},{"not_picked":["Dodge and Roll","Phantasmal Killer","Bane"],"picked":"SKIP","floor":10.0},{"not_picked":["Blade Dance","Underhanded Strike","Masterful Stab"],"picked":"SKIP","floor":11.0},{"not_picked":["Acrobatics","Poisoned Stab","Prepared"],"picked":"SKIP","floor":12.0},{"not_picked":["Sucker Punch","PiercingWail","Blade Dance"],"picked":"SKIP","floor":14.0},{"not_picked":["Backflip","Outmaneuver"],"picked":"Acrobatics+1","floor":18.0},{"not_picked":["Eviscerate","Backstab"],"picked":"Crippling Poison+1","floor":19.0},{"not_picked":["Backflip","Flying Knee","Prepared"],"picked":"SKIP","floor":21.0},{"not_picked":["Accuracy","PiercingWail","Eviscerate"],"picked":"SKIP","floor":24.0},{"not_picked":["Blade Dance","Prepared+1"],"picked":"Catalyst","floor":27.0},{"not_picked":["PiercingWail","Choke+1","Dodge and Roll+1"],"picked":"SKIP","floor":29.0},{"not_picked":["Sucker Punch","Eviscerate","Blade Dance+1"],"picked":"SKIP","floor":30.0},{"not_picked":["Skewer","Acrobatics","Poisoned Stab"],"picked":"SKIP","floor":31.0}],"player_experience":2375249,"relics_obtained":[{"floor":4.0,"key":"Ancient Tea Set"},{"floor":7.0,"key":"Ninja Scroll"},{"floor":9.0,"key":"Art of War"}],"event_choices":[{"cards_removed":["Strike_G"],"damage_healed":0.0,"max_hp_gain":0.0,"max_hp_loss":0.0,"gold_gain":0.0,"event_name":"The Cleric","player_choice":"Card Removal","floor":2.0,"gold_loss":75.0,"damage_taken":0.0},{"damage_healed":0.0,"max_hp_gain":0.0,"max_hp_loss":6.0,"gold_gain":0.0,"event_name":"Golden Idol","player_choice":"Lose Max HP","floor":3.0,"gold_loss":0.0,"damage_taken":0.0,"relics_obtained":["Golden Idol"]},{"cards_removed":["Strike_G"],"damage_healed":0.0,"max_hp_gain":0.0,"max_hp_loss":0.0,"gold_gain":0.0,"event_name":"Beggar","player_choice":"Gave Gold","floor":20.0,"gold_loss":75.0,"damage_taken":0.0},{"damage_healed":0.0,"max_hp_gain":0.0,"max_hp_loss":0.0,"gold_gain":0.0,"event_name":"Upgrade Shrine","player_choice":"Upgraded","floor":22.0,"gold_loss":0.0,"damage_taken":0.0,"cards_upgraded":["Survivor"]}],"is_beta":false,"boss_relics":[{"not_picked":["HoveringKite","WristBlade"],"picked":"Snecko Eye"}],"items_purged_floors":[],"is_endless":false,"potions_floor_spawned":[7,11,12,18,21,27],"killed_by":"Collector","ascension_level":22}