{"gold_per_floor":[115,125,142,159,159,159,27,53,79,0,0,12,12,12,12,12],"floor_reached":16,"playtime":270,"items_purged":["Strike_B"],"score":200,"play_id":"2b40d85b-26e9-4c1e-ae0f-c32f6be43b8c","local_time":"20190223011235","is_ascension_mode":true,"campfire_choices":[{"data":"Hologram","floor":6,"key":"SMITH"},{"data":"Coolheaded","floor":11,"key":"SMITH"},{"floor":15,"key":"REST"}],"neow_cost":"NONE","seed_source_timestamp":451186198628324,"circlet_count":0,"master_deck":["AscendersBane","Strike_B","Strike_B","Strike_B","Defend_B","Defend_B","Defend_B","Defend_B","Zap","Dualcast","Hologram+1","Blizzard","Beam Cell","Electrodynamics","Coolheaded+1","Coolheaded","Self Repair"],"relics":["Cracked Core","NeowsBlessing","Oddly Smooth Stone","Happy Flower"],"potions_floor_usage":[8,12,12],"damage_taken":[{"damage":0,"enemies":"Jaw Worm","floor":1,"turns":1},{"damage":0,"enemies":"Cultist","floor":2,"turns":1},{"damage":0,"enemies":"2 Louse","floor":3,"turns":1},{"damage":16,"enemies":"Exordium Wildlife","floor":4,"turns":4},{"damage":17,"enemies":"Lagavulin","floor":8,"turns":6},{"damage":16,"enemies":"Gremlin Gang","floor":12,"turns":4},{"damage":32,"enemies":"The Guardian","floor":16,"turns":2}],"seed_played":"3247666713668150478","potions_obtained":[{"floor":2,"key":"EssenceOfSteel"},{"floor":4,"key":"FocusPotion"},{"floor":8,"key":"EssenceOfSteel"}],"is_trial":false,"path_per_floor":["M","M","M","M","?","R","$","E","T","$","R","M","?","$","R","B"],"character_chosen":"DEFECT","items_purchased":["Coolheaded","Self Repair"],"campfire_rested":1,"item_purchase_floors":[7,10],"current_hp_per_floor":[64,64,64,48,38,38,38,21,21,21,21,5,5,5,26,0],"gold":12,"neow_bonus":"THREE_ENEMY_KILL","is_prod":false,"is_daily":false,"chose_seed":false,"campfire_upgraded":2,"win_rate":0,"timestamp":1550855555,"path_taken":["M","M","M","M","?","R","$","E","T","?","R","M","?","$","R","BOSS"],"build_version":"2019-01-23","purchased_purges":1,"victory":false,"max_hp_per_floor":[71,71,71,71,71,71,71,71,71,71,71,71,71,71,71,71],"card_choices":[{"not_picked":["Streamline","Stack"],"picked":"Hologram","floor":1},{"not_picked":["Rip and Tear","Rebound"],"picked":"Blizzard","floor":2},{"not_picked":["Hologram","Rebound"],"picked":"Beam Cell","floor":3},{"not_picked":["Auto Shields","Hologram"],"picked":"Electrodynamics","floor":4},{"not_picked":["Beam Cell","Barrage"],"picked":"Coolheaded","floor":8},{"not_picked":["Redo","Chaos","Rebound"],"picked":"SKIP","floor":12}],"player_experience":923830,"relics_obtained":[{"floor":8,"key":"Oddly Smooth Stone"},{"floor":9,"key":"Happy Flower"}],"event_choices":[{"damage_healed":0,"gold_gain":0,"player_choice":"Damaged","damage_taken":10,"max_hp_gain":0,"max_hp_loss":0,"event_name":"Wheel of Change","floor":5,"gold_loss":0},{"damage_healed":0,"gold_gain":0,"player_choice":"Leave","damage_taken":0,"max_hp_gain":0,"max_hp_loss":0,"event_name":"The Cleric","floor":13,"gold_loss":0}],"is_beta":false,"boss_relics":[],"items_purged_floors":[7],"is_endless":false,"potions_floor_spawned":[2,4,8],"killed_by":"The Guardian","ascension_level":20}