{"gold_per_floor":[116,135,135,135,154,154,168,168,214,214,241,113,138,148,148,250,250,263,213,227,247,247,247,266,266,337,337,337,357,357,385,385,482,482,494,545,495,509,459,484,484,496,520,520,551,180,200,213,213,213],"floor_reached":51,"playtime":1616,"items_purged":["Strike_G","Strike_G","Defend_G","Strike_G","Defend_G"],"score":850,"play_id":"6c5cbc18-f4c0-4659-8f39-6666971df36b","local_time":"20181023104334","is_ascension_mode":false,"campfire_choices":[{"data":"Poisoned Stab","floor":6,"key":"SMITH"},{"data":"Neutralize","floor":8,"key":"SMITH"},{"data":"All Out Attack","floor":10,"key":"SMITH"},{"data":"Catalyst","floor":15,"key":"SMITH"},{"data":"Well Laid Plans","floor":23,"key":"SMITH"},{"data":"Wraith Form v2","floor":25,"key":"SMITH"},{"data":"Noxious Fumes","floor":27,"key":"SMITH"},{"data":"Noxious Fumes","floor":32,"key":"SMITH"},{"data":"Glass Knife","floor":41,"key":"SMITH"},{"data":"Leg Sweep","floor":44,"key":"SMITH"},{"data":"Magnetism","floor":49,"key":"SMITH"}],"neow_cost":"NONE","seed_source_timestamp":3697223677429,"circlet_count":0,"master_deck":["Defend_G+1","Defend_G","Strike_G","Survivor","Neutralize+1","All Out Attack+1","Poisoned Stab+1","Wraith Form v2+1","Noxious Fumes+1","Noxious Fumes+1","Catalyst+1","Corpse Explosion","Backflip","Well Laid Plans+1","Grand Finale","Leg Sweep+1","Ghostly","Ghostly+1","Ghostly","Ghostly","Ghostly","Glass Knife+1","Magnetism+1","Parasite","Distraction+1"],"relics":["Ring of the Snake","NeowsBlessing","Strawberry","Boot","Smiling Mask","Happy Flower","Busted Crown","Letter Opener","War Paint","Runic Pyramid","Nunchaku","Unceasing Top","Potion Belt","Gremlin Horn","Oddly Smooth Stone"],"potions_floor_usage":[24,50],"damage_taken":[{"damage":0,"enemies":"Small Slimes","floor":1,"turns":1},{"damage":0,"enemies":"2 Louse","floor":2,"turns":1},{"damage":0,"enemies":"Jaw Worm","floor":5,"turns":1},{"damage":2,"enemies":"2 Fungi Beasts","floor":7,"turns":4},{"damage":10,"enemies":"Lagavulin","floor":11,"turns":6},{"damage":12,"enemies":"3 Sentries","floor":13,"turns":7},{"damage":0,"enemies":"Large Slime","floor":14,"turns":5},{"damage":35,"enemies":"Slime Boss","floor":16,"turns":9},{"damage":10,"enemies":"Shell Parasite","floor":18,"turns":3},{"damage":0,"enemies":"2 Thieves","floor":20,"turns":3},{"damage":0,"enemies":"Snecko","floor":21,"turns":4},{"damage":7,"enemies":"Snake Plant","floor":24,"turns":4},{"damage":0,"enemies":"Centurion and Healer","floor":29,"turns":4},{"damage":0,"enemies":"Gremlin Leader","floor":31,"turns":5},{"damage":10,"enemies":"Champ","floor":33,"turns":8},{"damage":0,"enemies":"3 Shapes","floor":35,"turns":3},{"damage":0,"enemies":"2 Orb Walkers","floor":36,"turns":4},{"damage":0,"enemies":"Orb Walker","floor":38,"turns":3},{"damage":0,"enemies":"Giant Head","floor":40,"turns":9},{"damage":0,"enemies":"Transient","floor":42,"turns":5},{"damage":0,"enemies":"Reptomancer","floor":45,"turns":6},{"damage":0,"enemies":"Writhing Mass","floor":47,"turns":5},{"damage":0,"enemies":"4 Shapes","floor":48,"turns":3},{"damage":20,"enemies":"Time Eater","floor":50,"turns":13}],"seed_played":"-4608758552453883898","potions_obtained":[{"floor":1,"key":"Weak Potion"},{"floor":5,"key":"PowerPotion"},{"floor":13,"key":"SkillPotion"},{"floor":20,"key":"Explosive Potion"},{"floor":33,"key":"Block Potion"},{"floor":45,"key":"SteroidPotion"}],"is_trial":false,"path_per_floor":["M","M","?","?","M","R","M","R","T","R","E","$","?","M","R","B",null,"M","$","M","M","?","R","M","R","T","R","?","M","?","E","R","B",null,"M","?","$","M","$","E","R","M","T","R","E","$","M","M","R","B"],"character_chosen":"THE_SILENT","items_purchased":["Noxious Fumes","Oddly Smooth Stone","Magnetism"],"campfire_rested":0,"item_purchase_floors":[12,46,46],"current_hp_per_floor":[70,70,70,75,75,75,73,73,73,73,63,63,51,51,51,16,82,72,72,72,72,72,72,65,65,65,65,65,65,41,41,41,31,41,41,41,41,41,41,41,41,41,41,41,41,41,41,41,41,21],"gold":213,"neow_bonus":"THREE_ENEMY_KILL","is_prod":false,"is_daily":false,"chose_seed":false,"campfire_upgraded":11,"win_rate":0,"timestamp":1540262614,"path_taken":["M","M","?","?","?","R","?","R","T","R","E","$","?","M","R","BOSS","M","$","M","M","?","R","?","R","T","R","?","M","?","E","R","BOSS","M","?","$","M","$","E","R","M","T","R","E","$","?","M","R","BOSS"],"build_version":"2018-10-18","purchased_purges":5,"victory":true,"max_hp_per_floor":[70,70,77,82,82,82,82,82,82,82,82,82,82,82,82,82,82,82,82,82,82,82,82,82,82,82,82,82,82,41,41,41,41,41,41,41,41,41,41,41,41,41,41,41,41,41,41,41,41,41],"card_choices":[{"not_picked":["Acrobatics","Blade Dance"],"picked":"All Out Attack","floor":1},{"not_picked":["Flying Knee","Outmaneuver"],"picked":"Poisoned Stab","floor":2},{"not_picked":["Storm of Steel","Dodge and Roll","Heel Hook"],"picked":"SKIP","floor":5},{"not_picked":["Dagger Throw","Deflect","Concentrate"],"picked":"SKIP","floor":7},{"not_picked":["Outmaneuver","Endless Agony"],"picked":"Wraith Form v2","floor":11},{"not_picked":["Underhanded Strike","Deadly Poison"],"picked":"Noxious Fumes","floor":13},{"not_picked":["Caltrops","Acrobatics"],"picked":"Catalyst","floor":14},{"not_picked":["Glass Knife","Envenom"],"picked":"Corpse Explosion","floor":16},{"not_picked":[],"picked":"Backflip","floor":18},{"not_picked":[],"picked":"Well Laid Plans","floor":20},{"not_picked":["Dagger Throw+1"],"picked":"SKIP","floor":21},{"not_picked":["Blade Dance"],"picked":"SKIP","floor":24},{"not_picked":["Heel Hook"],"picked":"SKIP","floor":29},{"not_picked":["Bane"],"picked":"SKIP","floor":31},{"not_picked":[],"picked":"Glass Knife","floor":33},{"not_picked":["Underhanded Strike"],"picked":"SKIP","floor":35},{"not_picked":["Riddle With Holes"],"picked":"SKIP","floor":38},{"not_picked":["Dodge and Roll"],"picked":"SKIP","floor":40},{"not_picked":["Backstab+1"],"picked":"SKIP","floor":42},{"not_picked":["Blade Dance"],"picked":"SKIP","floor":45},{"not_picked":["Distraction+1"],"picked":"SKIP","floor":47},{"not_picked":[],"picked":"Distraction+1","floor":47},{"not_picked":["Masterful Stab"],"picked":"SKIP","floor":48}],"player_experience":545745,"relics_obtained":[{"floor":9,"key":"Boot"},{"floor":11,"key":"Smiling Mask"},{"floor":13,"key":"Happy Flower"},{"floor":26,"key":"Letter Opener"},{"floor":31,"key":"War Paint"},{"floor":36,"key":"Nunchaku"},{"floor":40,"key":"Unceasing Top"},{"floor":43,"key":"Potion Belt"},{"floor":45,"key":"Gremlin Horn"}],"event_choices":[{"damage_healed":0,"gold_gain":0,"player_choice":"Success","damage_taken":7,"relics_obtained":["Strawberry"],"max_hp_gain":0,"max_hp_loss":0,"event_name":"Scrap Ooze","floor":3,"gold_loss":0},{"damage_healed":0,"gold_gain":0,"player_choice":"Donut","damage_taken":0,"max_hp_gain":5,"max_hp_loss":0,"event_name":"Big Fish","floor":4,"gold_loss":0},{"damage_healed":0,"gold_gain":30,"player_choice":"Searched \u00273\u0027 times","damage_taken":0,"max_hp_gain":0,"max_hp_loss":0,"event_name":"Dead Adventurer","floor":13,"gold_loss":0},{"damage_healed":0,"gold_gain":0,"cards_transformed":["Strike_G","Defend_G"],"player_choice":"Became Test Subject","damage_taken":0,"max_hp_gain":0,"max_hp_loss":0,"event_name":"Drug Dealer","floor":22,"gold_loss":0,"cards_obtained":["Grand Finale","Leg Sweep"]},{"damage_healed":0,"gold_gain":0,"player_choice":"Ignored","damage_taken":0,"max_hp_gain":0,"max_hp_loss":0,"event_name":"Vampires","floor":28,"gold_loss":0},{"damage_healed":0,"gold_gain":0,"player_choice":"Became a Ghost","damage_taken":0,"max_hp_gain":0,"max_hp_loss":41,"event_name":"Ghosts","floor":30,"gold_loss":0,"cards_obtained":["Ghostly","Ghostly","Ghostly","Ghostly","Ghostly"]},{"damage_healed":0,"gold_gain":0,"player_choice":"Fight","damage_taken":0,"max_hp_gain":0,"max_hp_loss":0,"event_name":"Mysterious Sphere","floor":36,"gold_loss":0}],"is_beta":false,"boss_relics":[{"not_picked":["Lizard Tail","Fusion Hammer"],"picked":"Busted Crown"},{"not_picked":["Black Star","Empty Cage"],"picked":"Runic Pyramid"}],"items_purged_floors":[12,19,37,39,46],"is_endless":false,"potions_floor_spawned":[1,5,13,14,20,21,33,35,40,45],"ascension_level":0}